4425 6000
486 535 560 588 toa
732 505 1731 587 Tuaenutlurusrtrra&acaum

439 611 487 694 pit
505 610 591 676 Deus
610 604 1202 685 unicuiquedeproximosuoudmuia
1236 607 1276 672 da
1292 626 1424 685 nequeat
1440 609 1479 673 ad
1499 607 1592 687 ipsum
1625 607 1824 687 transmitti,
1856 612 1913 676 nist
1935 637 2005 685 tntu

440 711 480 761 eo
499 688 682 769 potissimum
703 691 803 758 tendit
830 688 881 752 lex
900 684 1080 756 Christianae
1101 686 1202 755 cbari-
1236 688 1451 753 excedentibus
1470 691 1608 765 expensis
1630 737 1638 764 ,
1668 692 1719 756 vel
1736 688 1823 764 ipsius
1844 696 1887 756 rei
1917 699 2005 763 valo.-

440 775 517 839 tatis
537 767 586 833 seu
602 765 770 839 duellionis
792 784 828 835 ut
855 769 986 845 proximi
1006 769 1127 835 ruinam
1147 770 1203 829 im·
1237 787 1301 836 rem
1321 769 1569 844 adversantibus.
1600 770 1682 836 Nam
1703 788 1779 838 tunc
1810 773 2003 848 expedienda

441 850 614 933 pedianus.
644 848 718 919 Non
741 865 898 916 averteret
921 864 1026 912 autem
1051 864 1202 923 quantum
1238 844 1282 911 ell
1300 852 1485 916 commodior
1504 848 1620 916 occasio
1641 848 1862 915 restitutionis.
1892 859 2002 929 Quan-

441 929 540 1009 potest
562 928 612 993 vel
630 930 662 991 in
679 926 883 1004 spiritualibus
900 974 911 1006 ,
926 927 976 991 vel
997 927 1028 988 in
1048 944 1202 1003 ternpore-
1215 926 1279 997 rdo
1298 948 1361 991 non
1372 927 1501 993 „constat
1524 930 1561 993 de
1591 947 1667 993 teto
1685 929 1809 994 domino
1825 979 1846 1008 ,,
1862 928 2003 1003 facienda

440 1010 518 1082 libus
537 1010 681 1079 damnum
705 1014 755 1086 qui
782 1008 907 1071 domino
934 1026 1000 1070 rem
1026 1005 1201 1071 restitueret
1236 1004 1281 1069 eli
1301 1008 1425 1087 diligens
1450 1008 1605 1084 inquisitio
1629 1008 1757 1075 adeum
1781 1013 2002 1080 inveniendum

439 1110 530 1168 quarn
543 1089 709 1171 prudenter
728 1087 841 1159 iudicat
861 1084 914 1164 ipsi
939 1103 995 1150 aut
1024 1085 1115 1158 alteri
1136 1083 1201 1150 fore
1238 1084 1481 1155 iuxrabonorum
1492 1090 1674 1164 qualitatem
1686 1135 1696 1166 ,
1709 1091 1916 1157 leumaiorern
1925 1129 1941 1171 ,-
1950 1095 2001 1161 rel

438 1172 583 1237 malam.
612 1169 660 1233 Sic
688 1167 779 1239 docet
801 1168 898 1231 eriam
928 1164 967 1229 D.
990 1163 1101 1231 Thom.
1133 1165 1201 1230 loco
1237 1168 1387 1233 minorem
1415 1169 1591 1236 eorumdem
1622 1169 1790 1257 valorem,
1813 1172 1883 1245 quia
1915 1190 2001 1238 ante·

439 1254 493 1317 eit.
510 1247 636 1329 Quando
661 1268 709 1312 res
738 1246 916 1326 restituenda
930 1258 1049 1325 appares
1062 1245 1116 1326 effe
1131 1267 1199 1325 gra·
1235 1267 1327 1323 quam
1342 1242 1418 1317 faeta
1438 1247 1474 1311 srt
1492 1248 1564 1324 talis
1592 1251 1750 1325 inquisitio
1774 1252 1915 1315 dominus
1938 1273 2000 1321 nou

422 1329 522 1396 *vito
540 1328 647 1397 nmina
665 1327 693 1398 ,ti
710 1375 720 1405 ,
742 1328 790 1394 cui
813 1326 953 1406 resilieris
965 1322 1110 1406 facienda
1128 1328 1167 1405 ess
1187 1374 1200 1405 ,
1236 1323 1389 1391 habendus
1403 1325 1447 1392 est
1463 1346 1498 1391 ut
1520 1331 1658 1406 ignotus.
1986 1377 1991 1395 .

436 1410 492 1474 oti
507 1407 597 1478 alteri
616 1456 624 1483 ,
652 1407 724 1489 quia
742 1405 883 1483 ,restitutio
902 1405 1060 1475 ordinatur
1077 1408 1120 1475 ad
1138 1407 1198 1476 rrir'·
1273 1406 1429 1486 Quonim
1445 1455 1455 1486 ,
1471 1406 1543 1473 idest
1559 1426 1594 1481 ut
1612 1427 1735 1474 tantum
1757 1410 1885 1485 recipiat
1905 1410 1999 1486 credi·

438 1487 645 1563 liraitmer'rrr,
662 1486 713 1559 rei
727 1486 908 1567 restituitur.
924 1489 1117 1562 Necramtn,
1134 1487 1197 1549 sub
1237 1504 1309 1561 tor,
1329 1504 1479 1560 quantum
1501 1493 1546 1551 ius
1563 1488 1653 1552 babet
1672 1487 1835 1565 recipiendi
1852 1538 1861 1568 ,
1879 1490 1934 1555 vel
1961 1510 1999 1559 ert

437 1571 535 1646 iungit
552 1566 580 1630 S.
599 1566 628 1635 D
655 1565 739 1636 debet
753 1567 808 1637 r'ilt
824 1614 833 1641 ,
852 1566 904 1642 qui
917 1564 1029 1630 desinet
1044 1585 1106 1630 reru
1123 1564 1198 1630 alie·
1234 1563 1295 1635 ase
1311 1564 1392 1630 datis
1410 1614 1420 1645 ,
1445 1566 1495 1630 vel
1516 1565 1631 1643 abipso
1654 1566 1762 1642 ablatis
1785 1568 1835 1632 vel
1856 1568 1998 1644 damnifi-

436 1648 506 1712 nrm
530 1666 596 1717 tam
617 1644 674 1727 fibi
688 1647 898 1727 appropriare,
913 1643 974 1734 sed
999 1644 1197 1727 reservaretis
1234 1643 1302 1725 tis,·
1338 1648 1409 1721 quia
1437 1646 1501 1716 baec
1533 1646 1577 1709 eil
1600 1646 1762 1722 aqualiter
1786 1650 1997 1726 aritmetica,

433 1747 555 1806 congruo
582 1737 705 1805 tempore
732 1726 910 1884 rylr‘iuam,
936 1725 988 1795 vti
1012 1725 1103 1796 niatu
1128 1727 1197 1789 aliis
1232 1744 1323 1799 quam
1338 1725 1434 1804 exigit
1455 1723 1572 1793 iuslitia
1594 1730 1818 1791 commutativa
1848 1746 1884 1795 ut
1901 1748 1996 1806 pom.

434 1807 550 1872 tradere
576 1806 671 1870 surius
692 1826 743 1871 con
756 1805 939 1877 troandum.
969 1804 1048 1869 ltem
1074 1822 1121 1872 res
1145 1828 1194 1870 ac·
1234 1818 1285 1866 tur
1304 1806 1384 1868 iuter
1404 1804 1605 1883 creditorem,
1619 1804 1653 1870 ἀ
1669 1804 1856 1871 debitorem.
1983 1868 2009 1879 ,.

431 1904 521 1964 cepta
547 1907 565 1949 a
586 1885 746 1962 possessore
775 1880 862 1949 bonae
883 1883 953 1949 fidei
983 1882 1036 1961 ipsi
1063 1902 1126 1950 non
1145 1885 1196 1952 do·
1269 1883 1419 1964 ,Quomodo
1438 1887 1520 1950 eirca
1534 1884 1614 1952 banc
1632 1884 1896 1953 circumstantiam
1912 1886 1996 1957 nulls

433 1970 518 2029 mino
533 1963 576 2028 ell
597 1961 803 2041 restituenda,
818 1980 852 2027 ut
868 1966 900 2025 in
918 1963 1033 2032 casibus
1050 1980 1142 2029 antea
1153 1964 1195 2032 di·
1230 1981 1391 2034 occurrere
1418 1963 1513 2042 potell
1542 1963 1733 2036 difficultas,
1763 1965 1846 2034 Nam
1860 1971 1995 2045 ,optimo

419 2043 488 2110 ..dlis
502 2044 541 2115 de
555 2044 816 2123 commodatario,
830 2042 1033 2123 depositario,
1049 2046 1194 2123 oppigno-
1232 2043 1322 2111 modo
1336 2041 1488 2121 restituit,
1505 2046 1558 2119 qui
1581 2043 1661 2122 quod
1681 2044 1768 2113 alteri
1787 2044 1995 2115 debetreddit

433 2127 549 2189 ratario
570 2171 579 2202 ,
608 2124 759 2194 locatario
774 2120 834 2191 &n
855 2126 927 2200 quia
955 2145 1025 2190 tum
1052 2123 1097 2187 ilii
1119 2123 1194 2187 iuste
1233 2122 1268 2185 ad
1289 2122 1501 2199 auiditatem
1516 2124 1580 2188 live
1597 2144 1648 2207 per
1664 2121 1717 2200 se,
1735 2122 1799 2190 sive
1819 2127 1994 2203 ueratrum·

432 2202 599 2280 possideant
617 2223 680 2271 reni
692 2251 700 2278 ‚
714 2199 945 2287 &custodiant,
965 2204 1017 2267 vel
1029 2199 1093 2285 ipsa
1102 2222 1194 2274 titan·
1232 2201 1265 2266 br
1288 2202 1374 2269 nibili
1394 2201 1492 2276 refert
1511 2200 1574 2270 sive
1595 2204 1713 2281 palam,
1731 2203 1793 2268 live
1807 2193 1994 2279 occuh'fias

319 2310 320 2313 ¹
432 2300 512 2363 tur,
532 2287 651 2361 proprie
670 2280 782 2357 eisdem
803 2285 916 2355 iniuria
941 2281 1074 2357 insertur
1095 2303 1146 2359 per
1161 2304 1193 2347 e·
1230 2279 1405 2362 reslitutio,
1424 2281 1477 2348 nisi
1494 2299 1604 2348 avttur
1620 2285 1656 2347 de
1678 2282 1873 2352 restitutione
1890 2281 1995 2365 samae;

430 2360 544 2428 iusdem
564 2369 606 2428 rei
622 2363 871 2447 surreptionem,
898 2384 969 2427 cum
994 2360 1104 2431 iniusie
1129 2360 1194 2439 pos-
1228 2381 1297 2437 quae
1327 2360 1349 2430 st
1374 2363 1474 2441 palam
1503 2332 1608 2429 ablata
1624 2361 1717 2430 sue2i:
1746 2365 1846 2441 palam
1871 2382 1994 2449 quoque

430 2441 575 2520 sessione,
594 2442 627 2509 dt
647 2442 701 2507 ulu
719 2440 851 2506 eiusdem
873 2444 916 2506 rei
938 2444 1128 2520 priventur,
1158 2462 1193 2505 at
1228 2438 1271 2503 est
1289 2438 1490 2513 restituenda.

430 2523 556 2598 proinde
582 2521 649 2599 ipsis
678 2519 863 2586 restituenda
890 2521 961 2586 est:
985 2521 1060 2586 alias
1088 2520 1110 2583 st
1141 2518 1193 2586 suo
1265 2521 1418 2603 Quando,
1443 2524 1591 2598 importat
1611 2540 1730 2600 ternpus
1752 2544 1812 2601 quo
1832 2525 1991 2597 restitutio

426 2600 552 2673 tlomino
566 2601 778 2667 restitueretur
797 2600 831 2666 bt
852 2601 944 2666 lullus
981 2598 1120 2680 possessor
1135 2603 1191 2665 ali·
1227 2594 1365 2667 sarienda
1380 2601 1441 2664 eil.
1465 2602 1504 2666 Er
1520 2607 1600 2668 circa
1618 2605 1712 2669 talem
1725 2605 1989 2673 circumstantiam

418 2683 507 2758 ‚quod
524 2682 668 2746 damnum
687 2700 725 2744 eit
747 2682 803 2745 boc
820 2699 996 2761 pateretur,
1015 2680 1191 2752 indemnan·
1226 2684 1428 2746 communiter
1443 2683 1579 2746 sentiunt
1595 2682 1664 2748 DD.
1680 2682 1781 2747 statim
1799 2706 1834 2749 ac
1855 2690 1922 2764 quis
1938 2707 2010 2751 cor·-

414 2764 483 2832 'dus
497 2759 628 2834 eliade
648 2763 730 2825 omni
751 2761 913 2824 interesse.
939 2760 1020 2825 Item
1039 2762 1080 2826 ob
1109 2782 1190 2826 eam·
1225 2757 1341 2840 gnoscit
1363 2761 1452 2830 alicui
1469 2782 1507 2823 ca
1526 2762 1639 2828 iullrtia
1669 2763 1729 2829 else
1744 2764 1915 2828 debitorem
1938 2763 1991 2831 seu

298 2846 317 2869 ’·
425 2840 495 2903 dern
516 2845 670 2911 rationem
689 2843 741 2918 qui
763 2837 883 2912 furatur
904 2841 1040 2909 aSutori
1062 2841 1190 2918 vellem,
1226 2837 1369 2912 iniullunr
1394 2844 1434 2904 rei
1461 2842 1570 2909 alienae
1594 2843 1808 2922 detentorem,
1832 2844 1989 2914 ordinarie
2016 2896 2018 2899 ,

426 2919 593 2993 aMolitori
611 2918 759 3000 farinam,
775 2940 938 2998 pannuma
955 2921 1102 3002 fulloni,
1123 2921 1189 3000 ipsis
1226 2920 1380 2996 loquendo
1405 2924 1502 2985 teneri
1524 2922 1559 2986 ad
1577 2921 1816 2987 restitutionem.
1845 2924 1918 2992 Dixi
1928 2926 1990 3006 lla·

424 3001 460 3073 ἀ
480 3021 542 3075 non
558 3003 681 3072 domino
696 3001 762 3069 lraec
778 3002 939 3071 rellituere
954 3003 1063 3080 debet,
1082 3023 1123 3071 ne
1132 3024 1187 3067 ex·
1223 3001 1279 3067 iim
1300 3022 1362 3065 non
1381 3002 1500 3079 quidem
1518 3002 1554 3078 pb
1580 2999 1717 3081 stre,sed
1737 3005 1898 3071 moraliter
1921 3007 1988 3085 ,id-

427 3099 582 3158 ponantur
603 3081 737 3157 periculo
763 3081 903 3158 perdendi
933 3085 1075 3157 praetium
1103 3083 1187 3147 labo·
1225 3081 1378 3159 eliquam
1399 3085 1529 3158 primum
1548 3023 1611 3146 sine
1639 3086 1725 3163 gravi
1758 3081 1986 3149 suoinconrodo

425 3164 494 3239 ris,
513 3159 547 3226 ἀ
563 3162 637 3237 quia
653 3181 759 3224 eorum
783 3156 906 3223 officina
932 3161 971 3225 ob
991 3155 1187 3238 suspicionem
1223 3159 1420 3227 benefacere
1440 3159 1526 3240 possit
1545 3211 1553 3241 ,
1585 3162 1648 3227 five
1663 3162 1782 3227 debitor
1801 3164 1874 3228 talis
1895 3165 1932 3227 fit
1947 3185 1986 3228 ex

417 3261 532 3308 eorum
556 3243 689 3319 ignaviae
705 3243 741 3303 in
762 3237 956 3304 custodiendo
983 3238 1083 3307 forsan
1102 3243 1186 3306 dese·
1223 3262 1254 3305 re
1271 3258 1396 3316 accepta
1416 3289 1424 3318 ‚
1452 3240 1514 3305 sive
1534 3262 1574 3304 ex
1592 3241 1774 3321 conrraelu,
1794 3241 1858 3308 sive
1878 3264 1917 3314 eit
1934 3245 1985 3307 de·

425 3337 546 3389 teretur
605 3322 652 3385 ita
672 3337 706 3383 ut
735 3316 756 3382 sr
785 3339 848 3382 rem
873 3317 997 3385 domino
1014 3323 1186 3389 ireddendo
1221 3319 1309 3396 litio,
1328 3321 1490 3384 dummodo
1507 3339 1609 3384 tamen
1626 3320 1756 3398 respersu
1776 3322 1922 3389 debitoris
1945 3343 1985 3390 ex

427 3400 545 3474 boreis
565 3403 734 3476 eveniret,
759 3400 870 3467 dotent
890 3403 1097 3470 conmuniter
1117 3403 1184 3467 DD.
1218 3399 1377 3469 contraslu
1397 3418 1459 3464 non
1481 3401 1642 3480 praelixum
1658 3402 1725 3480 lit,
1760 3419 1815 3471 aut
1842 3422 1984 3468 consen·

424 3480 503 3556 quod
521 3477 572 3557 ipsr
592 3477 688 3546 essent
707 3477 946 3548 indemnizandi.
969 3479 1085 3544 itemst
1103 3480 1184 3552 sute-
1221 3501 1289 3546 turn
1305 3484 1386 3544 inter
1404 3479 1623 3543 contrahentes
1645 3500 1765 3562 ternpus
1794 3478 1978 3548 solutionis.

425 3577 478 3624 tur
498 3556 785 3638 quistTutoribus
807 3606 816 3636 ,
840 3559 1070 3638 curatoribus,
1101 3561 1185 3630 relli-
1218 3562 1302 3637 Qria
1329 3578 1365 3624 ut
1391 3565 1705 3639 exceperamus
1736 3562 1783 3640 85.
1814 3563 1850 3626 de
1874 3562 1983 3642 regulis

414 3657 512 3705 *ruere
530 3639 654 3706 deberet
677 3635 744 3716 ipsis
764 3636 886 3714 furata,
906 3660 968 3702 nnn
980 3637 1109 3718 'pupillis
1129 3643 1184 3703 mi·
1219 3639 1343 3707 istisin
1362 3643 1391 3702 6.
1414 3639 1592 3705 Contradlus
1611 3660 1650 3704 ex
1665 3644 1878 3709 conventione
1890 3643 1982 3721 legem

421 3718 583 3794 perenibus
600 3717 634 3786 dt
650 3715 793 3794 suriosrs,
819 3719 889 3783 dum
911 3718 959 3787 iiii
990 3742 1051 3785 non
1073 3719 1182 3784 babent
1220 3723 1361 3799 accipere
1380 3719 1579 3797 dignoscitur.
1608 3720 1736 3789 Undesr
1758 3725 1840 3786 inter
1858 3741 1982 3787 contra·

421 3797 659 3874 terumsuarum
676 3796 987 3868 administrationem.
1015 3801 1184 3878 surripiens
1218 3798 1327 3863 bentes
1351 3817 1567 3873 conventum,
1598 3821 1633 3864 ac
1661 3798 1821 3877 prefixum
1847 3799 1887 3865 srt
1908 3812 1982 3865 reni·

421 3883 537 3958 ptriter
557 3898 576 3954 a
603 3874 773 3956 Religioso,
789 3876 997 3950 filiofamilias
1020 3927 1029 3959 ,
1049 3880 1082 3947 dt
1103 3879 1183 3941 strui·
1218 3900 1290 3956 pur,
1309 3879 1513 3956 hoctempus,
1532 3877 1770 3946 srsrneuotabili
1786 3881 1981 3950 incommodo

422 3961 499 4023 libus
513 3978 561 4023 res
577 3955 709 4033 ipsorum
728 3957 782 4022 triu
802 3958 936 4036 legitime
945 3961 1117 4035 concessas,
1138 3978 1183 4023 te·
1217 3959 1284 4023 fieri
1302 3958 1424 4036 potesl,
1446 3956 1628 4022 servandum
1644 3957 1715 4036 est,
1741 3958 1865 4026 tametsi
1885 3960 1981 4025 credi·

302 4047 303 4050 ’
407 4035 660 4185 rottmoiysrlmet
678 4033 838 4108 restituere
875 4058 935 4105 non
951 4036 1180 4115 Patrisamilias,
1218 4057 1270 4103 tor
1288 4039 1367 4103 ‘nou
1394 4040 1555 4103 admoueat
1582 4038 1781 4115 debitorem
1819 4058 1892 4106 cum
1919 4038 1980 4102 dies

407 4120 517 4197 Merit
558 4166 568 4205 ‚
594 4117 645 4184 rel
665 4085 859 4193 Monallerio'
871 4165 881 4198 ,
896 4091 963 4211 utils
983 4136 1087 4183 certus
1106 4122 1181 4212 esset
1216 4118 1342 4207 praesixa
1365 4117 1542 4192 interpellet
1569 4138 1624 4194 pro
1651 4117 1773 4184 bornine
1796 4137 1833 4183 ut
1861 4121 1893 4185 in
1912 4139 1980 4210 cap.

407 4200 524 4280 polita
543 4197 706 4276 reddendas
726 4196 794 4274 ipsis
808 4195 957 4276 usuarrrs;
976 4202 1048 4275 quia
1066 4197 1180 4264 usuarii
1211 4210 1308 4285 potuit
1330 4197 1504 4275 deducam,
1533 4193 1574 4265 ss
1592 4199 1747 4265 conducio.
1776 4200 1890 4275 Quoad
1913 4199 1980 4276 pol·

417 4278 530 4347 iniuste
546 4283 711 4364 privantur
730 4280 820 4355 iure,
839 4279 917 4353 quod
934 4278 1070 4355 legitime
1089 4277 1181 4347 itabe-
1215 4278 1358 4346 sessorem
1393 4297 1470 4342 veto
1505 4275 1593 4342 bonae
1627 4280 1698 4345 fidei
1732 4278 1890 4354 postquam
1932 4279 1979 4342 bic

416 4355 647 4427 bertadusum
668 4378 770 4429 rerum
789 4356 928 4426 illarum.
952 4357 1180 4428 SiauremRe
1214 4359 1365 4437 cognovit
1398 4356 1435 4423 se
1466 4357 1527 4420 else
1562 4361 1605 4422 rei
1641 4359 1752 4428 alienae
1782 4357 1977 4433 debitorem,

375 4502 381 4509 ,
418 4437 541 4519 ligioso,
561 4438 679 4526 Uxori,
699 4435 909 4511 filiofamilias
930 4437 1043 4515 aliquid
1060 4434 1177 4509 ausere-
1215 4439 1288 4500 idesl
1322 4456 1385 4502 rem
1425 4435 1558 4500 alienam
1596 4437 1772 4516 possidere,
1814 4437 1865 4501 vel
1916 4458 1979 4500 retu

403 4520 569 4665 'iilis
585 4520 653 4672 iss
672 4516 968 4668 dissidiis
1008 4517 1179 4661 illisis
1213 4514 1310 4663 issi
1326 4515 1615 4673 ‘.l0²⁶l.¹¹.i.:'“.⁶i
1635 4516 1979 4662 risibilis&

415 4677 484 4756 ipfis
503 4677 553 4746 sed
570 4666 817 4756 Mouasletioesl
839 4645 1021 4745 reddendtiru
1040 4724 1051 4755 ,
1070 4677 1177 4754 Patri,
1213 4676 1353 4754 taliter,
1397 4694 1506 4752 nempe
1533 4696 1625 4752 quam
1655 4677 1783 4755 primum
1820 4674 1979 4741 cormuode

403 4753 562 4827 Marito:
584 4761 661 4825 alias
680 4757 703 4831 st
723 4755 891 4836 supradietis
912 4753 1119 4830 restituatur,
1142 4753 1177 4820 dt
1213 4753 1338 4833 potest,
1365 4752 1523 4825 reslituere
1542 4753 1630 4820 debet
1650 4779 1660 4834 ;
1689 4754 1817 4821 alias-st
1847 4756 1978 4821 ulterius

416 4841 570 4907 inutiliter
599 4837 755 4918 dissipetur
777 4838 855 4907 esset
885 4832 1024 4910 sarienda
1047 4831 1177 4906 secunda
1213 4856 1276 4900 rem
1302 4833 1394 4913 ipsam
1402 4883 1413 4916 ,
1428 4852 1482 4900 aut
1502 4834 1532 4900 id
1558 4854 1599 4901 ex
1623 4833 1799 4912 amititur
1825 4833 1870 4900 ell
1887 4835 1978 4900 ditior

414 4919 587 4995 restitutio.
606 4917 657 4983 Eri
677 4921 864 4988 communis,
1161 4957 1163 4961 -
1213 4915 1389 4986 volmrtarie
1402 4914 1569 4995 detineat,
1599 4917 1706 4982 eredit
1724 4914 1868 4990 possessor
1887 4915 1977 4981 rusie

454 4990 584 5079 lninper
594 5021 656 5066 non
665 4999 709 5062 eil
725 4996 912 5064 restituenda
920 4995 1059 5072 duisino,
1078 5012 1176 5070 quan·
1211 4993 1281 5062 fidei
1320 4989 1511 5076 culpabiliter
1528 4994 1674 5061 damnum
1689 4990 1822 5060 inserens
1842 4994 1976 5062 credito·

409 5081 510 5152 duest
525 5081 659 5153 multum
674 5078 787 5148 dillaos
806 5077 884 5145 adeo
902 5069 1176 5180 utrerrellituett·
1209 5078 1257 5158 ri,
1305 5074 1486 5142 udomuo.
1857 5152 1938 5231 Qui·
2010 5156 2012 5158 ,
