4425 6000
899 387 906 416 l

553 505 727 585 Tener,
754 524 812 578 ua
839 498 1101 576 Praeterire
1131 496 1361 602 ῙῖεοιιιοαιΙ
1380 500 1492 600 Chi·
1519 496 1595 579 Ν»
1646 524 1648 527 ·
1726 523 1835 665 ‘322st

290 607 324 674 ln
343 605 497 685 Decalogo
518 602 647 683 speciale
667 618 856 683 praeceptum
871 621 925 681 pro
940 603 1063 682 genito·
1096 602 1251 677 proprium
1267 599 1377 664 sedium
1393 620 1571 681 reponant,
1594 598 1708 684 soliciti
1737 624 1784 669 int
1805 610 1863 670 Pa·

291 688 373 754 ribus
390 709 461 766 erga
477 684 579 749 filios.
1097 678 1190 745 flores
1218 697 1254 744 ut
1281 681 1406 758 propriis
1428 682 1478 746 vel
1508 682 1636 749 aliorum
1662 681 1861 767 eleemosynis

330 769 447 834 Verum
463 770 534 840 quia
555 780 717 842 parentum
735 763 887 836 incipiunt
897 758 1062 840 obligatio·
1096 759 1166 824 huic
1189 756 1361 825 necessitati
1379 760 1578 839 provideatur
1601 812 1609 840 ,
1640 764 1718 828 unde
1736 785 1753 830 a
1770 781 1861 837 tanto

244 909 247 915 .
292 867 345 912 nes
362 867 431 925 erga
448 844 527 910 lilios
538 842 643 920 abipsa
653 845 976 920 eorumconceptione,
992 839 1061 905 hinc
1096 839 1230 916 periculo
1247 836 1390 904 infantuli
1411 839 1644 907 subtrahantur.

292 932 336 991 rei
353 926 465 992 fierent
487 931 591 1002 gravis
612 924 710 999 culpae
732 924 873 1000 (utalias
891 921 1060 985 meliusvi·
1136 920 1251 1009 Praeter
1271 940 1424 997 amorem,
1444 943 1517 987 cura
1533 944 1591 1000 qua
1610 943 1782 991 onerantur
1809 943 1860 1002 ge.

290 1007 448 1082 debimus)
474 1006 495 1069 si
518 1024 652 1082 tempore
681 1002 841 1067 menslruae
862 1003 1053 1080 purgationis
1094 999 1288 1079 nitorefeiga
1301 997 1385 1064 suain
1402 1002 1537 1080 prolem,
1558 1004 1707 1082 exigitur
1729 1006 1860 1070 alimen·

289 1108 307 1149 a
329 1087 481 1165 coniugali
499 1083 550 1149 usu
583 1105 644 1147 non
672 1080 700 1147 se
724 1080 891 1147 abstineant
911 1079 952 1144 ob
977 1083 1058 1156 peri·
1094 1096 1127 1141 ta
1148 1082 1191 1144 eis
1221 1078 1364 1156 praeslet,
1392 1098 1429 1144 ut
1449 1086 1670 1146 convenienter
1696 1104 1747 1149 eos
1772 1085 1859 1149 alant

290 1166 396 1231 culum
412 1166 628 1245 gravisdamni
641 1160 969 1246 prolisconcipiendae‚
987 1180 1057 1224 cum
1091 1158 1126 1224 δε
1143 1156 1326 1222 hillentent.
1357 1160 1858 1252 Hiiis'cemodidebiriimincumbit

290 1264 430 1310 naturam
456 1250 581 1311 incertae
615 1243 804 1308 valetudinis
832 1242 1002 1306 sortiantur
1017 1259 1057 1304 ex
1091 1238 1264 1329 parentibus
1286 1257 1352 1302 tum
1367 1259 1406 1302 eir
1428 1244 1493 1304 iure
1508 1248 1656 1307 canonico
1670 1264 1736 1322 cap.
1748 1246 1781 1309 Si
1789 1263 1856 1323 quis

291 1327 479 1391 medicorum
507 1325 618 1388 iudicio
646 1325 698 1398 qui
724 1325 778 1387 tali
811 1339 947 1397 tempore
980 1340 1054 1384 con·
1090 1318 1156 1409 disi.
1175 1332 1221 1396 30.
1243 1318 1293 1382 uhi
1313 1320 1855 1400 anathematlranturquiderelique-

238 1468 241 1474 .
287 1407 446 1482 cipiuntur
467 1429 475 1467 ε
498 1409 573 1467 item
594 1401 1053 1480 ficumuxoribiispraegnanti·
1089 1414 1152 1461 rint
1185 1401 1319 1476 proprios
1351 1398 1455 1477 filios,
1481 1403 1580 1467 &eos
1600 1425 1663 1466 tion
1693 1405 1853 1478 aluerint,

288 1483 345 1548 bus
365 1484 490 1549 molesle
506 1483 535 1548 se
551 1500 659 1562 gerant
685 1503 736 1546 eas
762 1478 955 1559 affligendo,
983 1499 1054 1544 con·
1090 1491 1156 1539 tum
1171 1497 1209 1541 eit
1230 1483 1294 1541 iure
1314 1479 1398 1541 civili
1421 1478 1440 1541 Ι.
1457 1480 1495 1568 ,δι’
1510 1483 1610 1561 quirit
1631 1481 1728 1547 liberis
1755 1484 1785 1547 ff.
1817 1486 1853 1548 de

288 1562 437 1630 trislando
452 1613 461 1641 ,
478 1587 513 1629 ac
536 1568 621 1641 peius
642 1563 738 1626 etiam
750 1562 792 1637 ,si
809 1560 1056 1637 caspeicutiaot,
1086 1556 1253 1635 agnoscenti·
1271 1556 1311 1623 (9²
1325 1558 1420 1622 csend.
1436 1559 1518 1624 liber.
1541 1582 1609 1627 tum
1636 1584 1676 1629 eir
1707 1568 1773 1628 iure
1797 1585 1856 1629 na·

288 1644 338 1708 vel
356 1646 416 1708 alio
434 1646 521 1723 gravi
538 1642 627 1707 modo
646 1661 696 1706 eas
720 1645 856 1707 crucient
876 1688 884 1714 ,
912 1660 975 1702 non
992 1636 1052 1709 sirie
1086 1637 1202 1714 turali,
1223 1638 1366 1711 quamdiu
1382 1638 1466 1705 liberi
1488 1639 1539 1704 sibi
1560 1644 1626 1719 ipsis
1646 1664 1692 1709 rer
1717 1644 1852 1709 necessa·

286 1726 373 1802 gravi
392 1742 548 1799 conceptae
569 1722 661 1799 prolis
683 1723 836 1797 periculo.
860 1719 978 1783 Matres
1001 1738 1048 1794 pa·
1086 1719 1146 1778 rias
1164 1738 1220 1793 pro
1240 1715 1291 1780 sua
1312 1715 1530 1784 sustentatione
1547 1724 1706 1799 providere
1715 1743 1775 1790 non
1788 1722 1852 1801 pos-

268 1808 365 1867 ‘riter
380 1808 517 1880 graviter
536 1803 736 1879 delinquunt,
757 1800 778 1864 si
796 1802 866 1865 dum
887 1797 953 1862 sunt
976 1818 1050 1874 prae·
1086 1789 1155 1860 sunt
1180 1819 1189 1859 :
1211 1800 1280 1873 quia
1294 1844 1303 1874 ,
1318 1814 1354 1861 ut
1383 1818 1476 1863 antea
1496 1806 1608 1867 notavi
1635 1824 1729 1880 ,cum
1746 1823 1851 1880 parcn-

286 1899 415 1960 gnantes
439 1885 547 1961 gravia
570 1900 675 1961 gerant
704 1901 825 1953 onera,
851 1878 1049 1941 immoderate
1086 1893 1213 1967 ¹res-per
1243 1880 1473 1956 generationem
1502 1881 1562 1943 esl'e
1591 1883 1660 1946 filiis
1682 1882 1850 1960 dederint,

287 1961 448 2039 laborent,
465 1979 608 2037 currant,
628 1960 739 2026 saltent
756 2009 766 2039 ,
793 1960 896 2024 bibant
925 1956 976 2021 vel
997 1977 1048 2020 co·
1085 1956 1157 2018 illud
1176 1975 1295 2032 quoque
1314 1960 1357 2020 eis
1377 1961 1851 2028 convenienterconsetvarede·

288 2042 415 2106 medani
446 2044 556 2107 nociva
579 2063 639 2106 non
662 2040 723 2104 sine
748 2045 832 2119 gravi
869 2036 1048 2115 temporalis
1081 2033 1175 2112 berit,
1196 2034 1287 2101 &ad
1308 2034 1391 2101 suam
1421 2034 1632 2115 perfeaionein
1655 2064 1690 2109 ac
1714 2042 1849 2106 debitum

283 2140 320 2182 iic
358 2139 515 2195 perpetuat
546 2113 713 2185 infantium
751 2121 855 2184 salutis
894 2117 1045 2193 periculo.
1083 2112 1285 2181 statumvitae
1300 2116 1483 2195 perducere;
1504 2119 1850 2189 hincutnoritP.An·

284 2197 366 2261 ltem
392 2216 517 2274 peccant
542 2217 708 2275 parentes,
736 2198 770 2264 bt
798 2200 962 2279 graviter,
994 2199 1045 2273 qui
1083 2199 1168 2259 tuine
1186 2218 1259 2260 crim
1274 2196 1302 2257 S.
1320 2194 1430 2261 Basilio
1447 2201 1477 2261 in
1500 2198 1599 2275 psalm.
1621 2220 1649 2281 7.
1669 2198 1734 2282 ipsa
1755 2218 1850 2267 natu·
1946 2275 1953 2289 ‚

281 2277 367 2342 edita
383 2279 415 2341 in
436 2279 533 2344 lucem
553 2281 638 2357 prole
657 2282 808 2344 omittunt
824 2282 888 2342 eius
915 2276 1047 2340 necessa·
1082 2296 1124 2341 rae
1144 2275 1287 2340 ordinata
1309 2273 1463 2354 propensio
1483 2275 1555 2342 satis
1576 2283 1848 2360 indicit-parentes

282 2360 380 2435 riam,
396 2356 591 2434 ‘sedulamque
605 2381 710 2424 curam
733 2406 741 2434 ‚
758 2362 855 2424 itaut
872 2357 892 2419 si
913 2376 987 2435 opus
1007 2353 1045 2418 sit
1081 2353 1229 2419 ministros
1249 2355 1310 2420 esse
1330 2357 1444 2421 divinae
1464 2361 1666 2434 providentia
1686 2383 1757 2441 eiga
1776 2359 1847 2426 'suos

281 2438 505 2514 ›niitrice,non
526 2438 785 2516 illampiovident
815 2436 1044 2513 sanam,mori-
1079 2433 1206 2499 liberos.
1225 2436 1358 2498 Nomine
1390 2456 1464 2501 vero
1491 2438 1708 2506 alimentorum
1735 2440 1768 2508 ἀ
1797 2436 1813 2504 f
1830 2473 1848 2489 ·

280 2536 435 2593 geramac
455 2518 661 2595 diligentem:
691 2539 763 2582 nam
790 2518 869 2595 saepe
887 2518 1042 2656 contingit
1079 2514 1274 2581 slentationis
1302 2515 1516 2595 intelliguntur
1539 2520 1701 2587 necessaria
1732 2520 1769 2586 ad
1798 2524 1846 2588 vi·

284 2594 365 2673 quod
389 2593 520 2661 defeslus
551 2616 615 2663 tam
649 2596 764 2681 physici
800 2618 892 2675 quam
915 2615 1043 2659 moraes
1078 2592 1188 2672 sium,
1212 2594 1378 2673 vestitum,
1406 2596 1657 2680 habitationem,
1681 2602 1848 2666 medicina·
1934 2605 1939 2624 ²

281 2694 343 2741 una
363 2698 434 2742 euni
455 2676 529 2740 lade
550 2681 581 2741 in
598 2674 763 2742 infantibus
779 2672 1042 2747 transfundantur,
1080 2676 1142 2749 lia,
1162 2677 1221 2741 &e
1243 2685 1310 2751 qiiae
1326 2679 1430 2741 omnia
1451 2680 1610 2753 providere
1627 2699 1773 2747 tenentur
1792 2700 1845 2761 ge·

281 2752 393 2834 physici
413 2759 528 2821 certius
547 2757 740 2835 moralibus,
765 2758 897 2823 morales
914 2757 1042 2832 plerum·
1079 2758 1193 2819 nitores
1214 2756 1274 2817 luis
1288 2754 1357 2818 siliis
1381 2775 1421 2820 eo
1445 2758 1563 2823 meliori
1581 2763 1673 2826 modo
1700 2782 1759 2838 quo
1779 2781 1845 2825 mo·

279 2856 359 2910 que:
383 2836 452 2899 hine
474 2854 584 2900 murres
602 2837 690 2903 valde
706 2834 950 2911 reprehensibiles
959 2831 1041 2911 sunt,
1078 2833 1188 2910 taliter
1206 2834 1347 2912 possunt,
1363 2835 1459 2899 donec
1482 2845 1680 2913 pervenerint
1705 2840 1742 2904 ad
1768 2859 1844 2909 cou-

280 2933 335 2978 nec
355 2915 643 2993 immunesaculpa
666 2935 760 2994 ,quae
781 2916 853 2979 dum
873 2913 951 2979 latia
971 2908 1041 2975 sunt
1078 2917 1255 2978 venientem
1275 2918 1470 2993 aetatem,in
1497 2937 1556 2993 qua
1589 2940 1640 2995 per
1661 2922 1747 2985 lucia
1771 2939 1846 2986 con·

280 2993 411 3072 provisae
432 2995 497 3073 ,ob
516 2995 676 3073 quamdam
696 2996 888 3072 mollitiem,
917 3014 975 3070 qua
996 2995 1039 3055 in·
1079 2995 1236 3059 venientia
1265 3013 1303 3058 ea
1331 2991 1381 3059 sibi
1406 3017 1580 3073 comparare
1603 2999 1658 3066 seu
1687 3000 1844 3076 providere

277 3075 437 3141 commoda
453 3078 640 3141 matrimonii
663 3076 742 3140 ferre
758 3075 921 3140 abhorrent
947 3121 956 3151 ,
979 3093 1039 3137 non
1076 3075 1225 3150 valeant;
1242 3074 1308 3140 haec
1324 3078 1405 3138 enini
1426 3095 1478 3152 per
1498 3074 1527 3142 se
1548 3073 1651 3146 debita
1667 3078 1735 3145 sunt
1753 3081 1843 3145 liliis·

280 3153 370 3219 alunt
391 3153 626 3233 propriolalie,
650 3154 736 3220 sicuti
760 3172 934 3229 tenentur,
956 3152 1040 3216 suam
1076 3155 1281 3231 peraccidens
1311 3173 1385 3220 vero
1410 3150 1502 3232 usque
1520 3159 1558 3222 ad
1589 3158 1683 3224 finem
1705 3164 1781 3227 vitae
1799 3126 1843 3238 ,h

277 3236 411 3312 prolem,
430 3234 478 3300 sed
496 3236 562 3301 aliis
579 3237 786 3303 abladlandam
804 3234 945 3300 tradunt.
967 3232 1039 3298 Pec·
1074 3236 1176 3311 aliquo
1197 3235 1333 3315 legitimo
1348 3234 1435 3302 obice
1455 3240 1590 3315 impediri
1621 3239 1673 3305 sihi
1703 3241 1844 3318 provide·

276 3334 349 3378 cant
367 3319 442 3380 item
464 3320 599 3395 graviter
624 3360 632 3395 ,
655 3314 677 3380 si
699 3335 850 3395 quatenus
876 3314 1038 3379 moraliter
1074 3335 1106 3379 re
1137 3336 1200 3380 non
1230 3313 1368 3394 possint;
1396 3321 1428 3381 in
1457 3339 1518 3394 quo
1536 3317 1658 3386 casu&
1684 3323 1717 3384 in
1745 3322 1842 3397 aliis,
1931 3366 1934 3377 ‚

275 3390 342 3457 sieri
363 3391 483 3473 potest,
502 3418 595 3463 none
616 3416 692 3464 vent
715 3397 837 3474 nequid
858 3393 946 3470 filiis,
963 3416 1037 3471 prar-
1073 3396 1196 3472 quando
1223 3394 1277 3459 lilii
1304 3416 1366 3460 non
1393 3397 1491 3464 essent
1513 3399 1652 3466 inbonis
1675 3401 1754 3466 unde
1774 3401 1843 3477 sup·

276 3472 378 3538 sertim
397 3475 469 3540 dum
489 3482 606 3554 patrui
628 3476 716 3552 funt,
734 3476 768 3542 ἀ
784 3473 1038 3554 quasilallentes,
1073 3475 1147 3551 pleri
1169 3474 1277 3554 poffir,
1299 3493 1446 3544 tenentur
1453 3481 1605 3556 genitores
1624 3503 1679 3560 pro
1698 3478 1768 3545 filiis
1792 3498 1841 3544 et·

273 3557 400 3619 eveniat
417 3557 490 3619 mali
510 3597 520 3631 ,
542 3576 616 3634 pura
635 3576 674 3620 ne
691 3554 763 3620 lusci
783 3598 791 3630 ,
815 3555 952 3630 claudi,
984 3554 1035 3617 vel
1073 3559 1134 3620 iarn
1156 3554 1218 3631 poll
1239 3575 1373 3621 mortem
1394 3559 1431 3622 ad
1450 3556 1840 3637 congruentesfrineriseit·

273 3635 364 3698 aliter
379 3631 530 3698 deformes
550 3633 626 3700 fiant
642 3680 652 3712 ,
669 3655 708 3698 ne
727 3633 779 3696 fibi
798 3639 896 3698 nimio
913 3635 1035 3708 ploratu
1074 3636 1174 3709 pensas
1194 3635 1228 3699 ἃ
1249 3655 1349 3710 preces
1369 3635 1576 3702 defunsiorum
1599 3659 1652 3714 pro
1672 3660 1776 3704 eorum
1794 3660 1840 3702 re·

273 3730 423 3789 noceant,
445 3732 482 3776 ne
503 3714 616 3777 cadant
631 3717 662 3776 in
680 3717 799 3792 ignem,
823 3714 873 3777 vel
891 3731 1034 3789 acquam,
1071 3716 1161 3788 quie.
1179 3714 1219 3788 Et
1238 3718 1319 3777 circa
1337 3713 1392 3778 hoc
1412 3716 1474 3781 duo
1483 3718 1619 3782 notanda
1636 3718 1703 3782 sunt
1718 3739 1741 3782 r.
1754 3739 1840 3782 neni·

271 3813 312 3857 ne
333 3793 370 3855 ab
395 3793 495 3867 aliqua
517 3793 634 3868 belva,
657 3793 838 3868 quandoque
860 3797 954 3855 etiam
983 3792 1034 3855 do·
1073 3812 1109 3867 pe
1127 3812 1187 3856 nori
1202 3810 1204 3812 ·
1219 3796 1317 3855 teneri
1340 3814 1459 3869 patrem
1474 3798 1622 3867 alimenta
1651 3796 1724 3862 date
1744 3797 1837 3874 lilio,

271 3868 395 3935 mellica
417 3888 584 3949 vorentur,
601 3873 652 3937 vel
674 3875 705 3934 iii
726 3872 864 3936 membris
879 3857 1034 3935 offendan·
1072 3871 1091 3934 li
1115 3872 1184 3951 huic
1202 3867 1385 3942 sufficientia
1401 3874 1482 3939 bona
1502 3872 1685 3955 suppetant,
1703 3895 1758 3943 aut
1787 3897 1837 3941 ar·

271 3968 345 4014 turi
367 3951 498 4017 Peccant
513 3950 620 4016 itidem
636 3951 840 4027 mortaliter,
868 3949 1032 4024 siteiieant
1072 3970 1136 4016 tem
1152 3968 1259 4016 teneat
1276 3973 1338 4017 non
1359 3952 1410 4017 sihi
1436 3956 1629 4034 indecoram,
1650 3973 1704 4022 aut
1732 3955 1837 4022 officio

269 4028 371 4094 secum
399 4032 431 4092 iri
459 4029 537 4095 lello
565 4031 609 4097 ob'
628 4034 795 4110 periculum
816 4031 895 4112 quod
925 4029 1033 4107 poshnt
1068 4029 1208 4108 provisus
1224 4029 1279 4107 sit,
1298 4033 1378 4099 unde
1397 4056 1564 4113 congruam
1584 4036 1836 4121 sustentationem

270 4119 324 4173 'eos
342 4113 510 4188 opprimere
528 4160 537 4187 ,
555 4114 603 4176 vel
621 4115 684 4180 alio
703 4110 965 4188 modosusfocari,
982 4109 1031 4174 sic·
1069 4115 1223 4192 percipere
1251 4129 1344 4188 queat
1366 4136 1376 4191 ς
1397 4127 1424 4176 a.
1445 4112 1466 4178 si
1487 4113 1567 4180 silius
1587 4117 1624 4183 ab
1651 4120 1752 4198 aliquo
1774 4118 1836 4182 alio

270 4192 319 4253 uti
340 4208 403 4254 non
420 4212 489 4255 raro
505 4195 613 4273 contin
634 4196 676 4258 it.
695 4195 777 4256 Hinc
794 4194 857 4258 tale
874 4210 1032 4268 peccatum
1069 4198 1163 4271 gratis
1191 4191 1319 4271 alatur,
1347 4214 1411 4259 non
1439 4213 1563 4260 tenetur
1591 4215 1679 4275 pater
1705 4201 1738 4263 i'n
1767 4193 1836 4262 foro

267 4272 304 4332 in
325 4270 470 4347 aliquibus
491 4271 598 4336 Dioece
611 4274 676 4337 ibus
692 4271 735 4337 ess
753 4270 941 4337 reservatum
963 4310 972 4348 ,
998 4260 1031 4335 bt
1068 4266 1263 4335 conscientiae
1279 4271 1473 4348 compensare
1494 4274 1592 4341 filium
1607 4300 1661 4355 pro
1681 4277 1835 4343 alimentis

268 4350 420 4426 aliquibus
440 4352 470 4412 iri
493 4351 566 4415 locis
583 4352 808 4432 transgressores
822 4353 1031 4425 subiciuntur
1069 4351 1106 4416 ab
1118 4349 1238 4416 aliosibi
1257 4353 1576 4435 tributis5quiaparer
1592 4358 1682 4424 debet
1702 4357 1834 4426 filioali·

268 4432 365 4494 ctiam
388 4428 515 4505 publicar
542 4435 756 4509 poenitentias,
790 4452 825 4496 ur
861 4429 954 4496 refert
984 4431 1030 4494 hic
1068 4447 1202 4506 menta,
1238 4447 1300 4495 non
1325 4451 1401 4498 vero
1423 4440 1555 4512 pretium
1584 4436 1833 4519 alimentorum,

270 4507 482 4573 Tourneleius
509 4512 546 4574 de
566 4512 781 4576 Coenomanis.
809 4513 914 4588 Qiare
938 4532 1030 4586 expe·
1068 4510 1188 4587 quando
1208 4509 1287 4574 silius
1308 4510 1414 4578 hahuit
1432 4514 1555 4580 aliunde
1578 4517 1657 4582 unde
1681 4522 1829 4587 viveret.

266 4586 348 4652 tlarc
365 4611 427 4675 non
443 4591 554 4658 debent
576 4592 654 4668 quod
678 4596 837 4670 contingat
857 4589 1030 4669 oppressio,
1067 4590 1103 4652 ln
1121 4588 1188 4654 foro
1205 4588 1307 4657 tarsen
1324 4611 1454 4661 externo
1472 4596 1570 4679 ppsset
1590 4597 1675 4664 filius
1687 4599 1723 4664 ad
1739 4601 1831 4669 talem

263 4684 303 4732 ut
325 4668 355 4734 se
375 4673 406 4733 in
426 4669 613 4736 confessione
638 4670 808 4750 accusent,
836 4671 882 4736 sed
898 4670 1030 4750 quando·
1067 4671 1345 4745 compensationem
1371 4694 1501 4751 patrem·
1517 4696 1569 4754 per
1598 4675 1728 4746 iudicem
1748 4702 1831 4748 com.

262 4769 399 4826 eumque
415 4750 471 4816 hoc
486 4748 621 4829 faciant,
639 4753 751 4816 debent
771 4750 912 4816 confiteri
931 4799 941 4827 ,
960 4755 1029 4826 quia
1067 4750 1200 4826 pellere,
1220 4754 1377 4829 praecipue
1398 4753 1616 4831 siuritribuir
1637 4760 1781 4827 alimenta
1794 4763 1830 4826 fi·

263 4844 306 4892 ex
326 4833 447 4897 ratione
469 4830 529 4907 ipsa
546 4828 616 4900 fassi
633 4833 747 4907 semper
766 4830 848 4898 adest
870 4851 961 4910 grave
981 4850 1030 4907 pe·
1045 4875 1048 4888 .
1066 4829 1129 4905 lio,
1142 4830 1241 4908 voluit
1262 4831 1317 4894 tali
1338 4835 1438 4901 medio
1454 4831 1550 4902 filiurn
1558 4837 1743 4917 beneficare,
1766 4863 1829 4906 non

263 4911 418 4984 rieulnm',
431 4910 560 5055 ofmdfi
581 4910 785 4978 huiuscemodi
812 4896 1048 4993 inconveniens
1067 4923 1202 4985 parram.
1217 4910 1322 5003 Quare
1339 4912 1488 4980 slatutuni
1501 4914 1561 4982 suit
1580 4921 1646 4986 iure
1672 4923 1758 4988 civili
1788 4940 1828 4987 ne

261 4992 319 5057 eia·
339 4991 439 5058 caussa
467 5011 669 5068 repetentum
686 5011 869 5073 paupertas,
887 5009 921 5055 ur
938 5009 1028 5068 para*
1073 5008 1174 5064 patres
1189 4986 1292 5057 faciles
1309 4989 1368 5058 sint
1385 4997 1421 5059 ad
1440 4995 1646 5072 relliquendos
1661 5002 1738 5068 filios
1755 5000 1829 5066 alin·

259 5090 299 5138 re
315 5088 472 5156 nequeant
486 5064 631 5156 lrslilm
647 5073 789 5163 partulit
809 5071 860 5140 nbi
876 5073 1027 5197 eoseatfa
1074 5090 1143 5135 runi
1159 5067 1391 5140 sustentationi.
1412 5073 1566 5182 caerqm,
1586 5079 1608 5149 fi
1628 5081 1709 5150 fipu,
1729 5099 1763 5145 m
1780 5082 1827 5175 vr.

1731 5176 1789 5228 VC·

1024 5262 1043 5385 l
