4425 6000
408 496 484 598 πρό
710 499 1005 576 Tanemois
1034 491 1604 580 continenciam.

354 602 442 668 sante
462 598 522 679 ,ὅτ
537 596 649 666 damno
662 613 840 680 emergente
860 620 870 675 ;
899 596 1056 675 (idemque
1075 596 1122 661 ‹li-
1158 600 1208 665 lta
1228 602 1430 664 communiter
1445 598 1591 666 Doslores
1606 622 1677 666 cum
1693 602 1837 686 Molina,
1856 608 1923 677 Lu·

354 687 419 750 cito
439 678 475 744 de
495 681 581 745 omni
597 680 658 745 alio
677 681 826 770 credito,
851 676 885 742 bt
905 677 943 741 de
963 674 1123 755 censrbus')
1158 701 1196 759 go
1206 728 1221 768 ,n
1232 678 1346 768 Lessro,
1369 678 1495 756 aliisve,
1515 682 1588 760 Leg.
1604 687 1702 747 minus
1719 702 1787 766 ²⁰4·
1816 691 1856 754 de
1873 710 1922 755 re-

356 759 608 838 &chirographa
629 756 762 840 litigiosa
800 774 928 849 incertae
949 756 1124 835 solutionis,
1176 762 1235 825 ulis
1259 778 1336 824 rurrs
1363 758 1576 824 ubidicitur:
1600 764 1698 826 minus
1716 766 1753 844 est
1777 766 1922 833 aelisam

356 839 391 910 ἃ
410 862 478 919 quae
500 837 620 906 nonnisi
649 862 718 904 cum
737 806 968 903 difficultatibus
988 838 1123 915 ,.mole·
1195 838 1258 904 berc
1284 861 1372 919 quam
1396 858 1487 904 rem.
1512 838 1604 905 Unde
1630 844 1745 907 addunt
1774 846 1922 913 Doslores

357 922 438 1000 lliis,
452 918 617 986 odiositate
636 968 645 996 ,
672 922 758 984 lucro
774 916 905 982 cellaute
924 967 933 995 ‚
959 914 993 983 δι
1012 914 1124 983 damno
1160 938 1280 984 tantam
1301 918 1532 1006 aliquaurloelse
1544 922 1623 997 polle
1639 921 1858 991 difficultatem
1870 925 1924 993 vel

358 1021 535 1082 emergente
556 1002 634 1079 exigi
656 999 795 1092 poliunt.
868 1080 874 1092 ⁸
985 1078 991 1092 ι
1160 999 1408 1092 incertitudinem
1423 999 1583 1064 lolutionis
1620 1021 1655 1065 ut
1676 1002 1923 1071 huiusmodicre·

397 1080 625 1160 chirographa,
645 1078 679 1144 δι
696 1079 756 1143 alra
772 1098 890 1171 quaevis
910 1077 1029 1143 credita
1054 1125 1064 1156 ,
1087 1098 1124 1144 ac
1158 1079 1251 1172 dita,
1279 1079 1332 1166 vel
1346 1077 1542 1172 chirographa
1571 1049 1672 1145 aliena
1697 1084 1853 1150 interdum
1879 1088 1924 1150 di·

359 1160 488 1239 census,
505 1180 574 1237 quae
592 1178 678 1223 certa
700 1180 736 1222 ac
758 1158 872 1232 liquida
892 1153 960 1221 lunt
974 1206 982 1234 ,
997 1176 1125 1235 quorum
1158 1159 1251 1223 nudio
1269 1158 1373 1223 valole
1388 1178 1448 1222 emr
1470 1156 1600 1237 possint,
1620 1160 1654 1226 ἃ
1668 1159 1712 1225 est
1731 1168 1923 1230 communis.

265 1304 267 1307 a
359 1240 478 1307 exaslio
493 1236 546 1304 suo
563 1258 699 1314 tempore
716 1236 792 1300 nulli
815 1241 937 1315 penitus
947 1235 1124 1300 l'ubieslaell
1159 1240 1199 1305 Et
1220 1242 1302 1303 ratio
1322 1236 1364 1301 ell
1385 1237 1539 1314 evidens,
1563 1240 1727 1316 quiaillud
1747 1242 1789 1307 est
1809 1246 1926 1309 iulium

359 1316 739 1396 difficultati,moleliiae,
759 1316 892 1395 periculo
912 1364 921 1395 ,
941 1315 1125 1381 ubinullum
1159 1323 1290 1397 pretium
1320 1318 1463 1383 naturale
1495 1338 1598 1383 rerum
1615 1367 1625 1398 ,
1663 1320 1742 1395 quod
1765 1329 1924 1391 communi

360 1401 530 1466 intervenit
548 1398 804 1470 lucrumcellans,
824 1397 1012 1461 acdarnnum
1027 1418 1125 1461 emer·
1158 1397 1357 1464 aestimatione
1378 1395 1541 1475 statuitur,
1560 1400 1631 1479 leg.
1650 1399 1747 1475 pretia
1762 1423 1862 1468 rerum
1871 1409 1928 1486 63.

361 1501 434 1560 gens
453 1483 484 1541 in
500 1476 685 1566 expcslanda
702 1474 821 1541 statuto
843 1496 979 1552 tempore
999 1473 1125 1542 solutio·
1152 1480 1187 1561 ff.
1211 1478 1247 1543 ad
1270 1480 1341 1556 Leg.
1356 1476 1536 1541 Falcidiam.
1556 1479 1716 1565 Communi
1729 1501 1831 1546 autem
1839 1484 1926 1549 relli-

359 1582 428 1636 ne,
456 1579 518 1623 non
536 1557 656 1635 poliunt
674 1557 757 1620 licite
785 1560 843 1619 emi
866 1560 968 1632 pretio
993 1559 1124 1621 minori.
1160 1561 1296 1624 matione
1318 1561 1460 1633 minoris,
1476 1579 1512 1622 ac
1532 1562 1563 1621 in
1584 1558 1631 1637 se,
1653 1560 1724 1623 lunt
1744 1565 1835 1637 pretii
1854 1586 1926 1630 cre·

360 1638 412 1706 Ita
431 1636 614 1717 probabilius
636 1654 743 1700 tenent
754 1634 828 1700 Soto
836 1684 846 1715 ,
867 1633 1040 1715 sylvester,
1056 1637 1125 1701 Mo-
1160 1642 1246 1717 dita,
1264 1637 1297 1703 &
1311 1635 1490 1715 chirogtaha
1511 1686 1523 1713 ,
1544 1659 1611 1714 quae
1632 1636 1692 1702 srne
1714 1637 1927 1724 difficultate,

362 1721 447 1797 lina,
468 1716 611 1796 Gabriel,
625 1715 850 1793 Bellarminus,
870 1717 957 1795 Lugo
976 1716 1126 1781 cumaliis
1160 1718 1294 1797 expenfis
1313 1766 1322 1795 ,
1342 1717 1476 1794 periculo
1496 1719 1604 1796 ,lucro
1623 1721 1786 1798 celante,
1815 1723 1849 1789 ἃ
1870 1724 1927 1790 da·

359 1798 437 1864 bene
457 1797 668 1874 multis,quia
686 1816 757 1861 cum
777 1811 814 1858 ut
834 1792 886 1872 ipsi
908 1798 970 1859 iarn
990 1794 1125 1860 sentiunt
1160 1817 1234 1863 mno
1255 1818 1337 1861 emer
1357 1815 1430 1860 ente
1454 1800 1535 1876 exigi
1559 1815 1714 1875 nequeunt
1735 1848 1745 1877 ,
1772 1799 1806 1866 ἀ
1831 1819 1942 1876 tanto,

362 1874 554 1954 adversarii,
577 1877 614 1939 ad
636 1874 692 1941 boc
708 1893 743 1939 ut
762 1880 880 1953 emptio
899 1874 976 1940 iusla
996 1871 1032 1940 srt
1053 1924 1062 1954 ,
1090 1897 1125 1940 ac
1161 1881 1290 1943 minoris
1305 1819 1521 1953 aehimantur,
1547 1896 1662 1953 quanto
1678 1883 1840 1945 maioribus
1861 1878 1926 1947 sub·

363 1960 477 2034 licita,
498 1954 613 2020 necesse
633 1953 669 2019 sit
690 1972 725 2019 ut
747 1951 884 2019 servetur
900 1955 1060 2031 equalitas
1080 1959 1126 2018 in·
1162 1963 1263 2023 iacent
1284 1957 1450 2035 periculis,
1480 1949 1741 2035 difficultatibus,
1759 1960 1928 2041 expensis,

363 2057 411 2103 ter
435 2037 573 2102 valorem
595 2036 665 2111 rei,
695 2032 744 2097 leu
773 2038 908 2108 mercis,
936 2056 997 2111 quo
1021 2035 1126 2100 eadem
1161 2039 1220 2105 &o
1242 2037 1321 2102 ltem
1338 2034 1422 2100 sirmi
1444 2036 1522 2111 quod
1544 2054 1666 2101 tanturn
1681 2036 1724 2102 est
1745 2041 1778 2103 in
1803 2038 1853 2118 spe
1869 2046 1929 2105 mi·

361 2117 497 2193 emitur,
517 2130 606 2204 uerat
622 2119 696 2193 Lrg.
713 2115 742 2190 fi
754 2111 937 2203 [ervum33.
954 2115 987 2196 ffi
1003 2116 1124 2194 adLeg·
1161 2123 1243 2185 noris
1268 2117 1356 2183 velet
1378 2164 1388 2191 ,
1412 2137 1505 2191 quam
1534 2116 1611 2192 quod
1632 2116 1675 2181 eli
1700 2121 1731 2181 in
1751 2116 1818 2183 aslu
1840 2169 1849 2197 ,
1877 2124 1927 2186 ita

300 2253 305 2263 .
360 2194 602 2275 Aquiliam&
623 2198 927 2273 appretiatum
958 2197 1007 2273 63.
1023 2195 1057 2275 ff.
1086 2194 1129 2259 aa
1160 2197 1240 2278 quod
1262 2195 1384 2261 dubium
1408 2194 1451 2259 est
1471 2244 1481 2273 ,
1504 2199 1604 2260 minus
1633 2195 1802 2263 aestimatur
1832 2222 1926 2277 quam

358 2282 430 2356 Leg.
445 2229 628 2350 Falcidrbm;
654 2275 723 2337 hinc
743 2272 1001 2352 creditum‚chiro
1023 2274 1126 2352 rapha,
1161 2279 1212 2358 id,
1230 2277 1312 2355 quod
1328 2275 1370 2340 est
1387 2289 1524 2340 certum.

361 2358 424 2445 seu·
436 2354 566 2433 census,
585 2374 653 2429 quae
670 2353 778 2446 valent
797 2371 922 2418 centum
930 2402 941 2433 ,
959 2296 1051 2419 srffne
1061 2354 1125 2419 ulla
1199 2354 1406 2434 chirographa
1426 2401 1435 2432 ,
1459 2356 1493 2420 bt
1518 2353 1618 2419 aliena
1644 2355 1759 2421 credita
1790 2357 1929 2424 huiusce·

361 2436 755 2511 difficultateoccurrentr,
774 2432 1123 2511 periculo,damno&c.
1161 2438 1242 2502 modi
1273 2438 1365 2501 licite.
1381 2436 1493 2499 minori
1520 2437 1620 2510 pretio
1644 2438 1704 2499 emi
1754 2437 1925 2503 olluntet-

361 2533 505 2579 emantur
526 2517 635 2577 minori
663 2515 790 2591 pretio,
816 2530 890 2591 puta
905 2532 954 2591 90.
980 2518 1053 2590 quia
1081 2514 1126 2579 l'o·
1162 2520 1223 2582 iam
1243 2515 1279 2580 ab
1299 2514 1406 2590 aliquo
1427 2513 1606 2591 particulari
1625 2516 1697 2590 ,qui
1777 2514 1862 2580 luam
1878 2523 1930 2581 in·

363 2595 518 2659 lummodo
537 2594 643 2669 aliquo
662 2612 799 2667 tempore
818 2594 1000 2670 expeelanda
1021 2592 1057 2658 lrt
1073 2614 1125 2663 eo·
1161 2595 1305 2661 dullriam
1327 2643 1336 2673 ,
1361 2592 1565 2669 &Principis
1593 2588 1732 2660 savorem
1750 2615 1838 2671 ‚0aut
1868 2593 1930 2661 ol-

362 2696 430 2739 rum
445 2673 585 2751 exustio,
603 2672 638 2740 &
657 2693 764 2737 eorum
784 2676 913 2750 pretium
935 2672 972 2738 ad
994 2673 1126 2751 praesens
1160 2675 1324 2755 licialium,
1344 2675 1395 2739 vel
1416 2670 1567 2748 ipsiusmet
1587 2670 1730 2737 debitoris
1753 2674 1807 2738 illa
1822 2680 1925 2755 exige·

362 2752 531 2831 solvatur,
555 2756 587 2816 in
609 2753 667 2817 tali
687 2754 845 2830 emptione
871 2754 1032 2832 aequalitas
1061 2757 1126 2832 p’ro·
1162 2775 1193 2820 re
1209 2754 1308 2834 potest
1329 2752 1391 2816 stne
1407 2749 1591 2817 difficultate
1611 2754 1795 2828 ,periculo,
1821 2776 1857 2819 ac
1873 2758 1928 2821 da·

362 2831 440 2898 festo
458 2855 521 2898 non
542 2829 788 2900 servaturrnam
799 2834 967 2912 creditum,
985 2850 1127 2911 certum,
1162 2858 1259 2913 mno,
1286 2832 1347 2897 srne
1363 2832 1469 2908 quibus
1485 2832 1538 2895 illa
1559 2834 1679 2911 exigere
1703 2837 1805 2909 nequit
1826 2834 1928 2899 credi·

363 2913 397 2979 ἃ
414 2914 562 2990 liqrridum
577 2931 704 2979 centum
725 2932 889 2988 aureorum
909 2935 1042 2993 proquo
1061 2914 1126 2976 exi·
1157 2936 1213 2984 tor
1231 2912 1314 2999 ipse,
1331 2932 1384 2978 aut
1407 2913 1484 2975 alius
1505 2912 1602 2976 alter.
1623 2911 1670 2975 Sic
1692 2913 1833 2989 Molinae,
1855 2910 1931 2978 Les·

361 2991 562 3074 geodonulla
576 2989 696 3137 grorsus
716 3011 803 3066 extat
824 2992 1018 3072 difficultas,
1050 2996 1128 3071 peri·
1162 2996 1219 3063 lius
1239 3045 1247 3072 ,
1264 2998 1375 3074 Lugo‚
1404 2992 1517 3056 Bonae.
1541 2994 1651 3069 allique
1672 3013 1734 3055 uon
1754 2998 1859 3068 pauci.
1884 2995 1925 3058 Et

362 3074 486 3152 culum,
503 3074 555 3136 vel
596 3095 743 3150 amrium,
768 3093 874 3138 revera
893 3075 980 3139 valet
1000 3093 1127 3138 centum
1163 3080 1244 3143 ratio
1262 3076 1305 3137 ell
1325 3078 1396 3150 quia
1418 3073 1506 3136 valor
1521 3078 1564 3134 rei
1581 3093 1644 3135 non
1663 3070 1706 3136 est
1729 3072 1928 3138 desumendus

363 3174 472 3217 aureos
488 3201 497 3229 ,
511 3173 566 3217 nce
586 3154 696 3218 dilatio
715 3154 874 3217 solutionis
897 3158 1033 3218 minuere
1061 3172 1127 3230 pot·
1163 3180 1180 3222 a
1197 3158 1319 3234 privata
1344 3149 1518 3227 industria,
1539 3146 1646 3217 favore
1666 3201 1676 3228 ,
1701 3169 1755 3216 aut
1785 3154 1929 3218 utilitate

364 3234 535 3298 elicorum
552 3233 712 3317 valorem,
743 3235 819 3301 alias
846 3253 900 3311 pro
915 3234 1063 3298 dilatione
1083 3229 1127 3295 so·
1163 3237 1289 3303 alicuius
1309 3231 1513 3309 particulari,
1540 3228 1588 3294 sed
1605 3252 1645 3292 ex
1663 3236 1820 3296 communi
1842 3230 1927 3297 aelli-

363 3313 521 3390 lotionis,
546 3312 580 3378 ἀ
600 3312 739 3390 praesenti
759 3317 969 3378 numeratione
990 3314 1127 3390 pecuniae
1163 3319 1299 3381 motione
1324 3362 1333 3390 ,
1353 3334 1412 3388 qua
1435 3315 1640 3375 communiter
1667 3311 1872 3376 aellimaretur
1902 3308 1926 3375 fi

364 3392 451 3471 licita
472 3389 559 3456 fieres
579 3394 688 3471 usaue,
706 3394 786 3468 quod
806 3393 1128 3472 exprell'edamnatum
1202 3395 1263 3460 lam
1279 3408 1501 3469 proponeretur
1511 3392 1631 3457 venalis
1644 3415 1655 3466 ς
1670 3395 1744 3467 quia
1757 3397 1854 3467 maior
1862 3396 1928 3456 uti-

363 3469 407 3536 est
429 3471 464 3536 ab
486 3470 667 3536 Innocentio
684 3473 726 3557 ill
759 3475 791 3534 in
809 3471 1011 3550 proposi-tione
1037 3492 1127 3550 ,quar
1176 3481 1341 3551 itas,quae
1358 3492 1441 3534 nunc
1456 3473 1587 3545 emptori
1602 3469 1775 3549 accrescit,
1804 3490 1928 3536 nooex

363 3551 472 3615 ordine
492 3551 691 3631 ell41.sum
712 3565 867 3619 numerata
875 3550 1001 3632 pecunia
1016 3554 1127 3633 firpre·
1165 3554 1222 3632 ipsa
1243 3573 1275 3618 re
1312 3550 1491 3616 roficrscrtur
1512 3599 1521 3627 ,
1548 3571 1603 3613 nec
1622 3571 1673 3625 per
1692 3547 1721 3613 se
1741 3569 1930 3639 nocetflven·

364 3631 456 3711 nostor
485 3636 668 3698 numeranda
687 3684 696 3710 ,
725 3633 764 3700 s?
780 3635 880 3697 nullus
894 3635 935 3712 fir
954 3680 964 3711 ,
990 3631 1042 3708 qur·
1070 3654 1127 3694 non
1163 3635 1273 3710 ditoti,
1289 3575 1339 3697 iel
1356 3649 1425 3695 tota
1440 3635 1541 3695 oritur
1558 3652 1597 3693 ex
1615 3630 1779 3706 indullria,
1801 3631 1852 3694 vel
1864 3628 1930 3693 for·

282 3750 284 3754 >
362 3710 483 3776 maioris
497 3709 596 3795 siurim
613 3706 1130 3793 prcunimrapraesmtm,qrairmfu·
1165 3735 1241 3780 tuna
1260 3715 1434 3790 emptoris,
1462 3732 1496 3774 ac
1515 3711 1638 3784 proinde
1656 3711 1719 3772 baec
1739 3713 1863 3793 utilitas¹
1882 3706 1928 3772 est

362 3805 461 3856 turam
480 3841 489 3869 ,
513 3794 600 3875 polest
619 3794 744 3860 creditor
762 3793 878 3872 aliquid
891 3794 971 3857 ultra
984 3792 1129 3871 sorlema
1166 3797 1322 3876 proprium
1338 3794 1484 3868 emptoris
1504 3790 1637 3864 bonum,
1656 3788 1811 3854 &idcirco
1827 3789 1930 3852 eidem

361 3874 544 3935 mutuatorie
559 3873 693 3954 exigere,
716 3876 756 3941 ss
779 3896 809 3939 eo
829 3872 919 3938 tilulo
936 3872 1129 3952 abusurnex·
1165 3874 1257 3940 vendi
1279 3877 1383 3948 nequit
1403 3871 1440 3935 ab
1454 3873 1576 3958 e0‚,qui
1596 3869 1832 3948 chirographum
1851 3883 1929 3935 ven·

362 3951 477 4029 rasari.
511 3953 550 4015 Et
579 3961 688 4020 r'evera
708 3959 758 4032 qui
778 3952 1039 4032 chirographum,
1071 3968 1127 4015 aut
1164 3956 1235 4032 dit,
1261 3958 1316 4019 eit.
1345 3957 1424 4032 Lege
1449 3963 1544 4029 pretia
1581 3970 1703 4012 rerum.
1740 3948 1830 4014 Unde
1856 3968 1932 4012 etum

366 4032 447 4096 aliud
468 4033 619 4097 creditum
634 4053 760 4100 centum
780 4054 976 4117 nummorum
998 4029 1060 4108 post
1078 4029 1129 4095 sex
1166 4037 1265 4100 aliena
1285 4035 1421 4110 credita,
1441 4052 1476 4094 ac
1495 4031 1693 4108 chirographa
1716 4033 1836 4094 ratione
1852 4023 1931 4092 diffi-

365 4109 479 4175 menses
499 4130 585 4177 cette
614 4114 674 4178 line
702 4114 768 4178 ulla
795 4113 984 4191 oppositione
1010 4110 1132 4177 solveu·
1164 4116 1309 4186 calcatis,
1329 4112 1364 4180 ἀ
1384 4109 1568 4175 incommodi
1587 4113 1617 4171 in
1637 4110 1682 4174 bis
1698 4108 1854 4188 exigendis
1871 4109 1930 4171 mi·

365 4191 473 4255 dorum
491 4212 571 4256 nune
592 4199 668 4259 emit
692 4193 753 4259 hue
781 4193 846 4258 ullo
862 4194 914 4258 luo
943 4193 1056 4258 damno
1075 4211 1132 4270 pro
1166 4217 1222 4260 nus
1241 4196 1395 4261 communi
1416 4188 1620 4255 rellimatioue
1638 4239 1650 4267 ,
1667 4213 1701 4254 ac
1719 4191 1829 4253 iudicio
1849 4184 1931 4253 aellr·

364 4271 510 4334 dilatione
527 4269 687 4338 solutionis
711 4265 878 4353 oonaffirta
907 4270 1132 4351 presentibus,
1166 4293 1309 4349 mentun,
1330 4276 1368 4336 lic
1389 4272 1516 4335 minoris
1536 4275 1650 4348 poterit
1668 4271 1835 4333 illaeniete
1856 4266 1929 4332 talis

363 4350 443 4414 idem
473 4349 548 4416 lacit
579 4374 613 4417 ac
635 4354 654 4414 li
675 4373 724 4432 90.
756 4355 845 4421 daret
872 4373 983 4418 mutuo
1001 4374 1040 4418 ea
1057 4372 1131 4416 con·
1165 4359 1261 4421 etiam
1283 4353 1505 4436 particularis,
1533 4356 1583 4427 qui
1602 4351 1641 4414 ob
1662 4349 1818 4426 specialem
1847 4345 1931 4436 luam

365 4431 482 4494 ditione
503 4479 513 4507 ,
541 4451 575 4496 ut
597 4435 661 4512 poll
679 4439 729 4497 lex
746 4433 864 4499 menses
877 4452 1002 4498 centum
1021 4436 1132 4507 recipe·
1167 4433 1365 4512 industriam,
1381 4431 1430 4495 vel
1452 4428 1594 4494 favorem
1616 4433 1780 4507 Principis,
1801 4428 1932 4492 Officia.-

365 4526 437 4585 ret,-
455 4511 533 4587 quoi
550 4514 671 4590 quando
691 4535 751 4579 non
769 4514 843 4579 adfit
860 4517 972 4590 aliquis
991 4512 1131 4577 iullusti·
1167 4516 1240 4578 lium
1258 4562 1267 4591 ,
1282 4512 1333 4578 seu
1352 4516 1446 4576 etiam
1468 4509 1618 4589 ipsiusmet
1639 4511 1788 4575 debitoris
1808 4511 1932 4587 exigere

367 4591 449 4654 tulus
469 4593 632 4671 excusans,
649 4591 689 4657 eli
713 4615 797 4659 meta
818 4594 925 4659 usura.
1167 4592 1255 4675 possit
1276 4592 1337 4657 sine
1358 4589 1561 4666 difficultate,
1576 4590 1610 4656 δι
1627 4590 1819 4654 incommodo
1840 4611 1859 4672 εΙ
1872 4588 1930 4650 hoc

405 4669 611 4750 Chirograpba
630 4680 727 4753 vero,
744 4677 860 4751 aliaque
879 4675 1015 4757 credita,
1035 4692 1132 4749 quan·
1166 4679 1250 4738 enim
1270 4677 1412 4751 imputari
1433 4672 1521 4736 debet
1542 4670 1602 4736 luae
1629 4670 1748 4747 speciali
1769 4664 1904 4734 fortunae
1918 4684 1932 4741 ·,

366 4753 483 4816 tumvis
505 4772 607 4830 certa,
639 4751 744 4819 srsrne
765 4753 920 4831 molellia,
939 4751 1132 4830 difficultate,
1166 4754 1387 4821 &iniustum
1411 4754 1451 4818 Et
1470 4751 1623 4823 hocidem
1645 4752 1786 4814 illicitum
1809 4765 1932 4812 nonre-

366 4829 551 4908 odiosrtate,
570 4835 656 4899 lucro
674 4837 835 4912 cellante,
852 4835 964 4901 damno
979 4854 1132 4910 emergen·
1168 4852 1297 4913 putatur
1312 4855 1352 4900 ne
1371 4835 1494 4911 qtsidem
1512 4830 1579 4909 lpus
1598 4829 1746 4901 Ministris
1766 4877 1779 4908 ,
1800 4852 1836 4893 ae
1853 4823 1930 4889 ossi·

368 4927 402 4974 te
417 4916 496 4988 exigi
519 4932 694 4992 nequeunt,
712 4916 835 4993 valide,
847 4936 881 4980 ae
897 4916 982 4980 licite
991 4916 1050 4976 emi
1069 4914 1132 4991 pol·
1167 4915 1315 4994 cialibus,
1333 4918 1382 4991 qui
1399 4919 1572 4990 Principum
1590 4959 1602 4988 ,
1624 4914 1795 4976 aliorumve
1816 4908 1933 4971 debito·

366 4986 440 5057 sunt
459 4994 568 5055 minori
590 4997 689 5073 pretio
709 5000 798 5060 iuxta
819 5013 924 5061 tamen
950 4995 1132 5072 qualitatem
1170 5020 1237 5062 rum
1258 5004 1397 5073 pecunias
1415 4991 1652 5071 adrnruillrant,
1680 5010 1790 5075 nempe
1809 4990 1838 5052 bi
1864 5005 1933 5062 quo·

368 5067 561 5136 difficultatis
575 5121 586 5151 ,
599 5075 744 5154 periculi„
763 5077 884 5155 damni,
901 5072 1130 5143 &huiusmodi.
1169 5099 1229 5156 que
1250 5077 1334 5143 licite
1354 5075 1576 5155 chirographa,
1589 5097 1624 5139 ac
1644 5072 1764 5138 credita
1776 5063 1933 5161 ergasuoe

1692 5182 1697 5186 -
1813 5170 1895 5210 nrm-
1921 5180 1927 5197 ·
