4425 6000
454 553 533 645 478
702 546 878 624 fl'rcacr.
904 570 963 624 us
992 547 1245 622 Preoarrls
1275 546 1489 621 &curun
1517 546 1618 622 Car.
1645 548 1691 621 il.

404 655 602 725 etquirunta
624 648 825 732 privilegiatis
866 646 902 712 ad
924 647 1055 712 decimas
1065 664 1177 711 teneo·
1212 645 1300 714 lonus
1316 668 1327 725 l
1344 643 1424 711 unde
1438 645 1539 712 media
1559 651 1611 714 via
1631 645 1669 715 ab
1685 659 1817 726 utroque
1835 647 1983 721 incedes,-

405 746 483 809 tur,
508 751 584 807 quas
599 732 719 810 quidem
738 694 917 805 quansoque
934 728 1052 818 solvere
1063 727 1173 792 debent
1210 727 1298 792 dum.

403 807 566 890 Parocho,
586 811 765 889 quandoque
784 806 949 872 universali
972 808 1171 872 decimatori.
1249 807 1280 872 Si
1303 824 1379 872 vero
1402 820 1439 874 ut
1455 804 1567 870 alicubi
1591 805 1772 873 observatur
1798 808 1895 874 moris
1917 808 1979 886 fit,

405 889 546 956 Perocho
566 892 690 968 quidem
710 888 731 951 sr
748 885 899 966 praedium
925 908 944 951 a
970 887 1080 965 privile
1101 889 1175 950 iaris
1211 882 1260 954 seu
1277 884 1453 962 presente,
1484 882 1576 952 seusr
1600 886 1698 952 adesse
1719 885 1839 953 recuset
1856 884 1981 954 absente

403 967 565 1034 eonditum
601 988 694 1034 antea
718 989 738 1033 a
766 965 894 1031 decimis
919 965 1047 1032 liberum
1074 908 1174 1034 suerit
1209 963 1346 1031 Paruelro
1362 985 1454 1044 agnos
1473 965 1636 1030 decimales
1663 965 1778 1045 signare
1804 1015 1814 1042 ,
1841 969 1905 1030 iam
1921 965 1979 1031 iisr

406 1068 499 1124 quam
518 1050 684 1114 decimandi
707 1052 755 1111 ius
771 1044 947 1113 concessum
966 1044 1072 1115 suisset
1090 1046 1173 1110 deci·
1210 1063 1338 1122 pereant
1355 1044 1492 1123 peribunt
1512 1046 1708 1123 decimatori,
1730 1046 1764 1110 ἃ
1780 1045 1819 1110 de
1827 1043 1890 1111 sola
1901 1047 1978 1122 pelle

407 1134 540 1194 marori:
562 1131 658 1194 eidem
676 1145 751 1194 vero
770 1125 1009 1204 decimatori,sr
1028 1143 1101 1189 ante
1112 1129 1175 1206 pri·
1209 1126 1366 1195 tenebitur
1377 1123 1528 1192 Collunus
1545 1124 1683 1202 praeilito
1703 1144 1808 1192 tannen
1820 1129 1976 1189 iuramen-

405 1210 555 1288 ttilegium
575 1210 708 1275 decimas
723 1209 890 1283 perceperit
900 1225 940 1270 ex
950 1204 1088 1282 praedidio
1096 1227 1174 1278 prae·
1209 1223 1269 1285 to,
1288 1204 1435 1270 deeimale
1457 1206 1570 1273 animai
1591 1205 1644 1271 sua
1657 1206 1748 1284 culpa
1766 1226 1832 1272 oon
1848 1207 1974 1286 perille5

407 1286 479 1369 dio,
499 1294 570 1367 quia
588 1287 721 1370 postulat
741 1291 871 1363 aequlras
888 1284 1173 1351 uccellantecausia
1209 1289 1255 1353 ita
1274 1281 1458 1360 Van-Espcn
1477 1285 1536 1349 hic.
1552 1307 1581 1351 c·
1602 1285 1631 1349 8.

409 1388 462 1445 per
479 1390 571 1446 quam
589 1371 657 1447 quis
681 1388 704 1430 a
725 1369 791 1431 iure
810 1359 865 1430 suo
879 1364 994 1433 excidit
1013 1412 1023 1443 ,
1051 1368 1076 1429 is
1093 1366 1173 1435 idem
1246 1366 1277 1427 si
1295 1365 1445 1429 Dominus
1459 1363 1569 1443 Gregis
1594 1385 1713 1443 gregem
1729 1363 1790 1430 srne
1808 1363 1883 1429 dolo
1901 1411 1910 1445 ,
1941 1362 1973 1431 dt

338 1509 343 1519 ,
411 1453 458 1514 ios
476 1453 565 1516 snum
586 1463 765 1527 recuperet.
1209 1443 1270 1515 stne
1286 1445 1358 1508 odio
1378 1447 1411 1507 in
1429 1441 1514 1507 suum
1530 1446 1683 1512 Pastorem
1701 1448 1884 1509 innocenter
1904 1465 1976 1507 ven·

406 1553 410 1568 ·
438 1563 442 1572 ·
671 1545 674 1550 ’
1207 1525 1319 1589 diderit
1341 1540 1414 1588 ante
1438 1539 1558 1602 tempus
1583 1522 1841 1600 tonsilicationis,
1874 1520 1908 1589 ἃ
1923 1521 1975 1592 l'ae·

734 1613 762 1674 §-
803 1607 843 1670 V.
1209 1622 1298 1669 tuum
1352 1603 1391 1667 de
1408 1603 1489 1669 nulla
1516 1609 1632 1672 reitate
1653 1603 1695 1666 ell
1720 1603 1972 1682 redarguendus,

464 1719 509 1797 ve
526 1737 679 1807 om
706 1721 748 1791 a
767 1723 877 1800 m,
989 1721 1108 1788 nm
1207 1652 1903 1844 ”ull‘ultilissimum
1923 1758 1975 1828 u

405 1852 413 1867 “
652 1803 825 1887 praestandae
836 1799 927 1884 sm·
954 1922 961 1935 ⁹
1027 1921 1032 1932 ‚
1206 1842 1389 1911 servandum
1411 1845 1534 1920 primo,
1555 1862 1608 1907 eas
1635 1842 1759 1907 extrahi
1777 1839 1975 1934 debereante

285 1987 289 1996 ,
445 1922 543 1987 Nulla
567 1940 726 1986 occurrere
755 1917 854 1996 potest
874 1940 977 2002 gravis
1004 1917 1169 1983 difficultas
1206 1943 1326 1989 ornnem
1343 1919 1492 1987 srusluum
1515 1919 1759 1998 perfossionem,
1789 1920 1863 1987 rdell
1885 1913 1973 1997 prius·

271 2009 299 2048 ··’
403 2004 487 2067 circa
504 2019 623 2078 tempus
640 2048 649 2078 ,
669 2019 729 2076 quo
743 2000 869 2064 decimae
897 1997 968 2065 sunt
988 1996 1170 2075 solvendae,
1227 2023 1298 2066 uam
1307 2004 1486 2079 gravamina
1496 2021 1709 2080 quaecumque,
1729 1998 1973 2077 quibuslirbiedla

406 2102 478 2146 uam
494 2081 622 2146 decimae
644 2076 794 2145 frulluum
809 2078 957 2172 debentur
974 2078 1080 2143 eodem
1094 2095 1169 2142 tem.
1205 2025 1279 2147 lunt
1298 2082 1428 2158 praedia,
1448 2078 1609 2146 solvantur
1630 2080 1973 2165 luxtadecretumCou·

446 2179 497 2237 re,
512 2180 573 2238 quo
592 2159 682 2224 iidem
698 2154 811 2223 frustm
830 2157 1041 2236 colliguntur.
1064 2157 1170 2221 Solum
1204 2162 1269 2228 tilii
1293 2157 1506 2226 Lateranensrr
1529 2160 1623 2226 habiti
1646 2181 1728 2224 anno
1750 2178 1804 2221 nr
1811 2180 1837 2238 5.
1859 2164 1972 2231 Sialet-

426 2242 452 2303 ic
469 2242 618 2317 precipue
636 2238 807 2304 notandum
830 2235 873 2301 est
902 2238 982 2312 quod
1006 2234 1170 2312 srpraemo·
1205 2264 1294 2305 mur.
1318 2287 1326 2304 .
1350 2284 1385 2303 ..
1410 2238 1592 2307 excisionem
1613 2238 1822 2317 tribulorum,
1851 2239 1894 2309 (5
1909 2257 1972 2300 cen·

403 2321 473 2385 nito
491 2316 547 2384 suo
567 2337 730 2396 tempore,
757 2312 831 2381 idest
847 2314 950 2379 Meliss
972 2362 981 2393 ,
1006 2314 1041 2381 δι
1058 2316 1169 2381 Vinde·
1196 2323 1292 2397 Juum
1304 2319 1451 2398 pracedat
1471 2316 1577 2398 filiatio
1601 2319 1785 2385 decimarum
1803 2366 1813 2396 ,
1844 2318 1895 2385 vel
1916 2315 1972 2403 sal·

401 2400 492 2479 miae,
507 2400 691 2463 decimatore
706 2418 762 2475 pro
776 2396 900 2462 decimis
919 2395 1112 2474 colligendis,
1128 2417 1169 2460 ex
1205 2417 1269 2464 tem
1284 2401 1318 2463 li
1331 2401 1373 2464 ad
1385 2420 1453 2476 quos
1477 2399 1580 2476 census
1596 2448 1605 2476 ,
1640 2401 1698 2465 vel
1724 2397 1837 2466 triluca
1864 2395 1971 2460 indeci-

402 2482 468 2543 eius
487 2478 787 2557 negligentia,quia
807 2479 932 2538 nimiam
947 2473 1168 2543 moramsaciat
1204 2491 1286 2543 nala
1316 2479 1529 2558 pervenerim,
1554 2479 1625 2557 quia
1652 2498 1780 2542 reseram
1808 2496 1897 2541 onere
1916 2472 1970 2553 sm

400 2558 434 2619 in
453 2558 626 2635 colligendo
644 2558 806 2634 patiantur
824 2602 834 2632 ,
852 2553 886 2619 dt
903 2572 1030 2630 pereant
1045 2553 1101 2635 ipsr
1116 2555 1168 2619 de·
1204 2561 1327 2637 srarfit,
1344 2581 1379 2623 ea
1392 2576 1444 2636 ptr
1458 2556 1594 2636 censuras
1608 2560 1817 2637 Ecclefieflicas
1829 2556 1971 2621 decimare

400 2641 541 2703 rimatorl
556 2639 716 2716 pariuntur
735 2684 744 2709 ,
762 2634 796 2701 δι
811 2649 942 2709 pereunt
968 2674 977 2710 ,
1001 2630 1036 2702 δι
1055 2653 1095 2716 err
1111 2655 1168 2712 op·
1203 2650 1339 2719 cogarrler
1355 2638 1486 2716 Ecclefiis
1506 2687 1515 2713 ,
1543 2636 1647 2715 quidus
1672 2639 1707 2703 dr
1726 2639 1791 2702 iure
1814 2637 1969 2702 debelrem.

401 2715 500 2797 posito
515 2717 594 2781 idem
605 2719 698 2779 etiam
719 2713 881 2779 dicendum
889 2712 926 2777 de
935 2710 1074 2778 solvente
1088 2714 1168 2778 deci·
1204 2739 1228 2782 c.
1251 2734 1299 2801 33.
1323 2718 1363 2784 de
1383 2717 1534 2794 oreimis,
1553 2716 1662 2784 &iure
1677 2720 1790 2783 merito
1807 2718 1865 2781 hoc
1882 2716 1971 2778 slatu-

399 2816 466 2862 mas
484 2794 504 2859 sr
524 2797 589 2863 eius
609 2797 725 2859 incuria
746 2793 801 2858 hoc
817 2795 944 2857 eveniat
965 2840 974 2869 ,
998 2796 1097 2856 teneri
1112 2791 1168 2858 sti·
1204 2815 1270 2865 tum
1286 2795 1453 2875 suit,quia
1473 2799 1599 2865 dccimae
1620 2800 1807 2875 antiquiores
1817 2797 1889 2860 sunt
1900 2813 1971 2871 quo·

400 2876 474 2942 licet
500 2874 695 2953 compensare
724 2873 941 2939 decimatorem
964 2872 1004 2935 de
1027 2872 1167 2956 damno,
1202 2897 1334 2953 cumque
1360 2874 1492 2945 censuali
1523 2880 1589 2941 iure
1607 2925 1617 2955 ,
1637 2877 1673 2942 dc
1699 2876 1849 2941 nobiliore
1877 2873 1971 2939 titulo

399 2956 479 3037 quod
496 2960 527 3020 in
546 2954 658 3024 eisdem
678 2957 707 3020 ci
723 2953 904 3021 obveniret.
1203 2956 1402 3038 praeslautur.
1424 2958 1536 3021 Pontas
1558 2955 1607 3022 hic
1628 2979 1699 3021 cum
1715 2956 1784 3021 aliis
1799 2954 1861 3021 cas.
1880 2954 1908 3018 8.

437 3039 512 3102 Nou
528 3037 602 3117 litet
618 3035 747 3111 pecudes
764 3033 803 3100 ad
822 3031 932 3112 pasqua
950 3032 1066 3127 ‚ducere
1086 3034 1118 3096 in
1134 3053 1167 3098 a·
1242 3035 1322 3103 lrem
1341 3038 1467 3104 deeimae
1484 3038 1640 3112 praediales
1660 3035 1809 3103 debentur
1826 3054 1899 3101 anre
1919 3034 1968 3097 de-
1988 3066 2021 3114 υ,

397 3132 487 3259 ἕως,
508 3115 563 3181 nisr
580 3115 650 3179 inde
670 3114 799 3180 sublatz
816 3111 875 3179 sint
892 3113 1037 3190 decime,
1052 3112 1102 3176 sed
1111 3114 1166 3177 de·
1201 3115 1371 3184 duilionem
1385 3114 1596 3193 cuiuscumque
1611 3117 1751 3194 expensae
1767 3134 1885 3181 utrum
1908 3134 2021 3191 cat-pm

418 3198 480 3262 itor
495 3199 544 3274 mi
565 3214 628 3258 non
653 3195 744 3261 debet
771 3196 854 3258 ultra
879 3189 966 3257 suum
992 3213 1070 3258 onus
1097 3213 1166 3270 per·
1201 3202 1275 3263 reris
1291 3215 1381 3262 notat
1398 3195 1590 3277 Cabasiutius
1606 3199 1641 3263 l„
1655 3216 1686 3258 2.
1701 3213 1787 3273 029.
1810 3217 1840 3259 n.
1854 3211 1882 3272 3.
1906 3192 2021 3258 Urs-llb

395 3277 569 3352 graveriis
592 3273 741 3369 libereris
767 3293 785 3336 a
809 3272 997 3411 detrimento
1027 3292 1078 3365 per
1101 3293 1167 3350 gre·
1200 3277 1237 3340 de
1254 3275 1291 3371 lit
1312 3292 1349 3340 ut
1374 3297 1413 3340 ne
1440 3274 1559 3340 seminis
1591 3278 1710 3353 quidem
1738 3280 1797 3342 iam
1826 3276 1968 3360 decimati
1983 3269 2021 3369 22}

395 3354 564 3499 l‘l‘slll
581 3350 1167 3508 lllllillltlillil‘llilll
1199 3356 1483 3514 stilletis
1502 3354 1970 3512 ,ll‘tillfflnsllzilil
1984 3395 2021 3493 ll

396 3530 464 3580 tore
484 3515 611 3578 decime
629 3512 668 3575 ibi
686 3509 797 3576 relrdlz
818 3529 879 3574 non
896 3506 1073 3576 eserantur.
1199 3519 1317 3593 magnis
1333 3514 1471 3592 expensis
1504 3513 1792 3581 adamnificatione
1820 3518 1967 3590 praecipue
1981 3523 2021 3573 ειν

431 3595 466 3657 st
483 3594 581 3674 plures
610 3594 656 3655 ius
681 3589 815 3655 habeant
846 3590 1008 3654 dividuum
1034 3591 1165 3654 &cimas
1199 3615 1376 3673 aquarum,
1412 3597 1517 3659 vocari
1559 3594 1642 3672 posse
1673 3593 1905 3668 decimatores,
1937 3591 1968 3658 dr

396 3672 577 3752 percipiendi
594 3668 876 3745 exeodeusundo,
897 3669 1164 3748 penesl’arochum
1198 3694 1319 3751 reqrmm
1350 3673 1394 3739 esi
1421 3676 1548 3751 etiam,
1585 3690 1622 3737 ut
1648 3691 1839 3739 concurrant
1867 3674 1968 3749 aliqua

282 3805 306 3835 ,-
395 3758 457 3820 erit
471 3752 602 3819 electio.
1199 3773 1285 3834 parte
1301 3754 1339 3818 ad
1357 3754 1452 3824 didlas
1467 3752 1615 3830 expensas
1638 3798 1647 3828 ,
1667 3755 1718 3830 qui
1740 3753 1811 3816 ideo
1827 3756 1861 3815 in
1875 3751 1967 3822 Flan-

256 3820 384 3900 ΨΜ·
436 3834 527 3911 Quod
554 3834 688 3909 pertinet
717 3830 753 3896 ad
782 3831 913 3895 decimas
937 3851 1080 3908 pecorum
1104 3829 1164 3896 ser·
1197 3835 1262 3899 dria
1292 3852 1329 3898 ut
1353 3838 1491 3898 animent
1514 3832 1673 3911 Agricolas
1704 3830 1743 3895 ad
1784 3832 1966 3909 reparandas

258 3901 499 4002 {fflff'vands
521 3910 564 3978 esi
589 3904 733 3988 cuiusque
760 3912 817 3976 loci
845 3906 1034 3976 consuetudo
1063 3911 1162 3988 quoad
1197 3913 1385 3979 excolendas
1400 3934 1439 3978 ue
1468 3931 1568 3977 terras
1601 3932 1656 3989 pro
1685 3915 1865 3989 gravamine
1889 3911 1966 3974 sum·

257 4013 381 4078 carpana·
396 4008 538 4072 tempus,
552 3992 652 4075 quoad
672 4010 852 4085 nunterum,
871 3988 906 4054 dt
925 3991 1025 4065 quoad
1044 3990 1132 4055 lanas
1154 4039 1164 4071 ,
1198 4010 1328 4071 ptuum,
1348 3936 1481 4057 tniuere
1498 3989 1597 4055 solent
1616 4011 1655 4056 erc
1667 4009 1757 4066 toto,
1781 3992 1832 4056 vel
1851 3996 1882 4055 in
1900 4012 1965 4067 par·

254 4073 291 4127 erl
321 4091 380 4134 cor.
397 4088 470 4151 que
493 4070 659 4150 aliquando
672 4089 771 4136 etlam
787 4068 950 4134 errovrbus
978 4067 1084 4135 otiosrs
1103 4068 1163 4135 sol·
1200 4090 1233 4138 te
1262 4074 1300 4137 ad
1335 4074 1455 4151 aliquot
1492 4089 1588 4138 anuos
1622 4074 1854 4136 immunitatem
1888 4071 1967 4135 deci·

256 4140 364 4194 “ml‘’
396 4170 531 4230 suntor,
547 4149 708 4227 aliquando
724 4146 935 4215 solumodoex
951 4152 986 4215 iis
1023 4169 1091 4225 quoe
1110 4148 1163 4216 sae·
1197 4173 1341 4217 marum.

267 4216 443 4299 ⁰⁶⁰¹''m‘tui
468 4231 596 4298 serendo
621 4228 691 4296 sumt
721 4245 819 4308 aptae.
851 4228 932 4292 stem
960 4197 1162 4293 definiendum
1239 4233 1273 4296 ln
1294 4234 1424 4297 materia
1443 4231 1629 4297 decimarum
1640 4232 1746 4298 valere
1762 4229 1860 4308 potesl
1871 4226 1969 4320 'trans-

393 4332 434 4381 ex
448 4311 665 4380 consuetudine
683 4326 749 4387 suu
767 4325 905 4386 temporo
922 4305 1079 4402 solvende
1099 4306 1158 4374 srnt
1197 4312 1297 4389 asilo,
1319 4312 1371 4376 seu
1390 4315 1582 4390 conventio,
1599 4310 1675 4376 sadia
1696 4329 1801 4375 tamen
1822 4333 1894 4374 cum
1910 4311 1966 4372 surr

395 4393 652 4460 decineerrdem
669 4391 826 4455 Carnariae
878 4406 951 4451 nam
970 4388 1079 4452 alicubi
1102 4388 1162 4453 lla·
1196 4390 1435 4457 sormalitatibos
1462 4392 1502 4455 ad
1528 4391 1747 4457 alienationem
1768 4387 1965 4456 Ecclesiastici

395 4488 502 4538 tutum
520 4470 563 4537 cll
582 4521 591 4552 ,
607 4484 642 4537 ut
671 4473 754 4535 intra
772 4436 947 4559 Pesclralem
974 4468 1161 4559 quindenam
1196 4473 1267 4537 boni
1285 4472 1493 4548 necessarias,
1524 4476 1558 4534 vi
1586 4475 1673 4535 cuius
1698 4471 1825 4535 decimat
1851 4472 1967 4534 nonin

395 4549 575 4631 solvantur,
591 4552 661 4617 alibi
681 4566 720 4615 ut
740 4548 789 4614 die
806 4568 901 4624 prlma
916 4545 997 4610 lunii
1009 4593 1019 4624 ‚
1032 4547 1104 4611 alibi
1125 4565 1161 4614 itt
1197 4549 1321 4630 specie,
1343 4547 1438 4614 sedin
1459 4567 1548 4615 certa
1575 4571 1738 4631 granorum
1758 4551 1807 4613 vel
1831 4551 1966 4628 peculia

390 4630 470 4698 seria
486 4636 592 4710 quinta
611 4634 646 4694 in
662 4630 766 4695 &ena
785 4627 927 4703 Domini,
944 4626 1083 4703 alioquin
1098 4630 1162 4693 iam
1195 4633 1318 4695 Sumna
1334 4629 1511 4704 doleantur,
1531 4631 1569 4694 de
1587 4646 1850 4707 quaconventum
1862 4628 1920 4704 srt,
1935 4627 1966 4691 dc

393 4710 558 4793 sumptibus
595 4708 723 4775 Perochi
756 4706 901 4770 animalia
928 4710 1157 4771 enutriuntur.
1197 4707 1365 4776 huiusmodi
1381 4708 1534 4787 prillones
1554 4711 1630 4773 nihil
1642 4709 1836 4774 habentmali
1858 4707 1966 4771 srfiant

391 4791 470 4856 Non
490 4807 617 4856 tenetur
638 4806 743 4854 tamen
762 4785 912 4851 Paroclrus
935 4786 1039 4851 Pullos
1063 4787 1162 4854 adlruc
1196 4790 1328 4855 servatis
1347 4787 1503 4854 servandis
1523 4812 1532 4867 ;
1562 4793 1627 4854 imo
1651 4790 1815 4864 aliquando
1832 4783 1966 4866 prodesse

391 4868 538 4937 salientes
565 4872 725 4947 recipere,
769 4865 846 4931 alias
874 4864 926 4930 fibi
965 4865 1090 4932 inutiles
1120 4864 1161 4930 su
1199 4869 1320 4948 possunt
1336 4889 1408 4934 rum
1424 4871 1461 4933 de
1482 4869 1742 4934 minutisdecimr's
1763 4873 1889 4948 agitur,
1907 4869 1969 4932 lraec

392 4968 490 5029 rent,
514 4966 603 5028 porro
626 4965 662 5013 ut
686 4948 862 5026 pinguiores
898 4949 995 5026 gregis
1036 4965 1161 5025 agnos,
1194 4953 1279 5014 enim
1294 4966 1420 5026 propter
1440 4951 1484 5012 rci
1512 4951 1687 5014 exilitatem
1708 4997 1717 5025 ,
1738 4947 1773 5013 dc
1802 4953 1969 5015 incertitu-

391 5048 448 5095 aut
472 5030 591 5097 vitulos
617 5029 741 5106 exigere
765 5043 827 5090 non
854 5023 945 5090 debet
963 5025 1162 5106 decimator,
1195 5029 1299 5114 dinem
1328 5029 1507 5107 plerunque
1537 5032 1663 5104 pariunt
1680 5030 1802 5107 dubia,
1832 5032 1867 5096 δι’
1896 5026 1970 5093 diffi-

390 5110 433 5179 fic
455 5128 513 5180 uec
540 5108 807 5188 macilentiores,
834 5102 948 5175 offerre
976 5104 1067 5178 erbe
1092 5104 1163 5176 Col-
1193 5110 1350 5190 celestes,
1369 5127 1439 5188 quae
1457 5109 1544 5178 renel
1563 5108 1909 5258 determinatasulmma
1927 5129 1969 5173 re·

290 5225 293 5229 ·
517 5230 520 5235 ·
1830 5212 1931 5256 rmun-
