4425 6000
478 492 555 586 360
705 487 875 567 Tener.
904 512 960 563 nn
990 489 1246 565 Puncenrrs
1277 493 1497 567 Decarour
1529 494 1631 575 Cas,
1660 493 1704 568 V.

427 610 551 667 mnum,
575 586 723 664 praecipue
751 592 783 653 in
800 596 870 656 vita
890 593 918 655 ei
939 609 1000 652 non
1015 590 1194 667 immineat,
1227 591 1305 658 caede
1330 590 1517 672 abstinerent.
1546 592 1651 667 Quare
1675 594 1726 671 qui
1752 595 1916 674 expresse,
1936 598 1988 664 vel

428 689 481 733 eos
503 670 585 733 licite
595 670 804 737 occiderenon
813 672 911 749 posse,
932 665 1110 747 tametsiipsr
1121 690 1194 736 con·
1229 674 1326 736 tacite
1341 673 1532 736 mandaverit
1547 668 1685 750 sarnulo,
1700 674 1750 738 vel
1762 676 1850 741 alicui
1867 677 1990 743 alinho-

428 745 584 814 sciiessent
605 749 641 812 de
657 752 928 827 eiusinnocentia‚
949 751 1019 827 quia
1040 770 1146 816 revera
1162 756 1192 813 in
1228 751 1382 815 micidium
1409 747 1536 828 facere,
1557 771 1624 815 reus
1652 756 1712 816 erit
1740 759 1841 832 gravis
1870 758 1989 833 peccati

429 830 483 894 tali
508 831 576 897 calu
597 827 647 906 ipsi
668 849 723 893 net
744 831 878 908 direste,
898 853 954 895 nec
974 828 1136 907 indiresle,
1157 829 1194 892 si·
1228 831 1399 894 homicidii.
1430 831 1514 894 Nam
1536 830 1616 894 idem
1638 831 1682 895 esi
1706 854 1740 897 ac
1769 833 1863 912 siper
1894 833 1990 911 ipsum

426 926 480 975 cut
497 910 610 990 iudex,
631 911 665 977 &
687 909 874 986 advocatus,
895 911 993 975 essent
1011 911 1192 993 aggressores
1226 910 1377 974 occideret
1400 915 1485 998 iuxta
1502 910 1576 973 illud
1592 908 1741 998 effatum:
1759 914 1821 993 Qui
1832 914 1990 992 perusium

429 994 495 1052 eius
508 994 607 1068 vitae,
632 993 679 1054 cui
691 993 858 1066 periculum
874 989 1192 1068 iamsupponiturnon
1221 990 1379 1069 facis‚per
1394 989 1427 1067 se
1442 989 1535 1067 ipsum
1553 987 1654 1066 facere
1676 995 1822 1055 uidetur.
1852 994 1884 1054 Si
1912 1013 1991 1057 vern

429 1073 605 1133 imminere.
626 1071 656 1131 Si
678 1090 753 1133 vero
773 1072 934 1145 capiendus
955 1092 1015 1135 non
1036 1072 1077 1135 esi
1103 1076 1191 1135 inno-
1228 1089 1301 1135 ante
1328 1076 1545 1133 executionem
1573 1070 1750 1135 mandatum
1769 1076 1989 1150 revocaverit,

429 1169 521 1224 cens,
541 1148 589 1212 sed
620 1171 710 1226 reus,
741 1150 809 1232 huic
835 1149 950 1225 prorsus
979 1152 1123 1215 illicitum
1148 1150 1190 1213 est
1226 1149 1259 1214 dr
1288 1148 1360 1215 talis
1385 1152 1544 1213 revocatio
1568 1153 1738 1214 innotuerit
1767 1151 1991 1225 mandatario,

429 1228 459 1291 se
474 1225 634 1293 defendere
656 1230 692 1293 ab
708 1229 809 1291 iisdem
825 1229 965 1293 minillris
985 1251 1093 1293 eornm
1111 1234 1192 1295 occi·
1226 1230 1278 1294 vel
1299 1232 1423 1293 inimico
1437 1228 1617 1305 occidendo,
1642 1231 1713 1293 licet
1735 1251 1804 1293 reus
1824 1228 1862 1294 sit
1885 1251 1989 1308 pecca·

428 1306 529 1386 sione,
550 1330 587 1373 ne
608 1310 645 1373 ab
667 1309 712 1372 his
733 1312 869 1385 capiatur
893 1309 930 1373 ob
956 1306 1042 1386 strpra
1066 1310 1191 1375 allatam
1227 1313 1250 1371 ti
1277 1313 1460 1373 intentionis
1478 1307 1629 1372 homicidii
1644 1358 1653 1388 ,
1667 1329 1728 1372 non
1751 1327 1854 1372 tamen
1880 1329 1990 1372 execu-

427 1391 578 1452 rationem
609 1389 644 1452 de
671 1392 824 1466 exigentia
856 1388 925 1452 boni
948 1393 1133 1466 communis,
1154 1412 1192 1454 ne
1226 1393 1337 1464 tionis,
1357 1388 1892 1466 &ideonecpoenarum,quasob
1917 1388 1988 1450 illud

426 1465 553 1543 publicis
570 1467 712 1531 minillris
734 1474 765 1530 in
784 1473 935 1531 exercitio
961 1468 1002 1532 sui
1027 1466 1119 1532 officii
1140 1471 1190 1533 da·
1226 1475 1386 1533 incurrunt
1408 1467 1583 1531 homicidae.
1608 1470 1688 1530 Hinc
1709 1472 1750 1530 rei
1773 1470 1841 1530 sunt
1863 1466 1989 1530 homici-

428 1567 533 1610 mnum
564 1550 744 1612 inseratur.
773 1548 820 1611 Sic
844 1552 1050 1611 incarceratus
1072 1547 1189 1612 etiamsi
1226 1551 1288 1624 dii,
1307 1553 1357 1625 qui
1380 1548 1541 1611 homicidio
1565 1548 1783 1623 consentiunt,
1806 1564 1841 1609 ut
1863 1550 1896 1607 in
1919 1547 1988 1609 illud

427 1630 603 1705 innocens,
632 1650 668 1690 ne
691 1631 737 1691 uit
769 1628 853 1690 licite
883 1628 1020 1692 occidere
1056 1626 1191 1692 custodes
1227 1626 1375 1705 influant,
1395 1627 1561 1691 cuiusmodi
1579 1627 1648 1689 sunt
1669 1624 1896 1704 Principes‚&
1917 1627 1988 1689 iudi·

428 1709 555 1773 carceris
571 1755 583 1783 ,
597 1725 630 1770 ut
647 1651 794 1786 elugiar,
812 1725 847 1770 ut
865 1709 951 1787 Lugo
970 1729 1039 1771 cum
1054 1728 1189 1771 commu·
1225 1730 1292 1786 ces,
1312 1712 1361 1785 qui
1382 1708 1583 1771 condemnant
1600 1723 1698 1768 morte
1715 1706 1916 1783 innocentes,
1936 1722 1989 1769 aut

430 1788 480 1862 ni,
502 1807 557 1849 nec
577 1787 656 1849 dosii
673 1787 709 1849 ad
726 1786 903 1861 supplicium
923 1786 1116 1865 carnificem,
1137 1804 1191 1851 aut
1226 1792 1325 1850 minus
1345 1804 1513 1859 nocentes,
1532 1804 1651 1847 necnon
1671 1786 1719 1857 qui
1747 1784 1917 1860 laudando,
1940 1784 1988 1845 vel

289 1906 306 1964 ς
326 1914 404 1969 Hs,
435 1865 511 1929 alios
532 1866 704 1942 minislros,
724 1880 757 1932 ur
774 1865 927 1927 evadant.
1227 1867 1432 1943 vituperando
1459 1866 1551 1929 alium
1575 1864 1610 1925 ad
1641 1867 1888 1926 internecionem
1917 1867 1988 1926 inci·

286 1928 416 2029 gssfflllj
473 1944 627 2006 satellites
649 1964 742 2020 vero,
764 1941 814 2005 seu
835 1942 951 2008 lisiorcs
972 1944 1036 2007 inssi
1056 1965 1191 2022 compre·
1226 1945 1528 2023 rant,&movent.
1550 1946 1669 2006 Pariter
1686 1958 1804 2005 reatum
1830 1963 1867 2005 ac
1892 1944 1988 2006 letha·
2024 2008 2026 2011 Α

286 2043 375 2091 cuum
434 2022 567 2085 bendere
590 2021 812 2086 malefastorem
842 2071 850 2098 ,
878 2042 1033 2101 nequeunt
1062 2045 1132 2088 eum
1164 2022 1192 2086 se
1227 2026 1285 2087 lem
1305 2026 1427 2099 culpam
1445 2023 1596 2087 homicidii
1617 2024 1765 2097 incurrit,
1787 2024 1838 2098 qui
1859 2022 1933 2085 elios
1950 2021 1986 2082 ad

287 2104 324 2152 τῆ
339 2104 405 2155 occi.
433 2105 568 2179 graviter
585 2101 798 2169 defendentem
817 2103 972 2179 occidere,
993 2100 1045 2164 nlfi
1065 2126 1191 2167 concur·
1227 2105 1254 2166 id
1272 2101 1459 2177 consulunt,
1482 2103 1671 2165 inflammant
1692 2149 1699 2175 ,
1717 2099 1751 2164 dc
1768 2102 1922 2177 incitant,
1942 2102 1988 2161 in-

286 2181 414 2282 l‘fw‘·
433 2200 502 2243 rant
523 2180 573 2244 lex
593 2180 827 2246 circumstanriae
842 2180 1018 2258 sequentes,
1038 2203 1146 2261 nempe
1165 2204 1189 2244 1.
1227 2187 1334 2247 iuriam
1353 2183 1483 2259 aliquam
1499 2182 1708 2258 exagerando,
1729 2181 1927 2257 ignominiam
1936 2200 1989 2242 ex·

290 2257 391 2344 „me
431 2258 540 2324 debent
569 2263 747 2338 satellites,
771 2260 821 2324 seu
850 2263 965 2326 lidores
995 2260 1102 2325 habere
1128 2284 1193 2327 cet·
1227 2262 1416 2339 probrando,
1437 2262 1558 2325 honoris
1578 2256 1987 2335 iusiuramexponendo,&

284 2354 531 2415 numentum,
558 2339 740 2417 &speciale
766 2340 943 2404 mandatum
965 2363 981 2404 a
1009 2339 1191 2419 Magistratu
1227 2340 1419 2418 huiusmodil,
1434 2340 1483 2404 vel
1505 2359 1605 2404 ratiim
1629 2338 1742 2403 habent
1767 2338 1961 2402 homicidium
1979 2381 1987 2396 .

290 2431 401 2480 rem.,
436 2420 473 2484 de
497 2421 552 2483 illo
575 2422 745 2497 capiendo.
768 2442 796 2482 a.
829 2421 924 2483 Debet
953 2438 1069 2483 armata
1099 2440 1192 2484 manu
1226 2422 1267 2485 Et
1292 2427 1373 2486 ratio
1402 2423 1505 2495 primae
1531 2422 1622 2494 partis
1645 2414 1717 2493 est,
1746 2420 1820 2492 quia
1846 2437 1922 2482 vere
1946 2418 1987 2477 in·

428 2501 588 2575 capiendus
610 2500 771 2563 resiliere.
802 2516 829 2578 32
848 2500 969 2562 Debent
995 2497 1031 2561 ab
1059 2499 1191 2575 ipl'o,sr
1225 2500 1327 2564 fliumt
1351 2505 1381 2564 in
1409 2498 1631 2564 homicidium.
1660 2499 1754 2559 Ratio
1784 2514 1865 2560 vero
1884 2493 1986 2560 secun·

426 2578 541 2642 evadat
562 2627 571 2653 ,
602 2582 744 2655 graviora
765 2581 843 2643 mala
871 2581 992 2643 timeri.
1012 2599 1041 2656 4.
1063 2578 1192 2655 Capien·
1225 2580 1292 2658 dat,
1314 2585 1383 2656 quia
1402 2579 1494 2642 siede
1512 2577 1671 2640 homicidio
1691 2574 1741 2666 [ibi
1764 2577 1989 2653 complacent,

427 2658 482 2720 dus
503 2656 591 2721 debet
615 2659 650 2720 de
669 2660 794 2721 crimine
821 2658 880 2722 esse
901 2656 1087 2722 sufficienter
1116 2654 1191 2720 infa-
1224 2659 1259 2725 dc
1287 2661 1499 2736 aliquomodo
1528 2662 1561 2719 in
1590 2655 1662 2718 illud
1693 2650 1920 2719 consentiunt.
1942 2653 1990 2717 lta

426 2755 545 2799 matus.
569 2759 594 2813 5.
620 2737 743 2800 Crimen
760 2736 851 2801 debet
875 2738 936 2802 esse
957 2754 1067 2813 atrox,
1086 2736 1121 2801 dt
1140 2758 1191 2799 ca·
1224 2743 1426 2804 communiter
1457 2736 1592 2802 sentiunt
1625 2731 1793 2809 Dodlnrep.
1824 2729 1984 2799 Hobricida

428 2818 551 2893 pisale.
582 2819 610 2877 6.
636 2816 807 2895 Capiendus
833 2837 895 2881 non
916 2814 1004 2879 debet
1029 2815 1108 2893 posse
1128 2818 1191 2879 ullo
1225 2818 1290 2881 heri
1311 2822 1378 2894 quis
1406 2815 1502 2895 potesl
1529 2819 1625 2880 etiam
1654 2810 1855 2889 defensione,
1874 2811 1988 2893 purast

402 2961 404 2965 ,
428 2896 491 2959 alio
507 2896 596 2959 modu
616 2899 702 2970 capi.
724 2897 754 2957 Sl
777 2914 881 2959 aurem
897 2915 958 2959 una
974 2916 1013 2959 ex
1030 2895 1115 2958 ditiis
1135 2899 1191 2960 cir·
1226 2898 1389 2962 homicidas
1418 2896 1560 2961 sullineat
1582 2943 1592 2972 ,
1611 2911 1806 2973 protegat,a
1829 2894 1870 2958 ud
1892 2890 1920 2955 se
1941 2912 1989 2956 re·

429 2973 619 3040 cumslantiis
638 2973 735 3054 desit,
759 2994 821 3040 non
847 2977 967 3054 possunt
987 2975 1133 3039 satellites
1159 2976 1192 3038 li·
1224 2980 1343 3055 cipiat,
1372 2976 1438 3054 ipsu
1468 2973 1598 3053 faveat,
1626 2973 1741 3057 asylum
1766 2917 1828 3040 vel
1839 2972 1993 3038 auxilium

429 3058 491 3118 cite
507 3055 643 3119 occidere
672 3077 755 3119 reum
769 3059 846 3132 „qni
870 3077 909 3118 ex
929 3076 1033 3118 eornm
1053 3055 1192 3118 manibus
1224 3061 1267 3121 eis
1287 3058 1421 3133 praebeat
1443 3104 1452 3131 ,
1472 3057 1505 3119 dr
1527 3053 1692 3119 huiusmodi
1713 3076 1721 3130 ;
1742 3055 1814 3129 quia
1834 3052 1865 3114 hi
1886 3071 1991 3116 omncs

431 3131 535 3211 sugere
555 3137 650 3198 velit.
675 3136 722 3197 Sic
751 3136 952 3209 Farinacius,
979 3133 1104 3198 Fachin.
1123 3135 1191 3199 cia·
1225 3134 1334 3200 diresle
1358 3132 1492 3200 influunt
1516 3138 1549 3196 in
1571 3132 1787 3198 homicidium.
1816 3130 1897 3195 lrem
1924 3150 1988 3195 rea·

431 3234 503 3286 rus,
524 3213 622 3278 Diana
639 3235 707 3276 cum
729 3216 813 3276 aliis.
1226 3233 1291 3282 tum
1301 3235 1483 3293 gravemque
1503 3213 1625 3291 culpam
1641 3211 1791 3278 homicidii
1810 3212 1994 3286 incurrunt,

1226 3315 1261 3359 ae
1281 3297 1349 3359 ideo
1369 3293 1525 3359 liornicidae
1543 3295 1689 3358 dicuntur
1706 3291 1741 3352 bi
1756 3293 1875 3364 etiam,
1892 3292 1942 3366 qtii
1952 3288 1987 3351 ad

727 3381 753 3439 §-
795 3375 897 3438 xvi.
1226 3374 1420 3438 homicidium
1443 3372 1613 3451 permissive
1643 3369 1824 3447 iehabent,
1851 3368 1904 3433 seu
1926 3386 1993 3431 non-

1226 3455 1393 3531 impediunt
1417 3452 1538 3530 quando
1560 3451 1715 3518 commode
1744 3449 1890 3526 impedire
1924 3442 1989 3526 pos·

1225 3533 1305 3609 sint,
1326 3533 1358 3598 dr
1381 3534 1409 3612 hi
1427 3533 1479 3597 vel
1502 3549 1628 3609 peccant
1650 3545 1760 3595 contra
1785 3529 1995 3602 charitatem,

1225 3614 1305 3676 sicar
1318 3613 1422 3677 offitio
1445 3614 1481 3678 ad
1507 3613 1563 3677 noc
1583 3631 1645 3675 nou
1671 3625 1857 3687 teneantur,
1878 3624 1988 3674 contra

469 3684 676 3749 Homicidiurn
713 3688 926 3751 voluntarium
954 3689 1079 3752 alterius
1117 3691 1193 3750 iniu-
1227 3712 1302 3756 vero
1317 3691 1480 3770 insiitiarn,
1501 3689 1580 3755 sex
1602 3688 1704 3753 officio
1721 3689 1763 3751 ad.
1780 3688 1838 3752 hoc
1854 3686 1987 3765 obligetis

429 3760 472 3823 ile
491 3811 498 3838 ,
518 3761 553 3828 dr
577 3766 684 3835 illicite
703 3771 857 3831 committi
882 3764 979 3844 potest
1004 3789 1064 3831 non
1097 3764 1192 3832 solum
1227 3789 1300 3835 tur.
1322 3772 1428 3846 Quare
1450 3787 1577 3847 peceant
1603 3788 1712 3832 contra
1732 3765 1880 3831 iulliriam
1908 3768 1987 3829 lirin·

427 3840 537 3925 diresse
553 3889 564 3919 ,
583 3844 618 3908 ὅ(
641 3843 757 3924 physice
777 3894 785 3922 ,
806 3846 857 3909 seu
877 3849 998 3923 proprio
1027 3847 1192 3910 occidentis
1226 3854 1325 3929 cipes,
1345 3849 1597 3925 Gubernatores,
1614 3846 1747 3910 Ministri
1768 3846 1903 3922 publici,
1924 3843 1988 3908 Me·

426 3919 526 3997 satio,
546 3923 594 3985 sed
611 3922 752 3987 indiretie
771 3929 884 4000 etiam,
903 3923 938 3989 ἀ
959 3927 1139 4002 moraliter,
1159 3925 1194 3990 ἀ
1225 3932 1309 4007 diti,
1335 3928 1497 4007 Chirurghi
1517 3976 1531 4005 ,
1558 3944 1664 3990 nantae
1682 3975 1695 4003 ,,
1718 3944 1850 4002 patres,
1880 3925 1992 3997 duces,

287 3997 576 4091 v2131m0.bocfieri
598 4003 694 4089 potest
720 4008 813 4067 variis
830 4004 951 4082 morsis,
974 4022 1129 4081 praecepto
1148 4009 1193 4069 vi·
1226 4011 1337 4085 aliique
1358 4008 1634 4085 huiusce-generis,
1649 4009 1701 4082 qui
1725 4027 1766 4069 ex
1790 4003 1896 4069 officio
1917 4002 1992 4067 alio·

286 4082 315 4131 ἀι
337 4094 407 4155 coa..
432 4077 562 4155 delicet,
580 4083 708 4145 consilio
727 4130 736 4160 ,
755 4081 928 4148 defensione
947 4133 956 4162 ,
975 4082 1193 4160 permissione,
1226 4111 1294 4152 rurn
1309 4090 1419 4153 danna
1450 4090 1551 4152 vitare
1572 4103 1720 4150 tenentur
1739 4130 1749 4147 .
1771 4086 1907 4149 Peccant
1924 4079 1990 4154 isli,

287 4157 407 4259 2³33ss
433 4159 462 4218 δι
482 4165 713 4251 cooperatione.
737 4165 813 4238 Quae
829 4182 939 4242 genera
955 4163 1108 4228 homicidii
1127 4185 1193 4226 mo·
1226 4169 1260 4235 ἀ
1281 4168 1331 4230 alii
1357 4184 1469 4234 eontra
1491 4166 1676 4230 charitatem
1697 4185 1766 4228 non
1779 4164 1992 4230 succensentes

288 4279 329 4319 m
345 4271 379 4322 ,p
431 4237 504 4300 ralis
523 4240 604 4303 clare
620 4261 850 4316 exponunturu
870 4243 1062 4308 catechismo
1081 4243 1195 4310 Roma·
1226 4265 1365 4313 extreme
1393 4245 1592 4327 indigentibus
1614 4246 1686 4310 illos
1702 4242 1830 4309 cibando
1849 4291 1858 4319 ,
1883 4258 1989 4319 potan-

289 4328 399 4406 suares,
433 4337 475 4380 no
494 4316 579 4393 super
595 4318 651 4383 hoc
673 4326 781 4395 quinto
798 4341 950 4399 praecepto
973 4346 1056 4387 num.
1075 4343 1121 4386 rr.
1143 4324 1193 4387 ubi
1226 4330 1284 4405 do,
1304 4327 1459 4393 vesliendo
1479 4374 1488 4402 ,
1508 4325 1569 4390 &e
1602 4329 1652 4400 qui
1680 4323 1895 4389 laborantibus.
1915 4339 1988 4384 nau-

286 4396 377 4450 erum.
432 4394 472 4460 src
489 4396 640 4488 habeture
667 4403 699 4464 Si
714 4415 814 4464 autem
832 4403 1019 4480 multiplicem
1038 4405 1193 4468 cadimu-
1227 4407 1325 4486 sragio
1345 4455 1355 4483 ,
1377 4405 1515 4470 incendio
1564 4402 1664 4483 pelle,
1684 4425 1746 4468 uon
1778 4402 1964 4475 subveniunt
1979 4442 1989 4472 ‚

429 4475 500 4538 dum
518 4481 721 4569 attendimus,
741 4502 824 4570 nemo
849 4483 900 4560 qui
918 4485 1113 4561 excipiatur:
1136 4507 1192 4546 non
1226 4486 1390 4551 dummodo
1407 4503 1509 4550 tamen
1525 4453 1587 4546 line
1603 4488 1689 4561 gravi
1700 4504 1810 4547 eorum
1821 4486 1988 4545 incommo·
2035 4493 2039 4501 '

425 4554 524 4635 solum
542 4557 696 4649 cnrmgsurs
716 4559 867 4640 quisquam
887 4563 1040 4640 menibus,
1060 4578 1113 4627 aaut
1126 4562 1193 4642 scr·
1227 4569 1265 4631 do
1292 4566 1350 4629 hoc
1375 4566 1515 4642 praellare
1540 4562 1648 4639 possint
1669 4607 1677 4624 .
1703 4566 1765 4647 Qui
1793 4566 1991 4634 innocentem·

430 4658 478 4714 ro,
499 4650 551 4700 aus
571 4640 666 4726 lupide
684 4689 692 4718 ,
711 4655 765 4704 eut
784 4640 901 4717 laculo,
928 4657 981 4707 aus
1002 4647 1122 4722 laqueo,
1141 4657 1193 4705 aur
1227 4646 1280 4710 suo
1300 4643 1476 4709 testimonio
1497 4667 1514 4708 a
1536 4661 1634 4707 morte
1656 4650 1718 4708 noh
1738 4641 1898 4716 liberant,
1923 4654 1994 4702 cum

428 4735 544 4805 veneno
564 4731 661 4782 ustam
680 4721 789 4785 bomini
814 4722 921 4800 cripere
941 4745 999 4786 non
1028 4725 1096 4788 lices
1115 4773 1125 4801 ,
1140 4723 1195 4802 sed
1228 4726 1363 4790 liberare·
1371 4724 1478 4802 possint
1490 4770 1503 4785 „
1518 4723 1662 4787 Scienres'
1674 4724 1764 4788 alteri
1781 4735 1914 4785 mortem
1928 4734 1993 4779 me·

431 4800 541 4887 confido
563 4845 577 4885 ,Ι
599 4817 646 4876 ope
666 4848 685 4888 ,ι
699 4801 831 4878 auxilio,
856 4816 908 4865 aur
923 4803 983 4865 alia
1014 4822 1195 4883 quacumque
1227 4805 1359 4882 chinari,
1380 4803 1451 4866 srid·
1468 4824 1529 4868 non
1554 4803 1714 4882 revelent,
1734 4801 1787 4866 vel
1804 4798 1858 4878 ipfi
1878 4814 1995 4863 urtam:

433 4889 545 4964 retrone
566 4879 600 4940 td
618 4891 750 4943 verrium
770 4884 834 4958 eli.
856 4888 894 4946 In
914 4905 967 4960 quo
984 4883 1104 4962 summa
1133 4897 1194 4947 sar·
1227 4889 1353 4958 evitet,
1371 4901 1426 4948 aut
1456 4884 1574 4960 alteri,
1593 4886 1643 4960 qui
1662 4902 1731 4949 eam
1758 4879 1905 4958 impedire
1939 4892 1993 4938 vt·

430 4956 530 5034 ditas,
546 4962 696 5038 stuporque
714 4963 902 5036 iudeorum,
925 4965 976 5041 qui
999 4966 1146 5029 crederent
1160 4965 1195 5044 se
1217 4967 1292 5029 let.
1314 4967 1435 5029 Pariter
1454 4963 1607 5028 homicide
1626 4964 1691 5039 quis
1711 4961 1783 5025 fieri
1798 4957 1898 5038 potest
1922 4975 1995 5020 coo*

420 5036 479 5101 eor
490 5053 664 5116 pra-ceptum
684 5036 834 5115 observare
853 5090 861 5119 ,
877 5045 904 5122 fi
927 5058 1155 5110 manutentum
1173 5067 1193 5108 a
1228 5049 1399 5122 peratione,
1419 5043 1453 5109 dt
1473 5045 1676 5109 communiter
1695 5041 1861 5108 homicidio
1879 5053 1995 5113 coope-

1884 5135 1961 5182 rans

492 3491 535 3550 De
555 3487 651 3570 ravffis
678 3489 829 3634 mgrellte‘ri
837 3488 1079 3582 ‚concurrentibus
1095 3489 1142 3555 ad·

723 3591 805 3634 omrcr
831 3583 909 3633 sum.
