4425 6000
587 345 651 386 ,Γ

537 506 712 589 Trilcr.
738 523 797 587 ue
825 505 1085 598 sineterra
1113 505 1343 595 Deeaaoei
1371 518 1473 595 Car.
1500 521 1593 600 vn:

284 608 504 692 surreptionem
532 616 575 678 rei
595 614 702 678 alienae
730 612 766 678 ad
789 610 868 678 lianc
887 611 1047 681 sublevari·
1080 614 1234 693 proposito
1249 638 1295 683 res
1316 619 1412 685 adhuc
1428 621 1559 690 existent
1573 644 1635 692 non
1650 645 1719 695 erat
1738 631 1848 698 neces*

283 694 356 757 dam
379 716 443 760 non
470 691 595 760 excusat
620 719 636 759 a
658 691 764 770 furto,
790 713 825 757 ac
852 694 921 757 ideo
949 715 1004 760 nec
1028 717 1046 762 a
1079 689 1176 771 saria,
1200 694 1249 760 sed
1271 697 1367 764 solum
1389 704 1453 765 eius
1474 701 1563 782 usus,
1587 728 1623 771 ac
1644 713 1768 787 proinde
1785 733 1842 793 ex·

280 776 394 850 culpa,
413 796 468 840 nec
487 796 504 839 a
525 774 627 839 debito
646 771 868 837 restitutionist
891 775 974 839 Hinc
994 775 1047 840 ln·
1079 790 1177 839 treme
1196 777 1331 857 indigens
1357 780 1442 845 illam
1470 789 1648 862 occupando
1671 790 1843 857 dominium

283 859 443 921 nocentius
459 854 513 917 xl.
535 855 693 941 damnavit
713 850 947 942 propositionem
964 856 1046 920 ordi·
1078 858 1292 923 tantummodo
1312 860 1390 924 urile
1409 859 1460 925 sibi
1478 866 1635 941 acquisivit
1653 872 1736 934 circa
1748 872 1843 935 illam

283 952 325 995 ne
341 936 389 1012 36.
407 936 455 1000 ubi
473 934 533 998 sicr
554 938 650 997 Prema
672 954 724 995 um
747 952 764 997 e
797 928 902 1022 furari
930 958 987 1004 non
995 935 1046 1016 so·
1078 952 1163 1011 rein,
1181 936 1316 1003 dominio
1335 937 1446 1005 direuo
1461 945 1558 1009 adhuc
1578 963 1667 1025 mnes
1686 950 1844 1030 pristinum

284 1012 397 1077 lumin
415 1026 542 1081 extrema
563 1033 627 1078 nere
646 1025 733 1091 itare,
764 1013 801 1077 ed
817 1025 910 1077 eriam
928 1014 960 1079 in
973 1038 1044 1094 gra·
1078 1013 1234 1080 dominum
1262 1038 1463 1089 remanente·
1493 1024 1604 1092 idcirco
1634 1049 1680 1092 res
1709 1031 1840 1095 existent

284 1094 340 1156 ui.
359 1095 390 1157 Si
408 1114 510 1161 tamen
531 1115 604 1158 nece
628 1112 692 1184 itas
712 1097 812 1173 gravis
836 1090 873 1155 lit
898 1095 976 1159 adeo
996 1119 1046 1160 ur·
1078 1093 1143 1169 post
1159 1093 1330 1173 superatam
1344 1068 1558 1168 necessi'tarem
1574 1102 1628 1172 suo
1642 1108 1842 1177 dominoetit

283 1193 380 1252 gens,
408 1194 444 1241 ut
472 1175 559 1240 simul
585 1174 661 1237 adlit
685 1174 851 1250 periculum
872 1171 992 1239 labendi
1012 1180 1044 1240 in
1081 1170 1287 1242 restituenda.
1486 1241 1493 1254 ,

284 1253 494 1321 necessitarem
513 1273 706 1331 extremam,
733 1274 767 1317 ur
785 1253 808 1315 li
837 1256 957 1319 morbus
981 1278 1046 1335 gra·
1118 1257 1180 1331 Qui
1207 1278 1270 1320 reni
1290 1262 1408 1335 accepit
1431 1278 1595 1340 antequam
1615 1270 1642 1330 ei
1666 1267 1843 1345 superventa

284 1337 332 1397 vis
350 1334 550 1411 probabiliter
570 1334 605 1398 sit
628 1331 751 1399 futurus
769 1332 910 1411 lethalis,
928 1335 962 1400 dc
982 1358 1047 1414 per,-
1079 1352 1126 1397 ret
1142 1353 1281 1400 extrema
1300 1338 1476 1418 necessitas,
1496 1341 1559 1408 sive
1578 1366 1616 1408 ex
1633 1348 1759 1430 desisto,
1780 1350 1843 1414 sive

284 1430 410 1495 petuus,
431 1417 483 1480 nisi
507 1414 688 1492 tempestivo
709 1413 842 1478 remedio
861 1419 888 1477 ei
904 1436 1046 1481 occurra·
1079 1433 1119 1476 ex
1138 1418 1319 1506 contraditi,
1347 1440 1377 1482 v-
1398 1441 1427 1496 g·
1445 1420 1599 1500 deposito,
1627 1432 1843 1508 commodato,

282 1509 357 1572 tur;
378 1496 523 1575 siquissit
535 1500 565 1558 in
578 1494 721 1572 probabili
744 1494 878 1567 periculo
897 1496 1045 1560 inridendi
1080 1495 1197 1572 locato,
1224 1505 1285 1559 live
1302 1501 1412 1574 quovis
1431 1502 1491 1564 alio
1508 1504 1621 1582 titulo,
1640 1507 1676 1573 dc
1692 1513 1724 1573 in
1738 1529 1844 1578 extre⁶

282 1579 314 1639 in
334 1582 570 1653 captivitatem,
588 1575 637 1639 vel
654 1572 1048 1653 gravissimamiiifamiam,
1081 1596 1130 1635 ma
1156 1576 1331 1640 necessitate
1358 1576 1480 1643 consum
1502 1581 1557 1657 sit,
1582 1582 1602 1646 li
1627 1584 1768 1663 superata
1788 1589 1843 1654 nee

281 1657 335 1721 nili
357 1678 437 1734 equo
459 1660 561 1722 alieno
582 1658 703 1719 adiutus
719 1650 841 1732 fugiat,
862 1650 896 1718 &
916 1655 976 1718 alia
993 1658 1049 1720 hu·
1079 1652 1219 1720 celsitate
1240 1657 1277 1719 ad
1296 1659 1452 1722 meliorem
1505 1678 1628 1728 trunam
1652 1667 1776 1749 redeat,
1797 1689 1843 1733 tt·

282 1736 363 1801 iusce
388 1760 497 1816 genus,
524 1756 597 1801 tunc
617 1737 735 1798 licituni
759 1733 801 1796 est
822 1734 859 1797 ad
874 1732 1047 1799 huiusmodi
1081 1736 1201 1797 nebitur
1219 1734 1377 1800 restituere
1400 1741 1432 1800 iri
1454 1744 1676 1818 aequivalenti.
1701 1747 1751 1812 lta
1770 1751 1843 1815 Sco-

278 1817 490 1882 necessitatern
511 1816 724 1882 sublevandam
744 1832 807 1876 reni
828 1814 961 1876 alienam
984 1814 1047 1879 sur·
1082 1832 1150 1889 tus,
1170 1813 1339 1890 Adrianus,
1356 1817 1539 1896 Navarrusi
1561 1822 1789 1905 Govarrurr'as,
1808 1830 1843 1893 dc

278 1918 400 1975 ripere,
419 1903 490 1977 quia
512 1915 586 1961 tunc
606 1913 744 1958 extrema
765 1895 923 1957 moraliter
947 1892 1048 1958 cense·
1081 1894 1145 1978 alii3
1156 1897 1226 1970 quia
1238 1896 1454 1976 tuncindigens
1464 1898 1668 1968 huiuscemodi
1679 1927 1742 1971 rein
1752 1909 1844 1973 seclu-

281 1994 333 2041 tur
361 1979 421 2041 esse
451 1974 600 2055 praesens,
627 1996 698 2038 ciini
728 1971 764 2035 sit
794 1977 961 2051 proxima,
986 1972 1048 2038 sive
1078 1976 1111 2037 la
1133 1972 1311 2038 necessitate
1328 1977 1392 2039 alio
1413 1980 1509 2042 titulo
1529 1980 1617 2046 debet
1633 1984 1840 2068 suodonrino‚

279 2054 348 2122 liaec
369 2055 406 2121 sit
423 2076 570 2122 extremae
578 2054 793 2131 aequivalenti
812 2054 895 2117 Nam
913 2056 1049 2129 parimo-
1080 2052 1158 2128 quod
1172 2052 1308 2140 debitum
1323 2076 1363 2118 eit
1379 2054 1609 2134 superveniente
1624 2082 1762 2133 extrema
1788 2089 1844 2133 ne·

258 2199 263 2216 -.
277 2139 323 2198 du
342 2139 474 2203 inditum
493 2135 536 2201 est
558 2155 575 2199 a
596 2151 727 2210 natura,
751 2150 787 2195 ut
803 2154 929 2211 gravem
948 2132 1049 2199 netes·
1079 2130 1220 2197 celsitate
1242 2135 1447 2214 suspenditur,
1470 2159 1534 2202 non
1579 2141 1676 2208 torsus
1690 2150 1846 2228 extingui·

263 2214 425 2296 starem,
449 2237 517 2295 quae
547 2213 638 2279 facile
666 2214 704 2277 ad
732 2230 902 2275 extremam
930 2216 1049 2291 vertit,
1082 2230 1154 2290 tur,
1175 2215 1222 2279 ita
1241 2232 1277 2278 ut
1296 2212 1446 2356 transabiit
1463 2239 1535 2283 nece
1561 2240 1656 2299 itate,
1677 2246 1740 2291 non
1761 2226 1844 2295 secus

275 2311 370 2373 aeque
387 2318 422 2362 ac
439 2297 531 2375 ipsam
551 2313 722 2358 extremam
738 2288 861 2367 quisque
878 2313 896 2355 a
911 2288 959 2370 se,
974 2312 1049 2369 quo·
1080 2314 1116 2357 ac
1133 2308 1224 2357 antea
1238 2314 1366 2370 compen
1380 2315 1432 2357 are
1446 2297 1610 2377 debuisset,
1633 2309 1769 2381 aequem
1787 2311 1843 2374 tall

278 2395 345 2452 quo
364 2378 454 2441 modo
474 2374 570 2453 potesl
585 2424 593 2452 ‚
607 2388 751 2439 avertati
778 2372 827 2435 lta
845 2372 954 2448 Lugo,
976 2369 1049 2438 Les·
1080 2370 1150 2438 casu
1169 2371 1214 2435 esi
1227 2368 1465 2455 compensanda,
1480 2376 1513 2442 dt
1530 2383 1714 2459 praecipuesi
1731 2406 1779 2451 rer
1790 2406 1845 2452 ιη*

280 2458 365 2531 pm,
386 2457 446 2522 ἃς,
465 2475 535 2520 cum
555 2454 640 2518 aliis.
1082 2470 1133 2517 tea
1152 2446 1239 2518 furtu
1259 2453 1361 2517 ablata
1385 2452 1501 2519 fiterit:
1527 2459 1620 2539 alias,
1644 2461 1664 2524 si
1687 2484 1732 2529 rer
1759 2463 1844 2533 furto

320 2534 350 2597 Si
369 2554 435 2604 tota
455 2534 617 2615 respublica
639 2537 670 2596 in
685 2524 773 2612 gravi
791 2528 965 2597 necessitate
981 2553 1046 2612 rer·
1081 2531 1183 2597 ablata
1204 2550 1276 2619 anre
1300 2530 1537 2614 neceffitatem,
1558 2541 1592 2605 dc
1618 2543 1720 2618 possea
1744 2544 1844 2611 neees⁴

280 2614 383 2693 serui,
403 2616 487 2681 licite
508 2613 656 2678 divitibus
673 2608 783 2675 auferri
803 2612 924 2688 possunt
945 2612 1046 2687 super·
1081 2610 1173 2676 sirete
1197 2610 1355 2689 absumpta
1378 2634 1439 2679 non
1464 2613 1538 2681 eiset
1558 2619 1744 2687 restituenda
1759 2625 1843 2703 lupe·

279 2692 358 2764 flua·
381 2696 629 2776 quinnecesl‘aria
649 2690 720 2762 scuit
739 2691 778 2755 ad
804 2692 980 2767 reipublicae
1000 2693 1045 2760 su·
1081 2712 1150 2758 rara
1163 2690 1349 2758 ¹necessitate
1374 2694 1410 2758 ab
1431 2714 1472 2758 eo
1495 2701 1547 2773 qui
1567 2720 1642 2764 anre
1661 2702 1769 2767 didam
1789 2725 1843 2768 nr·

276 2777 346 2838 {len
397 2778 516 2848 ionem.
534 2774 626 2837 Nam
653 2776 752 2850 gravis
768 2771 930 2835 necessitas
947 2775 1047 2847 reipu-
1079 2770 1250 2835 celsitatem
1273 2793 1343 2837 earn
1369 2770 1489 2839 furatus
1511 2773 1641 2855 suerarr
1667 2780 1844 2860 sequeretur

278 2854 369 2920 blicae
397 2854 583 2932 aequivalet,
608 2855 673 2914 ino
690 2850 779 2914 valde
799 2853 923 2926 superat
943 2850 1047 2916 neces·
1078 2851 1273 2916 commodum
1289 2856 1439 2928 reportari
1455 2857 1536 2932 polle
1550 2878 1589 2921 ex
1610 2868 1732 2941 propria
1758 2868 1844 2929 mali·

275 2931 419 3016 suarem,
449 2955 507 3012 qua
537 2934 658 3012 gravari
689 2930 785 3007 pollet
813 2931 920 3008 aliquis
942 2933 1046 3010 priva.
1081 2934 1144 3007 tia,
1175 2952 1245 2994 cum
1267 2932 1445 2998 malitia&
1473 2937 1616 3015 iniquitas
1636 2943 1712 3007 nulli
1735 2942 1844 3009 debeat

278 3029 347 3090 tus,
368 3016 457 3081 sicuti
474 3035 545 3080 cum
561 3014 599 3076 Di
619 3011 681 3073 Tli.
699 3013 808 3074 docent
827 3010 995 3076 Doslores.'
1080 3012 1216 3091 prodesse
1231 3033 1296 3089 Capi
1310 3011 1395 3093 sedes
1418 3033 1466 3092 15·
1481 3013 1514 3081 dt
1530 3037 1593 3097 cap.
1610 3023 1772 3089 Exteriore
1793 3029 1841 3088 16.

317 3097 380 3175 Qui
408 3100 440 3159 in
458 3113 596 3160 extrema
621 3089 800 3170 neceffitate
828 3110 890 3152 rein
912 3093 1044 3178 ¹alienam
1076 3092 1117 3156 dr
1130 3088 1295 3170 rescriptis.

273 3170 1047 3252 abllulit-,dtpersuamindigentianiabluinpsit,'
1335 3230 1337 3235 .
1448 3212 1471 3252 .ι
1628 3228 1632 3235 ,

274 3252 421 3399 sipolsdea
438 3255 474 3319 ad
489 3253 667 3326 meliorem,
683 3249 716 3315 δε
735 3254 933 3394 ρὶιιςιιίἕεοηῇ
943 3248 1043 3318 sortu·
1367 3312 1369 3317 .
1396 3254 1422 3323 3.
1461 3252 1524 3322 lx.

276 3354 349 3398 nam
394 3337 547 3410 eveniat,
578 3354 618 3397 an
642 3347 829 3395 teneatura
876 3351 909 3394 re
936 3335 1043 3399 itutio·
1143 3367 1146 3371 ·
1205 3342 1208 3349 '
1258 3370 1263 3383 ·
1346 3371 1364 3391 ·.
1691 3396 1694 3403 ,
1726 3368 1728 3375 ·
1833 3374 1839 3387 ·

271 3436 370 3491 neni,
392 3436 456 3482 non
477 3414 671 3481 conveniunt
690 3409 851 3476 Dodloreri
878 3413 941 3475 allii
959 3411 1042 3477 enim
1122 3364 1278 3454 ΜΝ]
1299 3371 1567 3456 fihmmfm'h‘5
1586 3374 1627 3449 (5
1645 3394 1789 3480 '‘ms''
1833 3450 1838 3461 ·

273 3493 413 3561 absolute
441 3511 554 3573 meant
590 3511 724 3568 unquam
755 3494 854 3554 teneri
885 3491 1042 3560 dominum
1116 3490 1247 3556 Certum
1274 3487 1318 3556 est
1346 3491 1541 3573 domesticos,
1571 3499 1644 3564 idest
1671 3503 1842 3570 lilinsfamio

274 3573 467 3654 compensare
484 3593 538 3650 pro
554 3592 587 3634 re
602 3571 703 3634 ablata
723 3572 756 3632 iri
771 3568 824 3633 sua
842 3568 1039 3636 necessitate.
1077 3569 1154 3645 lias,
1173 3589 1304 3648 morea,-
1329 3569 1460 3638 famulos
1483 3584 1707 3658 peccareposle
1726 3605 1843 3650 morta.

271 3655 339 3719 Alii
362 3674 454 3730 vero,
474 3651 508 3717 dc
528 3670 599 3714 meo
616 3649 714 3711 videri
728 3648 855 3723 melius,
873 3668 909 3713 ac
934 3651 1042 3724 proba·
1078 3648 1168 3725 liter,
1191 3669 1299 3726 nempe
1323 3669 1450 3726 peccato
1466 3663 1569 3732 gravis
1589 3655 1684 3737 furti,
1702 3660 1722 3723 si
1744 3672 1841 3728 ratio·

271 3734 363 3797 bilius
390 3731 576 3809 distinguunt
605 3730 700 3791 inter
715 3733 855 3818 exiguam
887 3734 1041 3803 quantita·
1077 3727 1242 3804 nabiliter,
1267 3729 1468 3870 digraeiter
1494 3736 1597 3800 invito
1622 3738 1841 3814 patrefamilias

270 3826 340 3875 tem
362 3815 423 3886 rei,
443 3810 475 3875 dt
498 3831 562 3873 rem
577 3809 701 3874 alicuius
718 3805 861 3873 notabilis
879 3810 989 3886 pretii,
1006 3828 1040 3875 ut
1079 3806 1191 3882 aliquid
1214 3826 1288 3873 nota
1310 3809 1350 3871 ile
1369 3809 1550 3888 surripiant,
1578 3833 1614 3877 nt
1632 3835 1716 3892 pater
1733 3839 1773 3884 ex
1794 3844 1843 3891 ee·

271 3895 358 3955 inter
374 3892 447 3955 alios
464 3894 575 3954 Amort
597 3891 750 3969 recentior
770 3885 950 3973 theologus:
972 3906 1042 3953 nam
1076 3885 1173 3975 nerali
1197 3902 1352 3965 praecepto
1378 3889 1543 3970 Deoalogi:
1572 3916 1628 3960 iun
1650 3894 1772 3978 summ
1788 3890 1843 3984 ja.

269 3968 293 4032 li
317 3990 364 4035 ret
385 3970 486 4038 ablata
508 3966 672 4047 respedlive
691 3970 800 4046 exigua
829 3975 886 4040 iit,
909 3987 971 4031 non
996 3985 1041 4033 re·
1074 3985 1148 4045 ατη
1167 3971 1236 4044 quia
1250 3981 1356 4034 omnes
1372 3967 1419 4032 illi
1437 3976 1508 4035 veie
1524 3970 1671 4051 obrepant
1686 3995 1688 4001 ’
1702 4000 1751 4045 em
1766 3988 1843 4046 alie·

267 4051 419 4117 rietur.ad
433 4049 666 4117 restitutionem
684 4096 694 4124 ‚
711 4049 789 4112 bene
809 4046 929 4124 quidem
954 4064 1037 4115 rene·
1075 4068 1148 4113 nam
1164 4051 1266 4112 inviro
1282 4049 1508 4116 rationabiliter
1527 4053 1668 4122 domino.
1687 4001 1744 4127 tlea
1760 4084 1843 4127 com-

260 4150 346 4211 rur,
363 4128 453 4211 siret
468 4133 521 4196 illa
538 4129 577 4194 sir
596 4131 725 4195 alicuius
740 4125 887 4194 notabilia
902 4147 1039 4195 momen
1075 4131 1212 4193 munirer
1237 4127 1402 4195 Dodiorea.
1426 4130 1519 4197 Talia
1543 4150 1648 4202 tamen
1665 4139 1841 4207 domestico·

270 4215 296 4275 ti
308 4236 325 4286 ,>
344 4228 397 4276 aut
428 4216 537 4290 pretii.
567 4210 609 4274 Et
638 4212 722 4275 ratio
741 4206 783 4274 est
800 4209 871 4282 quia
897 4210 928 4270 in
945 4211 1037 4283 priori
1074 4224 1143 4273 runi
1160 4205 1246 4274 surra
1266 4227 1302 4273 ut
1317 4210 1565 4303 ‚mortalia-fine,
1594 4218 1781 4298 regulariter,
1796 4224 1841 4288 lu,-¹

269 4289 342 4356 casu
366 4292 513 4357 dominor
532 4291 758 4357 rationabiliter
781 4289 906 4366 alligare
934 4293 1037 4364 nequit
1072 4289 1195 4364 quendo
1213 4293 1378 4362 requiritur
1394 4294 1490 4356 maior
1505 4297 1646 4363 materiae
1662 4303 1842 4382 ipuantitas,

269 4370 357 4435 suum
377 4372 552 4438 consensum
578 4372 748 4438 conditioni
768 4367 994 4433 reslirutionis:
1020 4389 1037 4434 e
1073 4388 1162 4461 quarn
1185 4373 1216 4432 in
1236 4366 1330 4435 furtis
1351 4386 1589 4453 extraneorumr
1619 4381 1690 4455 quia
1710 4378 1841 4459 paterfa-

264 4457 381 4515 tontra
407 4456 438 4515 in
458 4451 615 4529 posteriori
640 4451 710 4517 caso
739 4448 964 4515 racionabiliter
985 4472 1036 4527 ap·
1073 4447 1173 4512 niiliat
1199 4468 1230 4515 r.
1275 4493 1282 4507 .
1310 4450 1439 4514 nonest
1462 4451 1619 4525 ordinarie
1648 4459 1694 4522 ita
1722 4460 1839 4527 invitus

264 4533 384 4606 ponere
406 4531 501 4608 petest
522 4531 574 4596 luo
592 4530 747 4597 consensui
773 4552 850 4595 onua
868 4529 1034 4597 reslirutio·
1069 4527 1151 4604 quod
1177 4549 1224 4593 res
1247 4471 1298 4594 sua
1315 4549 1332 4592 a
1348 4526 1518 4597 domesticu
1535 4530 1730 4616 surripiatur,
1745 4561 1840 4619 quani

267 4615 334 4674 nis.
359 4612 401 4676 Er
428 4618 471 4677 ira
493 4609 777 4692 'intelligendus‘ell
796 4633 866 4693 cuin
884 4611 952 4675 aliie
972 4611 1035 4677 Do·
1069 4605 1193 4674 sisurri
1234 4626 1320 4679 retur
1341 4608 1377 4675 ab
1399 4615 1569 4680 extraneiei
1600 4615 1649 4681 lta
1668 4626 1839 4686 eommuni-

265 4690 398 4759 dloribut
412 4693 449 4759 D.
470 4693 757 4760 Thomaclococit.
775 4690 1032 4773 arr.7.lremre·
1068 4708 1137 4757 ter.
1170 4630 1230 4764 (f
1369 4772 1374 4783 ·

263 4770 393 4841 slituere
419 4793 545 4844 tenetur
571 4773 593 4839 fi
615 4796 662 4841 res
680 4790 806 4851 accepta
835 4777 867 4836 in
890 4791 1030 4841 extrema
1066 4769 1210 4847 personas
1244 4767 1326 4835 filios
1343 4769 1508 4850 videlicet,
1535 4776 1837 4861 uxorea‚samulos,

265 4857 445 4926 necessitate
473 4854 650 4933 consumpta
677 4868 742 4920 tlon
769 4852 829 4928 sit,
858 4849 907 4917 sed
933 4853 1029 4923 adbuc
1064 4850 1126 4918 &ci
1153 4853 1185 4912 in
1208 4816 1277 4917 stro
1297 4867 1431 4923 externo
1456 4872 1518 4946 non
1542 4857 1728 4935 contuditur
1752 4859 1836 4928 asilo

263 4937 416 5005 mamare
445 4958 518 5005 nain
541 4956 680 5005 extrema
704 4932 866 5002 necessitas
888 4934 1028 5001 concedit
1063 4929 1244 5024 poenalir&
1259 4925 1373 4997 sunosa
1389 4927 1479 5003 furti,
1497 4930 1546 5001 sed
1563 4948 1687 5001 tantuin
1703 4937 1833 5002 aliami-

265 5014 363 5083 solum
382 5037 506 5085 tantum
527 5022 600 5084 ioris
623 5022 655 5083 in
679 5016 912 5089 rernalteriut,
931 5026 1029 5091 quana
1060 5015 1125 5077 tior
1143 5009 1222 5078 adiro
1237 5030 1338 5075 rerum
1354 5028 1541 5091 amotarum,
1557 5015 1591 5080 ἃ
1608 5015 1759 5094 praecipue
1776 5021 1844 5080 ins

253 5112 334 5167 aum
347 5119 423 5179 opiu
442 5100 480 5168 sit
500 5101 538 5175 ad
556 5118 625 5170 tam
640 5096 877 5169 sublevandami
899 5095 978 5165 unde
992 5102 1025 5166 iu
1061 5106 1109 5163 ter
1127 5092 1273 5171 coniuges
1289 5109 1416 5175 propter
1429 5098 1659 5172 reverentiam,
1683 5093 1717 5163 dc
1735 5096 1833 5163 hono.-

1168 5214 1175 5229 ·
1732 5195 1795 5241 reni

1680 5351 1686 5383 l

1201 4708 1273 4753 uare
1295 4708 1405 4755 eontra
1428 4689 1632 4762 huiuscemodi
1660 4696 1836 4768 domesticas
1940 4776 1942 4781 ,
