4425 6000
569 527 1478 607 'rutenusopertionem-vlt
1697 541 1783 633 1’37

255 626 363 718 spitale
387 648 448 696 non
473 631 635 697 vendendo
650 629 760 696 fruitus
779 679 788 709 ,
813 631 863 696 ves
880 631 901 694 st
919 627 1027 694 frusius
1063 626 1147 693 sensu
1161 630 1400 710 controversia,
1415 654 1482 709 quae
1502 647 1577 698 tune
1593 636 1737 712 temporis
1753 633 1837 700 ven·

251 711 472 787 tendantur,
499 731 560 774 non
581 710 775 777 assecurando
788 712 946 788 capitale,
974 732 1028 774 vo·
1065 710 1171 789 tebat‘,
1195 710 1373 775 Navarrum
1391 715 1474 777 inter
1492 711 1527 777 dt
1542 713 1651 778 Sotum
1670 762 1679 793 ,
1701 712 1734 778 ἀ
1756 729 1826 779 erat

267 791 340 857 sunt
363 790 459 855 talem
481 790 675 855 contrasiurn
701 792 876 857 nullatenus
899 793 959 856 esse
982 811 1028 854 te·
1065 790 1129 854 huc
1148 790 1255 854 eadem
1270 794 1365 854 trium
1383 791 1615 871 eontralluuin,
1635 792 1672 857 de
1688 813 1828 869 quacou·
1892 835 1895 840 -

263 870 474 950 probandum.
491 871 537 933 De
557 871 601 932 siis
622 870 659 934 stt
680 876 791 948 igitur.
996 923 999 928 .
1065 869 1164 935 {ustus
1184 867 1285 934 suerat
1306 870 1447 935 Pontifex
1474 893 1527 948 pro
1547 872 1635 950 ipsius
1659 871 1825 936 decisione.

261 992 267 1002 .
309 949 440 1026 Triplex
455 947 627 1014 contraslus
647 954 835 1014 initusinter
851 947 948 1016 socios
965 972 1033 1027 pro·
1069 950 1108 1013 Et
1125 950 1145 1011 si
1164 952 1193 1012 ιιι
1215 952 1271 1013 tali
1295 949 1381 1015 sensu
1400 972 1461 1015 non
1486 952 1663 1029 loqueretur
1682 949 1829 1017 Pontifex

262 1029 317 1095 tul
347 1028 439 1093 dubio
462 1029 505 1092 esl
535 1029 660 1094 illicitus
683 1075 691 1108 ,
718 1029 751 1095 dt
775 1030 831 1094 sioc
856 1031 975 1095 consiat
991 1052 1031 1095 ex
1067 1032 1101 1091 in
1117 1024 1168 1095 sna
1188 1029 1307 1106 Bulla,
1338 1030 1410 1094 idesl
1427 1051 1488 1094 non
1508 1031 1680 1108 loqueretur
1695 1032 1731 1095 de
1751 1032 1831 1096 asle·

264 1109 356 1173 Bulla
385 1106 598 1184 Drttsudisis,
637 1132 726 1185 qttant
751 1115 781 1172 in
808 1111 908 1174 lucem
936 1111 1030 1175 edidit
1067 1110 1432 1185 curationesortisprout
1456 1108 1492 1173 fit
1513 1114 1544 1174 in
1562 1111 1830 1177 tribusconrratti·

264 1190 406 1254 Summus
433 1189 576 1251 Pontifex
603 1189 707 1251 Sixtus
728 1191 764 1252 V.
793 1211 874 1253 anno
894 1191 978 1266 1586.
999 1193 1028 1253 in
1066 1188 1120 1253 bus
1150 1208 1246 1267 ,non
1268 1186 1463 1264 respondisset
1483 1192 1516 1253 in
1539 1186 1623 1254 sensu
1643 1208 1830 1257 controvet·
1923 1264 1925 1267 ¹

264 1287 326 1346 qua
358 1266 501 1344 expressis
530 1273 666 1330 terminis
691 1271 814 1333 dantnat
841 1319 849 1345 ‚
884 1272 917 1336 dt
942 1286 1031 1333 vetat
1068 1268 1136 1345 stae,
1156 1269 1193 1332 de
1212 1288 1271 1342 qna
1288 1269 1510 1346 quaerebatur,
1542 1269 1612 1333 idest
1630 1292 1692 1335 non
1709 1267 1831 1349 respon·

261 1347 407 1429 tuitiones
427 1367 544 1423 omnes,
563 1344 604 1413 Φ
624 1354 785 1414 contraitur
806 1397 814 1425 ,
831 1371 883 1431 per
897 1372 969 1428 quos
982 1371 1030 1414 ca·
1066 1349 1150 1412 disset
1166 1346 1351 1426 quaeslioni,
1379 1349 1499 1414 acideo
1527 1354 1594 1414 eius
1615 1349 1829 1416 difficultatem

260 1440 421 1518 necuim,
444 1428 516 1515 ideis
535 1425 728 1505 affeturentur
738 1433 860 1508 pecunia
883 1475 892 1507 ‚
917 1432 1029 1493 artimu-
1066 1449 1129 1492 non
1152 1425 1308 1505 solvisset,
1328 1426 1406 1503 quod
1427 1430 1552 1493 minime
1572 1430 1730 1494 dicendum
1747 1428 1808 1494 ess.

256 1506 329 1581 stu,
347 1518 400 1578 ,aut
421 1505 552 1584 quelibet
567 1507 629 1570 asia
647 1508 760 1572 tradita
790 1510 821 1572 in
844 1510 1030 1588 societatem,
1104 1510 1200 1573 Porro
1216 1509 1304 1570 iuxta
1325 1524 1459 1572 mentem
1486 1511 1645 1580 Pontificis
1673 1508 1799 1574 iniustus
1823 1555 1832 1584 ,

262 1598 299 1650 tit
315 1584 428 1665 etiamst
438 1584 565 1664 fortuito
585 1585 652 1665 casu
672 1588 818 1669 contingat
830 1589 914 1668 sequi
935 1590 1031 1654 iaiiu·
1064 1608 1098 1651 ac
1116 1588 1241 1652 illicitus
1262 1584 1426 1650 censendus
1442 1585 1484 1649 esl
1504 1588 1614 1664 triplex
1636 1587 1847 1665 contrassus,¹

258 1685 349 1742 rum,
369 1666 511 1754 damnum
532 1679 609 1741 ,aut
629 1668 830 1748 amrffiunem,
855 1667 920 1747 sorr
939 1668 1000 1748 ipsu
1021 1717 1029 1746 ‚
1064 1666 1178 1744 dequo
1199 1668 1302 1744 agitur
1323 1711 1332 1743 ,
1360 1684 1469 1745 utpote
1491 1670 1670 1745 usurarius,
1701 1689 1734 1733 ac
1760 1669 1829 1732 inde

256 1743 316 1828 {eu
331 1747 454 1822 capitale
467 1741 591 1823 salvum
602 1749 643 1823 fit
664 1793 672 1821 ,
696 1745 737 1814 (ff
753 1748 898 1827 integrum
917 1769 936 1810 a
949 1749 1030 1827 socio
1065 1749 1122 1810 iuri
1139 1746 1277 1811 naturali
1297 1750 1493 1825 contrarius,
1509 1747 1595 1811 sicuti
1614 1752 1711 1812 etiam
1732 1751 1829 1812 ratio.-

258 1822 420 1902 s'ecipierttt
435 1823 613 1901 restituatur
629 1870 638 1896 ,
653 1829 723 1906 five
742 1842 777 1889 ut
797 1830 834 1892 de
853 1840 932 1892 certa
942 1826 1026 1909 sum·
1064 1847 1103 1888 ne
1132 1823 1320 1903 probabimus
1339 1847 1350 1902 ς
1377 1826 1457 1888 unde
1490 1827 1608 1905 parebit
1635 1828 1766 1904 capitale
1796 1831 1830 1891 in

254 1919 340 1982 vu,
361 1904 416 1968 vel
437 1904 603 1981 quantitate
627 1906 658 1967 in
679 1909 802 1986 strigulus
834 1931 951 1985 annor,
977 1921 1029 1972 aut
1065 1904 1143 1968 hisce
1169 1904 1266 1969 tribus
1292 1903 1501 1970 contradlibus
1531 1910 1649 1983 proprie
1681 1906 1830 1983 loquendo

257 1980 401 2062 nenses,
427 1984 559 2048 durante
570 1981 706 2062 societate
728 1990 949 2066 respondeatur.
988 1990 1027 2052 Et
1065 1984 1182 2048 nonnisi
1206 1987 1238 2049 vi
1256 1982 1344 2059 ipsius
1361 1981 1518 2050 societatis
1546 1987 1733 2061 assecurari,
1758 2007 1836 2055 cunt,

254 2057 401 2209 sarritur
434 2065 464 2124 in
480 2063 585 2125 eadem
610 2066 724 2142 Bulla,
753 2063 965 2142 proscribendo
993 2090 1028 2132 ac
1064 2065 1162 2138 reipsa
1183 2066 1233 2140 qui
1252 2067 1336 2134 sitam
1354 2070 1513 2141 pecuniam
1534 2070 1565 2128 in
1593 2064 1762 2141 praediilrni
1785 2064 1833 2129 so·

261 2145 281 2210 d
324 2140 436 2207 niendo
476 2140 674 2207 huiuscemodi
710 2145 880 2209 cotiirasius
919 2164 1029 2226 utpote
1063 2148 1214 2209 rietatem
1234 2141 1383 2220 confert,
1408 2142 1801 2224 nussamasiamconipens
1818 2174 1832 2191 -

261 2221 433 2299 usurarios,
455 2241 489 2285 ac
509 2221 628 2299 prorsus
651 2224 774 2288 illicitos
789 2274 797 2299 ,
812 2226 946 2290 slatoens
966 2276 974 2305 ,
994 2249 1029 2292 ac
1065 2226 1184 2290 tionem
1209 2245 1262 2300 pro
1292 2220 1515 2289 assecuratione
1539 2222 1690 2288 retribuat
1715 2227 1831 2290 assecu-

262 2321 378 2369 vetans
408 2323 445 2364 ne
474 2300 628 2366 ullatenus
650 2306 680 2363 in
703 2303 853 2380 posserum
878 2306 968 2371 liceat
986 2307 1030 2370 so·
1065 2307 1176 2381 tanti,
1205 2301 1259 2365 nist
1292 2304 1409 2367 lucrum
1433 2303 1613 2382 sperarum,
1642 2304 1720 2379 quod
1749 2300 1831 2368 forte

259 2386 393 2452 eletates
412 2402 481 2445 cum
497 2378 700 2446 huiuscemodi
729 2385 955 2449 conditionibus
973 2388 1029 2449 ini·
1066 2403 1128 2448 non
1149 2385 1230 2461 erit,
1245 2381 1280 2447 dt
1300 2378 1390 2446 facile
1406 2386 1580 2461 contingit,
1596 2400 1630 2446 ut
1647 2388 1696 2459 qui
1718 2382 1832 2449 assecu-
1937 2408 1944 2412 ·

260 2482 321 2528 re.
352 2460 419 2524 snio
447 2461 521 2524 alias
545 2459 703 2525 consultus
733 2464 812 2527 idem
835 2465 864 2526 S.
889 2464 1029 2530 Pontifex
1065 2481 1113 2527 rat
1137 2462 1247 2538 perdat
1265 2460 1349 2526 simul
1370 2462 1404 2527 dt
1429 2462 1605 2528 industriam
1630 2463 1713 2528 suam
1737 2484 1831 2541 quarn

249 2540 496 2631 .·fupernattttam
510 2589 518 2617 ,
534 2538 568 2606 δι
588 2540 784 2607 difficultates
804 2543 889 2609 buius
905 2563 1030 2610 eontra·
1065 2540 1164 2619 posuit
1183 2590 1193 2619 ,
1220 2538 1254 2607 ἀ
1275 2537 1385 2608 sortem
1401 2541 1452 2608 seu
1466 2545 1603 2618 capitale
1619 2543 1698 2617 quod
1715 2544 1833 2608 assecu-

256 2617 345 2698 θυι,
365 2641 421 2699 pro
437 2620 618 2685 definitione
634 2623 800 2687 huiusmodi
811 2622 1029 2690 controversrae
1065 2625 1168 2698 ravit,
1184 2623 1218 2688 dt
1232 2624 1367 2700 pretium
1388 2625 1458 2688 talis
1474 2624 1704 2686 assecurationis
1724 2671 1732 2700 ,
1752 2622 1832 2700 quod

253 2701 349 2767 viva
371 2702 469 2764 etiam
501 2705 585 2764 vocis
613 2704 740 2766 oraculo
768 2703 943 2781 reprobavit
967 2723 1028 2769 tres
1065 2702 1184 2765 nullum
1203 2706 1295 2776 erit,
1324 2701 1559 2767 sinuslumfiat
1588 2703 1831 2780 sucrum:‘qu2

263 2777 447 2856 supradislos
477 2779 673 2859 contraditis,
698 2804 733 2846 ac
752 2804 791 2845 ne
815 2786 847 2846 in
878 2783 1029 2860 posterum
1065 2780 1217 2845 sententia
1240 2785 1285 2844 ita
1307 2785 1427 2846 ratione
1448 2781 1609 2859 probatur.
1639 2781 1692 2845 lsle
1707 2800 1831 2847 eontra·

260 2860 489 2926 celebrarentur
517 2864 632 2935 enixe,
661 2884 695 2925 ac
725 2859 828 2927 severe
854 2863 1028 2940 prohibuit.
1062 2858 1127 2923 dius
1149 2880 1222 2924 vere
1236 2860 1280 2922 esi
1301 2856 1472 2937 usurarius,
1490 2865 1521 2923 in
1542 2882 1602 2937 quo
1622 2882 1661 2924 ex
1680 2866 1710 2925 ti
1730 2862 1833 2925 mutui

263 2937 311 3004 Ut
333 2956 436 3005 aute-n
457 2940 585 3004 eludant
614 2940 776 3008 sententiat
804 2942 951 3019 opposita
995 2963 1028 3007 a·
1065 2940 1174 3017 aliquid
1195 2937 1281 3013 supra
1299 2936 1411 3005 sortem
1428 2943 1588 3018 recipitur,
1606 2957 1641 3005 ut
1662 2961 1771 3006 revera
1791 2941 1829 3005 stt

263 3023 346 3085 troni
363 3018 525 3084 dostrinant
546 3071 555 3093 ‚
579 3042 614 3085 ae
629 3020 842 3086 definitionem
862 3044 953 3099 expre
983 3045 1030 3087 tin
1051 3023 1096 3083 rin
1112 3020 1272 3085 contraditi
1284 3023 1378 3084 trium
1395 3020 1624 3097 contrasiuum,
1642 3024 1670 3082 in
1688 3024 1831 3096 nunquia

262 3101 296 3163 sn
318 3096 482 3176 supraditta
497 3100 585 3165 Bulla
606 3121 719 3165 contra
736 3103 827 3166 didius
846 3101 1030 3182 contraflus,
1065 3121 1126 3164 non
1144 3100 1219 3163 alias
1238 3122 1273 3164 ac
1290 3103 1320 3161 in
1338 3099 1465 3178 simplici
1482 3118 1590 3164 mutuo
1603 3104 1634 3163 vi
1652 3097 1741 3178 ipsius
1752 3121 1829 3188 con·

263 3181 351 3245 aiunt
367 3199 427 3243 non
441 3180 589 3256 reprobari
601 3184 631 3243 in
649 3179 708 3258 ipsa
724 3182 814 3246 Bolia
827 3180 943 3248 eosdem
954 3204 1029 3247 con·
1066 3178 1176 3246 crassus
1198 3181 1363 3244 dominium
1385 3180 1470 3244 sortis
1487 3183 1518 3242 in
1540 3176 1589 3243 soc
1600 3181 1663 3242 ium
1685 3182 1833 3244 transfer·

263 3259 375 3323 traslus
393 3276 427 3322 iit
450 3259 572 3324 illicitos
594 3263 726 3326 naturali
750 3267 818 3327 iure
834 3279 842 3342 3
859 3283 929 3327 cum
951 3265 1030 3327 Pon·
1065 3277 1134 3340 tur,
1156 3260 1297 3336 quidquid
1314 3262 1364 3336 qui
1387 3256 1501 3325 fortem
1516 3259 1596 3323 dedit
1618 3260 1701 3323 ultra
1717 3257 1831 3324 sortem

260 3334 338 3401 tifex
357 3338 470 3404 ssartiat
487 3360 538 3403 eos
565 3346 596 3404 in
619 3339 756 3406 futurum
783 3342 1029 3409 censeridebere
1066 3342 1226 3417 recipiat,
1250 3337 1385 3404 usurario
1411 3344 1519 3418 recipit
1542 3360 1577 3402 ac
1594 3338 1733 3405 illicite:
1758 3359 1831 3404 nant

252 3418 386 3481 illicitos
408 3458 416 3494 ,
444 3419 478 3484 dt
501 3420 689 3486 solummodo
712 3422 749 3485 ab
769 3423 874 3488 eodeni
894 3427 1028 3488 vetitam
1062 3443 1135 3486 cuni
1155 3440 1201 3484 res
1219 3423 1340 3496 proprio
1361 3419 1483 3486 domino
1498 3435 1643 3493 maneat,
1664 3418 1697 3484 ἀ
1715 3440 1832 3498 pereat,

259 3493 347 3560 fiiisse
363 3519 431 3561 earn
451 3502 605 3564 societatis
633 3499 787 3580 speciem,
815 3507 845 3565 in
874 3520 934 3580 qua
953 3507 1028 3581 peri·
1063 3500 1096 3566 dc
1114 3504 1158 3564 ιιι
1175 3498 1212 3564 ab
1232 3503 1297 3564 eius
1316 3498 1408 3563 libera
1429 3497 1623 3579 dispositione
1642 3499 1832 3578 dependeat,

252 3576 362 3640 'cusum
384 3575 505 3643 summae
522 3580 662 3655 capitalis
685 3627 693 3656 ,
721 3582 753 3645 dc
771 3583 845 3645 lucri
867 3582 958 3646 alteri
980 3584 1025 3647 so·
1064 3598 1098 3644 ut
1117 3581 1216 3644 eidem
1233 3578 1270 3642 ab
1286 3580 1349 3642 alio
1372 3580 1423 3642 issu
1441 3581 1738 3656 impedirinequeatr
1759 3579 1831 3646 siinc

255 3660 311 3721 tio
332 3659 500 3734 imponitur
519 3662 550 3718 vi
569 3657 659 3721 sosius
675 3662 848 3723 contrasius
865 3657 1028 3739 societatis,
1065 3663 1137 3735 quia
1160 3663 1190 3722 in
1208 3659 1266 3722 hoe
1286 3659 1446 3724 contraslu
1459 3662 1591 3724 vinovae
1611 3661 1829 3724 conventionis

251 3747 322 3799 'nott
353 3754 459 3799 autem
490 3738 535 3798 vi.
555 3735 682 3799 duorum
721 3742 771 3810 oui
805 3740 902 3801 eidem
927 3738 1026 3815 super·
1063 3742 1093 3801 ιιι
1125 3735 1187 3814 ipso
1218 3741 1304 3801 inita:
1333 3741 1503 3815 periculum
1533 3738 1622 3801 sortis
1658 3758 1677 3802 a
1707 3741 1827 3815 proptio

249 3812 447 3878 ‘adderentur
467 3815 665 3891 contraditi,
697 3838 804 3902 nempe
835 3818 1025 3884 assecuratio·
1062 3817 1269 3881 eiusdoniino
1289 3815 1476 3883 transfertur
1495 3824 1524 3880 in
1543 3815 1831 3894 sociuni,snliunc

249 3897 306 3959 nis
325 3891 433 3968 sortis,
450 3913 485 3957 ac
502 3894 688 3959 venditionis
700 3895 868 3960 irtidluum.
1062 3916 1180 3975 quoqne
1199 3895 1333 3961 eiusdem
1354 3896 1442 3963 sortis
1474 3898 1641 3963 dominium
1667 3894 1830 3964 transferri

251 4006 266 4025 ·.
300 3972 491 4036 Retunditur
505 3991 612 4037 autern
632 3979 760 4052 primum
785 3974 1025 4041 adversariorum
1062 3975 1227 4054 censendus
1248 3976 1291 4041 est
1310 4000 1408 4054 ,cum
1428 3978 1543 4056 semper
1565 3997 1672 4042 verum
1693 3975 1731 4042 stt
1751 3977 1831 4054 quod

249 4060 468 4119 ‘documentum
485 4053 584 4118 verbis
605 4053 766 4132 ipsissimi
784 4055 956 4134 Pontinus,
974 4061 1024 4133 qui
1063 4077 1108 4120 res
1134 4077 1257 4121 manere
1277 4057 1385 4124 debeat
1405 4059 1527 4135 eidem,
1555 4060 1604 4121 cui
1631 4059 1728 4132 perire
1756 4057 1833 4120 dici·

251 4133 296 4198 de
317 4131 394 4196 bisce
410 4133 615 4198 contraiiibtis
633 4135 707 4199 dicit
723 4156 774 4199 ens
795 4143 907 4214 opponi
933 4142 1026 4213 aeqiri·
1062 4155 1141 4213 tur,
1171 4160 1205 4202 ac
1227 4137 1297 4201 ideo
1316 4141 1341 4201 is
1357 4159 1443 4216 aeqne
1471 4160 1507 4204 ac
1528 4135 1651 4215 quilibet
1674 4138 1751 4201 alius
1768 4158 1831 4200 mu·

251 4217 340 4305 tati,
358 4212 392 4278 &
413 4211 561 4294 iustitiae,
584 4218 891 4294 contrua-quintum,
917 4217 957 4285 Θ
979 4217 1024 4280 iu·
1062 4221 1215 4282 ruatarius
1234 4239 1250 4280 a
1274 4217 1366 4281 libera
1388 4218 1475 4294 ipsius
1499 4217 1587 4282 sortis
1608 4214 1800 4295 dispositione
1823 4259 1832 4294 ,

280 4307 369 4358 triam
379 4291 547 4373 prietatis.
572 4299 650 4371 Quis
682 4317 753 4375 erpo
787 4321 848 4362 uon
871 4300 954 4361 videt
978 4317 1024 4362 ta·
1061 4297 1142 4374 quod
1163 4297 1332 4361 dominium
1350 4295 1676 4376 importat,impediri
1692 4316 1753 4361 non
1776 4314 1832 4360 va·

318 4375 489 4438 contradlus
507 4376 662 4453 reprobari
694 4379 809 4440 aflixti
840 4377 966 4442 oraculo
989 4394 1024 4441 ut
1061 4376 1146 4453 leat,
1164 4398 1234 4438 cit-ii
1251 4397 1439 4453 quocumque
1460 4378 1551 4441 modo
1572 4377 1607 4440 de
1627 4398 1663 4439 ea
1681 4374 1831 4453 disponat,

255 4453 388 4518 naturali
412 4458 469 4516 iuti
486 4460 689 4534 contrarios,
719 4456 740 4519 si
765 4479 821 4522 eos
839 4455 947 4521 definit
968 4479 1022 4534 op·
1062 4454 1136 4518 nibil
1154 4454 1236 4517 aliud
1267 4453 1303 4518 td
1323 4456 1454 4534 alterum
1474 4455 1582 4537 speilet
1608 4455 1662 4517 nisi
1688 4473 1724 4519 ut
1745 4458 1831 4520 fuum

307 4551 366 4597 ttos
394 4535 535 4610 aequitati
557 4571 567 4612 ,
596 4537 631 4601 dt
660 4536 811 4611 iussitire,
840 4559 906 4613 ιιιιιι
935 4550 973 4599 ex
995 4537 1024 4600 se
1060 4535 1215 4613 capitale,
1234 4532 1269 4598 dt
1289 4534 1401 4610 aliquid
1422 4535 1505 4605 ultra
1524 4538 1671 4610 recipiar,
1691 4552 1780 4610 prout
1798 4536 1830 4597 in

269 4624 326 4678 tint
358 4612 395 4674 de.
415 4619 482 4677 iure
507 4633 646 4681 naturae.
678 4619 848 4683 Secundum
878 4635 955 4681 vero
977 4618 1023 4680 ita
1062 4617 1210 4678 variando
1231 4615 1507 4691 priniocontradlu
1527 4617 1831 4684 societatisconten·

309 4696 332 4756 is
354 4689 397 4756 esl
413 4699 559 4758 momenti
582 4739 590 4770 ,
611 4716 645 4763 ut
667 4717 706 4760 ex
728 4695 756 4758 se
777 4698 926 4762 decidat:
952 4718 1024 4760 nam
1062 4712 1128 4758 tum
1149 4691 1226 4758 fuit.
1259 4693 1348 4758 Unde
1365 4698 1446 4760 clare
1463 4695 1586 4762 ridetur
1606 4695 1683 4771 quod
1702 4711 1828 4761 contra*

251 4764 533 4839 biuriCmttiturio
552 4773 711 4852 proscribit
726 4777 1022 4853 contratiiisomnes,
1058 4771 1121 4837 slus
1138 4772 1293 4837 societatis
1313 4794 1451 4841 mutatus
1480 4780 1513 4839 in
1540 4772 1731 4839 contradluni
1755 4773 1830 4838 asse·

250 4861 301 4934 ptr
320 4868 398 4932 quot·
407 4855 563 4920 cavebitur
579 4855 707 4935 personis
733 4856 876 4936 pecunias
902 4855 1022 4936 forieta·
1058 4855 1228 4918 curationis
1247 4850 1365 4931 sortis,
1395 4855 1584 4920 venditionis
1614 4855 1689 4919 lucri
1720 4856 1828 4920 incerti

252 4933 429 5001 tintinnire
459 4935 674 5015 tradentibus,
711 4951 745 5000 ut
764 4937 876 5016 etiamfi
894 4935 1022 5019 fortuito
1059 4933 1138 5009 quod
1157 4930 1291 5008 speratur
1315 4957 1372 5010 pro
1390 4946 1508 5010 certo,
1536 4937 1607 4999 sicet
1630 4936 1764 5008 minori,
1792 4930 1828 4996 sit

253 5016 322 5094 cusu
344 5014 405 5078 ami
426 5033 518 5081 ionem
545 5019 611 5094 equi
629 5018 775 5099 contingat
791 5065 799 5096 ,
815 5019 880 5098 sors
896 5014 1022 5096 ipsust»
1058 5011 1233 5076 contraitur
1247 5012 1384 5090 simplicis
1401 5016 1500 5078 mutui
1525 5054 1534 5090 ,
1563 5035 1598 5077 ac
1616 5012 1739 5090 proinde
1759 5010 1829 5074 usu·

250 5097 379 5179 capitale
389 5014 636 5180 superstitum
651 5099 722 5193 fit,
752 5120 788 5166 se
809 5095 971 5178 proscribit
987 5098 1020 5161 in
1060 5094 1159 5170 rarii,
1190 5090 1224 5159 dt
1252 5092 1350 5161 illiciti
1372 5132 1379 5158 ι
1408 5090 1532 5171 iusuper
1561 5093 1631 5199 tusis
1655 5087 1828 5234 ιοιιιιὲἓιιι
