4425 6000
534 501 704 574 Tusca.
731 520 789 571 oa
817 496 1072 573 Praesente
1102 494 1315 572 Eecssstn
1353 499 1455 574 Car.
1481 497 1509 573 l.
1663 519 1738 594 cst

228 596 298 664 selli
318 597 381 666 dies
402 596 479 665 rede
501 599 703 665 instituuntur
719 597 757 662 ad
776 594 994 661 recolendabe·
1026 598 1080 662 bus
1100 596 1308 662 Emmanuelis
1326 599 1518 675 imperatoris
1531 595 1791 677 Constantinopo-

227 677 340 746 neficia
369 682 454 755 Dei,
484 696 520 742 ut
549 676 670 742 constat
697 698 736 741 ex
760 672 836 741 sellu
859 677 993 739 Sortium
1029 677 1145 756 lirani,
1174 696 1262 753 quem
1283 677 1374 742 habet
1406 678 1583 744 Theodorus
1603 677 1789 743 Balsamoin

229 758 309 834 apud
338 759 487 835 ludam,-
518 758 738 834 laudenturque
768 777 786 819 a
815 757 844 818 8.
866 754 991 831 Atrgull.
1029 756 1252 822 Nomocanone
1271 756 1392 834 Photii,
1408 756 1444 824 ἀ
1461 779 1501 822 ex
1520 756 1665 820 Sermone
1674 760 1788 822 Leonis

227 835 281 902 liu
305 859 352 903 ro.
371 839 408 902 de
427 836 519 903 Ciuis.
530 840 586 900 Dei
604 854 664 916 cap,
681 859 712 915 4.
723 836 994 916 Magnumqaidem
1029 836 1226 915 Imperatoris
1248 838 1322 901 item
1353 836 1684 914 conllantinopolinni
1707 838 1744 901 de
1763 838 1793 900 8.

229 917 271 996 est
298 920 353 983 Dei
374 917 567 995 beneficium,
590 918 668 995 quod
691 917 813 992 quidm
837 914 993 993 Chrestiani
1028 916 1141 980 Mario
1149 914 1377 994 conceptione.
1395 917 1483 996 Apud
1492 918 1622 983 Latinos
1633 935 1707 980 vero
1718 933 1794 980 tem-

226 994 433 1078 consumentur
449 990 616 1076 presertim
628 1013 681 1075 per
697 995 899 1075 Martyrium.
917 992 995 1057 Hinc
1029 1013 1102 1073 pore
1125 995 1154 1057 8.
1177 994 1322 1059 Bernardi
1351 1016 1433 1061 anno
1451 998 1575 1061 Domini
1600 999 1687 1075 1146.
1716 996 1793 1060 cole·

225 1078 342 1141 exultas
381 1074 565 1155 triumphans
593 1075 716 1156 Ecclefia
755 1095 868 1139 nonum
894 1072 994 1139 civem
1028 1075 1108 1139 brari
1130 1079 1225 1150 coepit
1246 1075 1359 1140 Gallice
1377 1081 1406 1139 in
1426 1075 1556 1141 Ecclesia
1573 1073 1795 1155 Lugdunenlr,

226 1155 368 1245 adipisci:
390 1154 456 1245 binc
467 1155 576 1236 gaudet
595 1155 718 1235 Ecclefio
736 1155 869 1219 militans
882 1174 994 1218 mnam
1029 1172 1065 1218 ut
1085 1157 1205 1218 conliat
1225 1175 1264 1217 ex
1284 1156 1367 1232 episi.
1388 1155 1520 1222 eiusdem
1541 1156 1571 1218 S.
1591 1154 1738 1219 Bernardi
1758 1155 1797 1220 ad

225 1234 281 1317 fibi
301 1255 401 1317 asgeri
419 1233 627 1315 intercessorem
646 1236 679 1300 in
698 1235 994 1314 rossemannum,
1028 1235 1203 1299 canonicos
1223 1234 1439 1315 Lugdunenses
1476 1255 1543 1313 quae
1558 1235 1601 1298 est
1616 1255 1681 1315 174
1694 1239 1797 1311 inqua

226 1317 306 1380 ιιιιάι
324 1337 405 1380 noua
423 1314 541 1394 utrique
570 1318 644 1380 ratio
672 1315 770 1396 magni
795 1315 930 1403 gaudii,
954 1311 996 1380 (Ι
1028 1334 1080 1378 eos
1101 1312 1276 1404 subaiguit,
1297 1315 1379 1402 quod
1402 1286 1514 1392 absque·
1530 1313 1711 1379 auiioritate
1732 1315 1796 1378 Ro·

227 1394 370 1475 triumphi
384 1395 420 1459 de
439 1397 532 1461 relata
553 1392 745 1460 iudicialem
763 1400 911 1460 υιᾶονιι.
1030 1413 1129 1458 manae
1149 1392 1288 1458 Ecclelrae
1304 1392 1410 1456 sellum
1424 1393 1798 1470 induxerintConceptio·

177 1482 214 1522 Μ
270 1475 337 1540 Nec
353 1477 403 1538 hio
422 1476 540 1551 cultus,
557 1492 592 1540 ut
614 1491 775 1540 autumant
790 1474 994 1549 Etherodoxi,
1030 1476 1077 1536 nis
1096 1471 1130 1535 B.
1150 1475 1285 1552 Virginis
1306 1493 1469 1551 praetextu
1498 1473 1653 1538 cuiusdam
1676 1474 1799 1539 revela·

177 1550 201 1584 '⁹
227 1552 437 1620 idololatriam
454 1553 599 1631 redolet,
625 1574 682 1618 nec
707 1549 780 1617 salso
800 1557 912 1616 nititur
927 1551 995 1615 lun·
1032 1556 1142 1616 tinnis.
1175 1551 1340 1615 Crescente
1362 1557 1515 1617 tamenin
1535 1553 1700 1630 Deiparam
1721 1552 1795 1616 lide-

177 1635 381 1716 gmdamento
400 1682 409 1712 ,
430 1652 467 1699 ut
487 1633 544 1700 hac
572 1631 645 1699 salsa
670 1632 872 1710 suppositione
887 1631 996 1696 debae·
1033 1633 1107 1694 lium
1123 1629 1233 1719 affedlu
1253 1633 1387 1697 invaluit
1408 1634 1532 1697 tandem
1553 1630 1793 1696 huiuslolemni·

177 1741 191 1776 ι
233 1711 366 1778 chantur
383 1717 531 1791 praecipue
551 1731 659 1778 contra
685 1712 894 1777 Immaculata
917 1712 996 1777 Con·
1032 1714 1105 1777 tatis
1124 1710 1557 1794 consuetudo‚&aSynodo
1577 1708 1794 1774 basilienlran·

177 1796 381 1869 ¹ifleceptionis
409 1795 544 1871 Virginis
571 1789 681 1856 festum
704 1841 713 1871 ,
739 1813 795 1856 nec
820 1812 839 1855 a
858 1789 995 1856 saeculari
1032 1812 1072 1854 no
1093 1806 1182 1871 143⁹·
1203 1789 1383 1856 confirmata
1399 1791 1442 1854 esl
1457 1839 1466 1869 ,
1480 1794 1569 1868 eique
1586 1791 1795 1868 indulgentias

231 1872 384 1950 potellate
399 1872 620 1937 instituuntur.
642 1872 741 1935 Nulla
755 1873 839 1936 enim
854 1892 997 1936 occurre·
1032 1870 1132 1935 affixit
1163 1869 1266 1934 Xillus
1295 1869 1347 1932 lV.
1387 1870 1503 1935 ldcireo
1526 1871 1661 1934 invaluit
1687 1866 1797 1932 sellum

228 1973 264 2018 re
287 1951 383 2033 potest
409 1973 448 2016 ne
470 1951 589 2028 quidem
611 1948 736 2028 sulpicio
765 1950 947 2015 idololatriae
964 1953 995 2014 in
1032 1951 1088 2015 boc
1102 1948 1320 2014 consuetudine
1342 1954 1443 2026 nntius
1464 1970 1552 2024 quam
1568 1965 1737 2024 praecepto.

229 2031 319 2098 cultu
343 2035 393 2106 qui
421 2031 535 2095 Saniiis
563 2029 623 2105 poll
651 2048 781 2095 mortem
812 2030 996 2109 exhibetur,
1071 2031 1264 2095 Natiuitatis
1283 2026 1390 2094 sessum
1419 2028 1452 2091 B.
1473 2029 1519 2093 Μ.
1549 2027 1684 2108 Virginis
1708 2042 1851 2106 notato,
1874 2039 1937 2108 gg,

230 2109 443 2249 quiaDSanllos
460 2110 672 2250 nonscolimus
699 2110 786 2202 cultu
807 2110 905 2249 lagriae
930 2110 995 2173 vel·
1031 2109 1193 2252 liar'oniusb
1211 2107 1248 2172 ad
1279 2129 1394 2252 ιιιὲιιιιιι
1421 2111 1544 2172 circiter
1575 2108 1642 2169 800.
1674 2127 1741 2249 {um
1762 2117 1939 2232 ‘'ffffss'iff'

212 2206 292 2344 su
311 2190 824 2360 autumaremus,
839 2208 996 2359 eureus
1031 2206 1510 2360 usutnuuuuuu
1529 2207 1594 2343 su
1633 2205 1794 2359 tunsus:
1812 2246 1940 2360 gn.

231 2364 308 2409 vota
327 2394 336 2421 ,
353 2366 409 2410 nec
425 2348 536 2411 altaria
554 2343 668 2409 Sandlrs
682 2347 843 2421 ducamus,
868 2344 917 2409 led
943 2345 994 2409 soli
1031 2369 1068 2411 ca
1094 2367 1209 2411 annuum
1238 2347 1346 2426 mille,
1372 2348 1450 2413 hanc
1472 2346 1617 2411 exhibeat
1647 2342 1799 2409 seslrvtta·
1816 2374 1907 2428 gog„

230 2425 300 2488 Deo
317 2428 348 2487 in
370 2426 549 2491 Sanslnrum
573 2424 746 2504 honorem,
768 2424 803 2491 dt
823 2442 858 2490 ut
882 2428 996 2503 gratias
1033 2445 1096 2490 tem
1112 2425 1194 2504 quasi
1216 2443 1307 2490 novae
1328 2429 1455 2503 pietatis
1476 2444 1626 2503 partum,·
1650 2422 1696 2488 sed
1717 2424 1797 2488 hanc

231 2503 299 2567 Deo
319 2505 476 2568 reddamus
491 2504 529 2569 ob
544 2503 691 2570 beneficia
708 2552 718 2581 ,
744 2506 850 2581 quibus
873 2502 996 2569 srnuos
1032 2507 1168 2571 recenset
1197 2505 1227 2568 8.
1256 2504 1432 2572 Bonifatius
1448 2507 1651 2586 Mogontinus
1681 2507 1742 2567 iam
1759 2504 1797 2568 ab

231 2585 424 2660 cumulavit,
443 2584 477 2650 δι
497 2602 533 2648 ut
554 2584 591 2650 ad
605 2604 711 2647 eorum
730 2589 854 2661 preces,
871 2583 926 2646 nist
946 2605 997 2658 pa·
1030 2586 1141 2651 odlavo
1154 2582 1268 2650 saeculo
1295 2588 1377 2652 inter
1403 2606 1527 2665 magnas
1552 2585 1635 2649 illius
1665 2586 1727 2648 aevi
1746 2603 1798 2648 ce-
1880 2605 1882 2610 ·

231 2666 277 2725 ria
297 2711 305 2739 ,
329 2661 513 2728 sufficientia
544 2661 650 2729 saltem
670 2663 755 2728 nobis
783 2684 902 2741 quoque
923 2684 995 2726 con·
1031 2666 1206 2740 lebritates,
1228 2662 1307 2728 forte
1322 2669 1393 2743 quia
1414 2669 1499 2743 ptius
1515 2685 1606 2742 quam
1623 2662 1660 2728 ab
1676 2665 1743 2726 aliis
1764 2666 1797 2725 in

230 2737 327 2805 serat.
1030 2745 1134 2808 Gallia
1153 2744 1298 2808 celebrari
1321 2749 1438 2823 coepit.
1457 2744 1611 2821 Quidquid
1622 2760 1728 2808 tamen
1748 2740 1796 2819 fit,

177 2841 215 2880 m·
272 2820 402 2886 Beatam
422 2824 581 2901 Virginem
610 2825 776 2888 immunem
796 2820 884 2887 fuisse
905 2821 943 2886 ab
962 2843 997 2887 o·
1030 2825 1059 2885 S.
1077 2823 1276 2901 Bernartius,
1307 2828 1358 2899 qui
1384 2845 1415 2887 re
1437 2823 1570 2903 ugnabat
1595 2822 1797 2887 celebrationi

177 2903 295 2963 ⁸¹⁸mni
311 2901 379 2964 labe
398 2906 494 2966 etiam
514 2904 655 2982 originali
671 2923 733 2966 non
750 2901 843 2966 solum
870 2905 913 2966 ita
934 2899 998 2964 sen·
1031 2902 1274 2986 conceptionis,
1304 2918 1390 2967 totus
1411 2847 1472 2968 suit
1492 2924 1548 2981 pro
1575 2899 1649 2965 fello
1670 2901 1813 2990 Natini-J

177 2974 180 3006 ¹
233 2983 321 3046 ciunt
338 2981 510 3058 Catholici,
527 2979 576 3046 sed
595 2986 676 3046 inter
693 2979 767 3059 ipsos
784 2980 996 3046 haeresiarchas
1032 2986 1106 3046 tatis
1131 3032 1140 3059 ,
1167 3000 1202 3048 ut
1222 2985 1254 3046 in
1274 2984 1327 3045 cit.
1349 2987 1413 3048 eius
1442 2980 1529 3062 epist.
1553 3001 1618 3063 ¹74
1650 2980 1799 3046 lnnocen·

177 3106 198 3135 -,
231 3060 385 3126 lutherus
405 3109 414 3137 ,
434 3061 790 3139 acErasmus,quinon
811 3061 892 3124 male
911 3059 997 3126 audit
1032 3064 1093 3125 tius
1114 3062 1165 3122 lV.
1189 3062 1330 3127 adiunxit
1347 3062 1416 3128 huic
1431 3062 1507 3127 fello
1522 3060 1607 3127 suam
1628 3059 1797 3137 Odiosum,

232 3139 311 3217 apud
327 3140 530 3205 Protesiantes
550 3164 562 3217 ;
585 3141 619 3206 δι
647 3139 754 3204 felium
777 3141 995 3217 Contentionis
1032 3159 1067 3208 ut
1089 3159 1168 3206 voto
1188 3139 1374 3206 satisfaceret
1391 3141 1435 3207 sui
1454 3141 1656 3220 praecessoris.

231 3220 365 3299 Virginis
380 3221 490 3294 Mariae
510 3221 682 3285 celebratur
699 3239 760 3285 non
791 3219 886 3284 solum
907 3218 996 3283 abiis
1069 3220 1190 3285 Fellum
1216 3221 1440 3287 Purificatinnis
1472 3226 1576 3299 graecis
1604 3220 1766 3300 suppanis
1786 3264 1795 3292 ,
1814 3227 1938 3305 peniculo

229 3296 368 3363 fidelibus
403 3303 453 3375 oui
479 3300 616 3365 sentiunt
642 3301 870 3365 immaculatam
909 3298 996 3363 fuisse
1033 3299 1082 3364 seu
1102 3299 1237 3365 Obviatio
1256 3349 1265 3378 ,
1283 3304 1352 3377 quia
1371 3300 1492 3365 Chrislo
1523 3323 1594 3366 cum
1613 3301 1735 3364 delatus
1754 3294 1794 3362 es·
1813 3289 1938 3366 autrica-

229 3380 297 3442 eius
317 3383 573 3460 conceptionem,
591 3379 639 3444 led
668 3385 765 3444 etiam
791 3380 828 3443 ab
854 3382 891 3444 iis
911 3427 921 3456 ,
944 3382 994 3463 qui
1032 3377 1078 3444 let
1100 3380 1137 3444 ad
1161 3381 1346 3458 Templum,
1375 3384 1402 3444 ei
1424 3396 1621 3446 occurrerunt
1642 3380 1794 3470 Simeon,
1813 3371 1899 3473 Ἣ
1930 3388 1940 3408 ·

229 3457 367 3521 eamdem
387 3459 542 3537 Virginem
562 3463 730 3536 opinantur
747 3457 995 3534 inpeccatosuis-
1032 3462 1141 3536 Anna,
1158 3460 1270 3538 aliique
1290 3463 1348 3535 (ut
1368 3461 1511 3525 credibile
1519 3458 1583 3537 est,
1603 3461 1702 3538 plures
1714 3454 1793 3531 iulis)
1813 3458 1852 3535 de'
1881 3483 1938 3535 ej„

229 3533 470 3613 seconceptam3
486 3544 557 3614 quia
569 3543 600 3600 in
617 3540 673 3603 tali
690 3534 894 3602 sessiuncultu
908 3535 996 3613 ipsius
1032 3540 1258 3618 promulgatum
1277 3539 1320 3602 est
1342 3560 1359 3604 a
1376 3539 1544 3605 lulliniano
1565 3559 1646 3603 anno
1663 3557 1729 3617 542.
1757 3537 1796 3598 li·
1812 3546 1909 3622 souitu.

229 3612 499 3679 sanslificationem
521 3618 670 3681 bonorare
695 3617 878 3680 intendunt.
903 3618 996 3678 Pote-
1030 3633 1080 3681 cet
1116 3636 1205 3691 putet
1233 3619 1382 3681 Batonius
1413 3618 1491 3683 hanc
1522 3619 1750 3682 solemnitatem
1779 3623 1904 3681 aum·

229 3693 292 3757 ssas
313 3693 435 3758 tandem
460 3692 610 3760 saecularis
633 3697 805 3769 Principum
828 3691 903 3758 fecit
932 3696 996 3768 qui·
1020 3694 1156 3759 Gelasio
1185 3695 1352 3761 inllitutam
1380 3690 1496 3775 luisse,
1524 3699 1595 3760 dum
1616 3698 1723 3759 Romae
1748 3691 1798 3757 su·

228 3773 301 3836 dem
323 3819 331 3847 ,
358 3772 392 3836 ἀ
408 3771 482 3838 facit
498 3793 531 3839 ut
556 3770 631 3837 sella
658 3773 694 3836 ab
710 3771 841 3838 Ecclesia
857 3771 996 3835 instituta
1030 3772 1137 3854 pressit
1167 3776 1375 3853 Lupercalia,
1405 3781 1436 3839 in
1461 3778 1569 3853 quibus
1590 3796 1653 3839 arae
1673 3775 1797 3837 Saturni

230 3849 434 3916 observentur
458 3855 558 3918 debim
590 3855 817 3930 veneratione,
843 3872 905 3916 non
922 3870 997 3916 vero
1031 3875 1104 3931 quas
1134 3855 1230 3919 credit
1247 3853 1466 3919 Tbomaffinus
1492 3856 1579 3921 soille
1598 3855 1712 3919 idolum
1729 3853 1798 3915 Mo·

232 3951 352 3994 annuas
373 3953 508 4009 unquam
528 3930 715 3997 festivitates
742 3930 904 4009 instituit,
926 3932 995 4004 quia
1032 3933 1120 4010 loch,
1142 3955 1203 3997 non
1226 3938 1286 3997 iam
1306 3938 1390 3999 viros
1409 3935 1567 4000 rutilando
1584 3956 1619 4000 ut
1641 3951 1733 4009 ante,
1749 3930 1797 3995 led

231 4010 292 4075 hoc
308 4012 344 4074 ad
365 4011 458 4075 lolam
482 4011 593 4090 spestat
617 4009 852 4076 ecclesiasticam
870 4008 996 4075 rudiori·
1032 4013 1164 4077 accensis
1183 4013 1345 4079 luminibus
1368 4016 1590 4081 excolebantur
1606 4034 1633 4076 a.
1661 4010 1796 4079 Macrob·

232 4106 352 4158 tatem.
369 4092 424 4156 Sed
443 4091 481 4156 de
498 4093 543 4158 bis
559 4088 649 4159 iussus
672 4091 800 4156 habetur
821 4092 869 4154 bic
885 4093 917 4152 in
928 4088 996 4153 Bel·
1032 4112 1060 4156 ι.
1082 4093 1206 4158 Saturn.
1228 4115 1295 4170 cap.
1313 4114 1340 4174 7.

232 4168 383 4235 larmino.
528 4220 531 4224 -
1069 4171 1193 4236 Fellum
1216 4175 1472 4239 Annuntiationis
1499 4196 1569 4241 cum
1597 4175 1677 4237 idem
1704 4170 1938 4247 sttacmeg,

254 4250 435 4340 ¹l'rtecipuae
451 4254 560 4317 Mariae
580 4254 714 4341 Virginis
735 4249 916 4315 festivitates
927 4247 997 4315 sunt
1030 4250 1140 4314 fessum
1158 4253 1376 4329 conceptionis
1397 4253 1487 4317 Verbi
1504 4303 1513 4331 ,
1534 4255 1605 4317 binc
1626 4252 1793 4328 antiquitus
1813 4262 1924 4335 ananus..

229 4346 296 4392 etus
310 4330 479 4408 Conceptio
494 4333 541 4396 die
565 4331 676 4396 oslava
691 4333 887 4406 Decembris,
904 4330 997 4392 Niti·
1030 4351 1094 4393 uno
1121 4333 1286 4409 eodemque
1310 4333 1359 4395 die
1385 4354 1456 4395 curn
1479 4331 1586 4396 Cbrilli
1613 4331 1793 4396 Nativitare
1817 4336 1938 4373 ’ΜΝ

213 4411 315 4472 ‚vitas
331 4410 380 4474 die
400 4410 510 4475 ostaua
530 4412 732 4488 Septembris,
749 4409 947 4474 Prael'entatio
963 4412 996 4500 in
1029 4407 1264 4488 celebrabatur,
1291 4429 1327 4474 ut
1348 4428 1435 4488 patet
1457 4432 1495 4474 ex
1515 4412 1661 4476 Homiliis
1686 4459 1695 4488 ,
1717 4419 1940 4503 quuacccc'r'u'r

207 4514 210 4519 ·
230 4485 362 4564 Templo
377 4490 424 4553 die
440 4509 487 4553 ar.
501 4490 706 4568 Novembris,
721 4492 930 4554 Annunciatin
948 4487 996 4550 dre
1029 4488 1192 4553 eodemdie
1204 4489 1376 4554 babuerunt
1392 4493 1497 4554 Patres
1515 4494 1632 4568 antiqui
1644 4492 1680 4554 ad
1699 4509 1796 4563 popu·¹
1809 4512 1909 4565 pum,

230 4586 279 4645 25·
299 4570 406 4635 Martii
421 4618 431 4647 ,
445 4568 593 4635 Visttatio
613 4572 663 4633 die
683 4588 711 4629 2.
728 4568 799 4633 Iulii
823 4617 832 4646 ,
852 4566 1014 4649 Punicus
1031 4572 1093 4631 lum
1114 4588 1167 4642 pro
1187 4569 1301 4633 Natale
1321 4569 1460 4634 Doruini.
1482 4570 1595 4633 Senlim
1614 4586 1718 4635 tamen
1738 4568 1794 4633 ba·
1810 4578 1898 4632 tiore·

231 4654 279 4712 tio
295 4651 343 4714 die
358 4669 388 4713 a.
407 4647 584 4728 Februarii,
599 4646 768 4726 Compaffio
787 4644 864 4713 setia
879 4651 909 4709 6.
931 4647 995 4723 poll
1030 4648 1099 4711 buit
1119 4650 1334 4712 Annunciatio
1349 4650 1432 4714 luam
1449 4648 1609 4728 specialem
1625 4651 1799 4715 solemnita-

177 4754 211 4807 lo
228 4728 426 4795 Doluinicam
445 4728 591 4797 Passionis
609 4778 619 4810 ,
634 4728 670 4796 ἃ
686 4729 859 4806 Assumptio
876 4728 925 4791 die
947 4746 960 4786 r
967 4745 994 4804 5.
1031 4744 1112 4807 tem,
1128 4725 1163 4793 ἀ
1183 4728 1220 4792 de
1240 4727 1297 4791 bac
1317 4729 1707 4794 memineruntConcilium
1728 4726 1796 4791 To·

177 4858 183 4871 ,
229 4808 373 4887 Augusti.
1033 4807 1171 4871 letanum
1195 4806 1334 4872 habitum
1360 4812 1529 4889 ann0653.
1556 4809 1593 4876 ἀ
1622 4809 1795 4876 aliuditem

177 4886 221 4938 ⁵⁸·
270 4890 393 4956 Feslum
430 4890 647 4967 Conceptionis
681 4885 717 4949 B.
747 4886 881 4966 Virginis
917 4885 994 4961 apud
1033 4885 1224 4950 Toletanum
1247 4907 1328 4973 anno
1347 4891 1416 4964 656.
1438 4893 1470 4951 in
1486 4910 1546 4966 quo
1565 4890 1796 4964 Annuntiatio,

202 5015 208 5026 ·
227 4971 357 5037 Graecos
372 4989 467 5044 coeptt
484 4970 629 5035 celebrari
649 4972 751 5033 multo
763 4982 902 5041 tempore
922 4983 995 5029 ante
1032 4961 1183 5028 festivitas
1203 4965 1341 5045 gloriosae
1358 4969 1470 5035 Matris
1488 5017 1497 5046 ,
1519 4965 1628 5034 sellum
1642 4970 1680 5032 S.
1697 4965 1797 5045 Virgi-

177 5016 323 5135 ⁴,¹''quam
343 5052 516 5123 aLatinis,
537 5068 573 5112 ut
590 5064 680 5126 patet
700 5065 740 5111 ex
760 5041 996 5110 Conllitutiom·
1015 5047 1097 5131 gnis,
1118 5040 1269 5114 seliivitas
1279 5045 1391 5114 Matris
1399 5066 1617 5128 nuncupatum
1639 5045 1798 5123 namquod

309 5133 404 5212 instat.
421 5128 521 5196 Theoi.
539 5129 648 5194 Moral.
670 5125 762 5192 Tom.
782 5124 837 5188 lll.
1371 5126 1429 5192 Dd
1471 5143 1487 5207 3
1647 5125 1759 5194 festum
