4425 6000
595 505 800 580 Tnacr.
824 525 890 578 ns
918 502 1239 580 Conantes.
1267 502 1389 578 Cir.
1416 502 1501 580 vn.
1703 509 1780 606 235

258 606 418 686 trudam
437 623 508 671 nam
528 602 603 671 alits
623 605 690 683 plus
710 604 850 683 perderet
865 605 916 681 qui
941 621 1031 681 pecu·
1064 603 1243 683 poliationis
1268 622 1287 667 a
1312 597 1428 673 sttribus
1450 652 1460 682 ,
1486 607 1671 680 inquorum
1693 605 1834 674 manibus

258 696 345 756 niatu
366 685 476 769 ,posuit
497 734 506 763 ‚
534 705 626 764 quam
655 687 707 761 qui
736 681 940 761 industriam,
961 685 1030 758 quia
1065 683 1207 749 inciderit
1225 685 1276 760 qui
1298 682 1503 751 itinerabant
1529 685 1634 751 caussa
1654 684 1833 764 societatis,

257 775 358 852 primo
378 768 428 833 hic
457 765 596 846 perderet
618 767 765 840 lucruu,
788 783 850 839 quo
880 783 942 827 non
962 763 1030 838 plus
1065 766 1187 841 aliaque
1211 761 1344 828 eiusdem
1367 766 1485 846 generis
1513 764 1650 844 damna,
1676 788 1745 845 quae
1765 770 1832 845 quis

256 852 363 933 perdit
380 853 433 926 qui
455 845 556 928 posuit
573 846 768 920 industriam,
787 843 822 909 dt
837 842 940 921 poslea
961 862 1030 922 per·
1063 847 1201 924 proxime
1221 843 1261 908 ob
1279 842 1386 909 datam
1413 845 1504 912 rebus
1534 843 1686 911 societatis
1705 868 1833 927 operam

256 932 348 998 deret
371 947 491 1008 partem
511 930 677 1005 pecunia,
702 924 782 1018 quod
802 924 881 988 esset
906 923 1030 1002 perdere
1084 927 1162 991 alsus
1177 922 1233 1004 sir,
1250 944 1320 1003 quar
1339 927 1444 991 munia
1463 924 1501 992 ab
1519 926 1661 992 omnibus
1684 922 1757 993 ferri
1782 927 1833 992 de·

257 1015 299 1081 al‘
322 1011 373 1078 uid
390 1010 456 1088 plus
479 1030 571 1085 quam
591 1007 644 1071 ille
660 1026 713 1082 qur
733 1002 829 1067 lolam
853 1002 1030 1068 industriam
1062 949 1162 1084 beni,
1192 1004 1226 1070 dt
1246 1005 1292 1068 illi
1325 1001 1480 1086 sumptus,
1505 1006 1674 1086 priusquam
1695 1012 1832 1074 rationes

289 1034 357 1157 suit
368 1114 380 1168 ;
399 1088 484 1155 unde
502 1109 572 1152 cum
591 1091 623 1151 in
645 1081 847 1150 contrastibus
867 1083 1029 1160 equalitas
1064 1086 1140 1152 lucri
1160 1101 1406 1164 computentur,
1435 1083 1507 1153 sunt
1528 1086 1707 1154 detrahendi
1724 1109 1737 1165 ,·
1757 1108 1831 1154 nam

254 1114 408 1240 gratnm
424 1171 463 1236 stt
476 1219 485 1249 ,
500 1190 571 1232 cum
592 1184 708 1248 ponens
733 1166 894 1243 pecuniam
919 1167 950 1227 in
973 1163 1029 1229 hoc
1063 1170 1181 1232 lucrum
1200 1186 1263 1230 non
1279 1165 1450 1232 aestimatur
1470 1166 1525 1231 nist
1546 1168 1671 1235 dedudlo
1686 1168 1831 1235 aerealie·

254 1253 328 1320 casu
352 1251 459 1329 perdat
475 1255 622 1326 lucrum,
653 1245 737 1310 suam
756 1247 917 1323 pecuniam
941 1241 1029 1309 sieri·
1063 1267 1121 1313 no.
1144 1246 1221 1310 Nou
1241 1262 1392 1311 tenentur
1415 1264 1518 1312 tamen
1534 1248 1605 1314 socii
1629 1249 1666 1313 de
1685 1248 1832 1326 damnis,

255 1335 318 1401 lem
339 1334 541 1411 recipiendo,
565 1330 622 1394 hoc
652 1325 732 1390 idem
757 1323 856 1413 perdit
881 1345 938 1389 neo
961 1325 1028 1403 plus
1064 1348 1193 1404 quorum
1212 1323 1339 1394 societas
1358 1346 1428 1392 nou
1442 1326 1485 1392 eli
1501 1327 1557 1393 nist
1572 1329 1672 1395 caussa
1694 1346 1834 1407 remota,

253 1432 312 1481 nec
333 1415 436 1477 minus
455 1417 506 1489 qui
524 1405 702 1475 industriam
719 1406 835 1483 poluit.
856 1404 973 1469 Idcirco
993 1423 1028 1470 ut
1062 1426 1119 1473 aut
1148 1427 1216 1485 quar
1242 1404 1338 1471 socius
1370 1401 1422 1471 sua
1449 1407 1540 1487 culpa
1568 1412 1707 1488 proxime
1733 1410 1834 1488 pasius

249 1490 415 1571 equalitas
435 1490 602 1568 servetur,
623 1485 699 1550 nihil
729 1484 853 1560 perdere
880 1483 970 1550 debet
991 1485 1028 1547 de
1060 1487 1125 1569 esl;
1147 1483 1264 1564 purast
1288 1487 1362 1574 dum
1376 1486 1419 1550 est
1439 1490 1473 1551 in
1495 1490 1608 1554 itinere
1632 1511 1689 1568 pro
1705 1489 1835 1556 societa-

254 1575 413 1654 pecunia,
443 1592 483 1638 ne
508 1572 575 1652 plus
601 1567 725 1647 perdere
744 1563 849 1629 debeat
875 1586 964 1641 qtram
983 1567 1027 1629 al·
1062 1586 1117 1646 te,
1135 1569 1355 1635 detrimentum
1381 1564 1495 1634 sentiat
1525 1574 1558 1634 in
1585 1589 1618 1636 re
1637 1566 1832 1647 domestica,

253 1672 322 1729 per,
343 1655 396 1730 qui
415 1649 512 1718 solum
528 1653 644 1717 lucrum
659 1644 776 1726 perdit.
793 1645 835 1709 Et
850 1664 888 1708 eo
904 1644 1028 1711 velma·
1060 1670 1130 1726 quae
1151 1664 1276 1727 propter
1295 1651 1361 1713 eius
1384 1644 1553 1714 absentiam
1579 1649 1750 1731 dilabitur,
1775 1667 1830 1716 aut

252 1736 339 1800 xime
358 1732 437 1811 qood
455 1736 507 1812 qui
524 1730 687 1810 pecuniam
709 1726 912 1803 negotiationi
929 1729 960 1788 in
981 1725 1028 1791 so*
1062 1745 1185 1809 propter
1212 1725 1355 1793 eamdem
1381 1726 1551 1796 absentiam
1579 1750 1650 1796 eum
1679 1729 1832 1799 heredem

254 1816 409 1881 rietatem
427 1813 616 1890 contribuit,
631 1805 903 1884 semperobnoxius
918 1803 1027 1870 sirma-
1060 1807 1246 1874 constituere
1264 1810 1332 1885 quis
1349 1806 1499 1888 destillet,
1529 1828 1585 1876 aur
1601 1810 1735 1891 legatum
1755 1813 1830 1875 ami·

254 1895 316 1960 ioci
339 1894 475 1970 periculo
498 1914 591 1970 quam
610 1890 660 1968 qui
684 1886 781 1952 solam
795 1881 917 1951 consert
940 1883 1027 1949 indu-
1059 1887 1170 1968 silla,
1200 1889 1253 1955 ille
1273 1887 1358 1954 solus·
1380 1889 1437 1954 boc
1456 1889 1600 1955 damnum
1617 1892 1682 1969 pati
1709 1890 1832 1969 debet,

252 1971 377 2038 siriam.
400 1973 483 2037 Nam
509 1974 560 2037 ille
581 1970 611 2035 le
631 1966 754 2032 subiicit
772 1966 886 2046 duplici
907 1969 1026 2044 peritu-
1059 1971 1130 2048 quia
1156 1969 1187 2034 id
1214 1988 1278 2034 non
1308 1968 1352 2033 esi
1382 1969 1549 2048 impensum
1576 1973 1608 2034 in
1629 1970 1831 2049 societatem,

254 2053 305 2132 lo,
324 2051 360 2118 dr
379 2054 521 2128 perdendi
534 2053 666 2124 lucrum,
685 2047 720 2112 dt
734 2048 830 2112 etiarn
848 2049 1025 2125 pecuniam,
1060 2053 1201 2141 quamvis
1221 2065 1347 2128 propter
1367 2046 1546 2116 societatem
1564 2090 1568 2097 -
1585 2049 1638 2117 seu
1657 2053 1723 2115 eius
1743 2069 1832 2116 occa·

253 2154 327 2200 cum
344 2134 424 2196 alter
450 2154 510 2199 non
532 2131 710 2196 strbiiciatur
734 2124 790 2192 nisr
817 2122 871 2190 soli
887 2125 1027 2202 periculo
1059 2131 1144 2194 irone
1171 2128 1209 2195 stt
1237 2125 1421 2206 impensum:
1443 2149 1514 2194 nam
1538 2098 1627 2196 scuti
1655 2148 1695 2195 ex
1714 2128 1831 2209 bonis,

253 2214 375 2281 lucrum
391 2213 567 2277 amittendi.
588 2213 696 2286 Qtare
722 2206 960 2273 concludendum
980 2205 1027 2270 est
1057 2231 1126 2287 quae
1156 2208 1305 2287 aliunde,
1330 2207 1404 2274 idesl
1424 2228 1515 2274 extra
1533 2207 1711 2276 societatem
1731 2213 1830 2287 perci·

253 2314 325 2359 tutu
344 2293 439 2371 Soto,
457 2293 633 2368 Caietano,
655 2289 772 2352 Toleto
792 2334 801 2365 ,
819 2285 1023 2362 (labellulo,
1060 2293 1108 2369 pir
1135 2287 1260 2366 socius,
1287 2287 1325 2354 de
1344 2289 1389 2353 bis
1411 2291 1541 2355 societas
1562 2290 1744 2370 participare
1764 2308 1830 2353 non

252 2368 416 2452 morano,
429 2371 466 2439 dt
488 2370 681 2438 Tourneleio
699 2363 1025 2444 unumquemqueeso·
1059 2368 1152 2437 debet
1170 2416 1185 2447 ,ι
1200 2370 1248 2434 ite
1266 2370 1297 2431 in
1321 2368 1535 2448 detrimento,
1562 2368 1642 2448 quod
1662 2370 1695 2431 in
1716 2368 1762 2434 bis
1781 2365 1829 2433 so·

253 2455 313 2519 ciis
344 2448 443 2517 subire
466 2454 640 2529 damnum,
664 2451 717 2512 seu
740 2446 927 2512 amissionem
953 2449 1027 2526 rei,
1060 2453 1124 2514 cius
1147 2451 1287 2530 pariatur
1305 2495 1314 2524 ‚
1333 2448 1463 2516 societas
1490 2467 1610 2528 partem
1636 2448 1748 2515 habere
1766 2468 1831 2514 uon

297 2552 347 2597 am
366 2533 501 2597 contulit
518 2535 551 2596 in
575 2529 755 2596 societatem
775 2575 784 2607 ,
808 2526 881 2593 idest
901 2529 952 2604 qui
980 2528 1024 2590 io·
1057 2529 1145 2594 debet
1167 2552 1177 2608 ;
1203 2531 1274 2606 quia
1305 2524 1393 2593 srcuti
1415 2549 1477 2594 non
1505 2529 1758 2607 incommodum,
1785 2531 1831 2595 ita

252 2553 422 2692 bbslriam,
444 2614 562 2678 amittit
582 2609 778 2686 industriam,
799 2607 1005 2685 &pecuniam
1060 2629 1117 2674 nec
1132 2608 1326 2675 conuuodum
1343 2612 1375 2671 in
1395 2608 1441 2673 his
1461 2607 1572 2675 sentire
1586 2607 1696 2675 debet.
1924 2688 1929 2695 Ι

254 2689 356 2770 scipsa
377 2709 503 2771 pereat,
527 2694 577 2769 qui
659 2691 762 2751 uniam
789 2689 945 2764 contulit,
969 2655 1023 2748 nis
1097 2689 1146 2753 Ad
1173 2688 1357 2780 hocautem
1378 2707 1414 2754 ur
1442 2688 1570 2754 societas
1604 2687 1721 2754 lucrosa
1750 2686 1828 2759 iulia
1847 2725 1883 2774 R,
1922 2719 1931 2771 l

255 2775 411 2838 tamenin
433 2771 572 2837 adeunda
603 2772 739 2836 ocietate
759 2766 850 2833 aliter
868 2785 1023 2831 convene·
1057 2765 1114 2846 srr,
1134 2765 1168 2833 δι
1188 2767 1292 2844 licita,
1310 2784 1444 2844 quatuor
1485 2771 1617 2846 raecipue
1634 2770 1829 2834 conditiones
1847 2783 1942 2837 finiri
1987 2803 1990 2809 ·

252 2854 344 2930 r'iot;
373 2855 445 2929 quia
466 2869 503 2917 ut
527 2852 616 2917 docet
643 2847 755 2939 Dosior
780 2847 889 2936 Augei.
919 2844 1020 2923 quassi.
1056 2866 1239 2912 concurrere
1257 2846 1388 2911 debent.
1412 2869 1437 2911 r.
1456 2791 1503 2913 δι
1520 2849 1648 2914 societas
1671 2844 1708 2913 srr
1724 2849 1829 2914 dene·
1847 2849 1896 2922 noc
1912 2860 1942 2900 ιιι

251 2930 374 3016 78:2rt.
394 2951 422 3011 5.
441 2932 477 2996 ad
495 2951 521 3010 5.
539 2930 590 3011 qui
599 2939 756 3020 commisitt
769 2943 924 3006 pecuniam
933 2923 1022 3015 surm
1054 2930 1227 3069 foriatione
1247 2924 1350 3005 licita,
1372 2928 1406 2993 dt
1423 2927 1568 3008 honesta,
1588 2927 1663 2992 alias
1680 2929 1763 2995 mala
1781 2922 1828 2990 es·
1845 2911 1952 2988 ,ΜΨ

247 3015 302 3080 ties
320 3012 497 3091 mercatori,
516 3014 569 3078 orl
587 3012 697 3088 artifici
718 3026 772 3087 per
790 3006 911 3095 modurn
934 3005 1023 3084 sorte
1067 3023 1101 3071 et
1121 3055 1130 3086 ‚
1153 3008 1187 3072 ἂ
1211 3006 1313 3074 nulla.
1340 3008 1423 3075 Hinc
1444 3013 1549 3086 iniqua
1564 3007 1640 3073 esset
1683 3006 1718 3075 ἀ
1742 3011 1828 3073 inva·
1962 3007 1968 3022 '

249 3092 324 3159 raris
346 3090 521 3183 cuiusdam,
537 3114 593 3157 non
616 3088 761 3169 transfers
779 3087 943 3177 dorrrrrr'rrm
956 3083 1022 3165 [νε
1057 3085 1118 3151 lida
1139 3085 1266 3152 societas
1286 3089 1364 3153 inira
1386 3090 1424 3154 ad
1451 3089 1616 3165 illicitum,
1639 3058 1675 3156 bt
1700 3090 1829 3156 inhone-

246 3171 382 3256 penite
402 3192 435 3235 tn
452 3171 537 3237 illum
551 3222 559 3251 ,
574 3171 632 3252 led
645 3181 777 3236 remanet
797 3186 881 3246 trus,
895 3165 1024 3244 itaquid
1055 3165 1134 3232 sium
1158 3171 1401 3248 commercium,
1432 3187 1508 3248 puta
1527 3172 1760 3251 meretricium,
1782 3167 1827 3232 le·

245 3273 317 3317 cern
342 3251 474 3332 periculo
502 3252 585 3333 ipfius
613 3261 758 3315 mercator
786 3248 825 3312 de
839 3267 875 3311 ea
900 3247 1022 3327 nrgorr'e·
1055 3250 1244 3327 nocinium,
1275 3243 1410 3328 furtum,
1431 3247 1578 3327 usuram,
1599 3246 1737 3315 fraudem
1759 3297 1769 3329 ,
1791 3246 1827 3314 ἀ

247 3345 302 3399 dur
321 3382 332 3410 ,
351 3334 405 3397 vei
424 3331 540 3410 artifex
558 3349 718 3410 operetur.
742 3327 840 3406 igitur
861 3327 937 3392 dicit
961 3326 1021 3389 Ca·
1054 3347 1275 3404 quemcumque
1300 3327 1403 3393 dolum
1421 3379 1430 3409 ,
1458 3334 1504 3396 Le
1521 3376 1529 3394 .
1549 3348 1584 3396 ea
1603 3349 1675 3395 vero
1695 3345 1721 3409 3.
1745 3337 1774 3396 5.
1816 3371 1826 3390 .

246 3411 417 3491 bullonne,
432 3411 453 3474 sr
471 3417 597 3490 pecunia
615 3407 799 3495 pereat,ilii
815 3410 914 3483 perire
930 3404 1020 3470 debet
1053 3412 1094 3497 (ξ
1113 3412 1181 3487 Leg.
1199 3429 1255 3471 nort
1269 3412 1484 3486 pretermitirn
1508 3430 1560 3474 ron
1584 3408 1756 3490 17.ff.pro
1778 3342 1827 3488 s·

248 3496 300 3570 qui
320 3512 391 3556 eam
413 3487 532 3569 posuit,
552 3490 586 3556 δι
602 3488 624 3553 st
640 3485 785 3567 supersit,
804 3488 902 3551 eidem
918 3483 1021 3550 serva·
1054 3507 1114 3554 cro,
1135 3508 1164 3549 a.
1186 3486 1231 3551 Ut
1254 3488 1382 3563 quilibet
1403 3491 1500 3556 socius
1522 3487 1666 3556 conserat
1685 3493 1716 3554 in
1743 3509 1826 3556 com·

247 3587 324 3649 tur,
347 3574 461 3636 idcirco
487 3573 516 3635 ei
537 3570 711 3645 reddenda,
729 3589 800 3632 cum
828 3588 952 3644 aeqnum
981 3565 1019 3629 srt
1053 3585 1178 3633 munem
1206 3564 1385 3633 societatem
1415 3569 1527 3647 aliquid
1548 3572 1648 3648 pretio
1667 3567 1827 3636 aellimabi·

248 3652 354 3728 utqui
371 3651 596 3715 incommodum
617 3651 759 3729 patitur,
777 3646 892 3712 sentiat
923 3648 1020 3710 etiam
1054 3648 1103 3727 le,
1124 3647 1200 3712 idest
1220 3654 1408 3727 pecuniam,
1436 3667 1657 3727 tutmercem,
1678 3668 1731 3715 aut
1751 3665 1827 3725 ope·

243 3731 467 3797 commodum.
489 3731 519 3794 Si
548 3751 627 3796 vero
652 3728 705 3795 vel
721 3728 761 3792 ob
781 3727 838 3790 loci
858 3723 1019 3802 consuetu·
1053 3747 1119 3792 ram
1135 3725 1220 3791 suam
1245 3747 1280 3792 ac
1299 3728 1495 3795 industriam.
1516 3730 1712 3807 Pauperiores
1740 3731 1826 3792 enim

243 3811 371 3889 dinem,
388 3810 439 3875 vel
456 3812 531 3888 quia
546 3807 618 3876 socii
644 3813 725 3873 inter
741 3807 771 3871 se
791 3808 1020 3883 convenerint,
1054 3807 1232 3885 plerumque
1252 3805 1416 3873 conferunt
1432 3808 1516 3875 suam
1542 3828 1663 3885 operam
1683 3805 1718 3876 δι
1737 3807 1825 3872 indu·

245 3891 329 3969 quod
347 3891 465 3955 lucrum
479 3912 550 3955 cum
571 3889 669 3967 sorte,
689 3885 740 3953 sen
756 3886 891 3967 capitale
899 3889 930 3950 in
942 3905 1021 3963 quo-
1053 3886 1176 3966 liriam,
1194 3886 1273 3964 quod
1289 3889 1341 3951 alii
1361 3892 1504 3968 pecunia,
1524 3889 1573 3953 vel
1591 3888 1739 3956 mercibus
1755 3886 1824 3967 sup·
1946 3957 1948 3964 ,

245 3990 379 4047 utruque
398 3988 517 4036 eventu
537 3992 625 4047 aeque
647 3972 728 4032 inter
740 3988 799 4031 eor
819 3965 1019 4032 dividendum
1055 3968 1163 4044 pient,
1182 3972 1252 4055 Lep.
1268 3964 1423 4049 societates
1444 3990 1471 4048 5.
1488 3967 1607 4050 Meg·
1618 3968 1824 4053 fisarieratrm
1947 3977 1950 3990 ¹

246 4048 304 4129 stt,
327 4068 363 4115 ur
384 4052 482 4115 etiam
508 4048 721 4129 comprehendi
749 4046 880 4113 debeant
902 4049 953 4123 qui
974 4044 1020 4109 so·
1054 4049 1083 4113 6.
1106 4064 1133 4129 3.
1152 4046 1198 4112 Ut
1219 4053 1360 4115 servetur
1375 4052 1535 4128 equalitas
1554 4054 1637 4116 inter
1657 4052 1750 4117 socios
1761 4068 1826 4115 taur

245 4129 310 4196 lam
327 4128 503 4195 industriam
518 4131 740 4216 contulerunt,
762 4146 837 4192 runc
859 4124 1019 4204 licitaess,
1053 4128 1153 4204 quoad
1179 4129 1291 4194 damna
1312 4177 1321 4207 ,
1351 4152 1443 4206 quam
1463 4132 1561 4208 quoad
1591 4132 1676 4197 lucra
1696 4132 1766 4210 ,ira
1785 4144 1823 4193 ut

245 4208 281 4276 ἀ
301 4209 368 4275 fieri
399 4208 490 4275 debet
508 4213 615 4276 etiam
637 4210 728 4274 sortis
755 4207 884 4287 divifio‚·
906 4204 940 4272 δι
961 4207 1019 4270 hoc
1054 4209 1133 4272 alius
1155 4229 1217 4287 prae
1238 4209 1300 4273 alio
1323 4231 1384 4274 non
1401 4210 1552 4289 laedarur,
1571 4208 1606 4279 be
1626 4211 1825 4288 lucrum,ia·

246 4284 407 4433 saepissime
431 4293 540 4355 evenit
574 4294 604 4353 in
625 4287 772 4354 societate
793 4291 873 4354 inira
892 4289 931 4352 de
952 4290 1019 4351 ani·
1051 4287 1154 4366 diora,
1175 4287 1336 4368 impensae,
1352 4288 1385 4356 ἀ
1406 4291 1592 4357 detrimenta
1607 4290 1824 4358 consocientur

241 4380 293 4434 rrta
307 4371 392 4449 ibus,
413 4390 474 4448 qua
502 4371 594 4435 finita
626 4370 807 4434 dividuntur
834 4371 931 4434 etiam
952 4369 1019 4432 ani·
1053 4372 1136 4434 inter
1150 4388 1257 4433 omnes
1274 4366 1368 4434 socios
1390 4393 1444 4448 pro
1465 4388 1532 4437 rata
1553 4371 1695 4450 cuiusque
1715 4368 1822 4448 sortis,

238 4451 335 4517 milia
366 4448 493 4515 addudia
522 4454 555 4516 in
583 4450 696 4514 sortem
721 4447 901 4515 societatis.
929 4447 1017 4511 Circa
1054 4446 1108 4512 nist
1126 4448 1216 4512 aliter
1233 4468 1423 4514 conventum
1442 4448 1501 4527 srt‚·
1518 4454 1563 4518 ita
1584 4456 1694 4518 excit.
1716 4450 1821 4530 Legib.

241 4551 322 4614 pero
341 4530 489 4611 expensas
508 4580 517 4609 ‚
538 4553 607 4608 quae
630 4548 686 4610 pro
701 4528 785 4595 bono
806 4525 962 4594 societatis
983 4527 1024 4592 ab
1052 4553 1082 4609 4.
1101 4526 1147 4593 Ut
1173 4525 1233 4593 sors
1245 4576 1262 4606 ‚,
1276 4525 1340 4592 live
1360 4531 1496 4611 capitale
1510 4533 1543 4594 in
1564 4530 1744 4599 societatem
1760 4530 1823 4595 col·

239 4623 283 4679 eo'
313 4612 396 4677 fiunt
417 4658 427 4689 ,
450 4613 501 4688 qui
531 4631 643 4691 operas
692 4606 797 4689 osuit,
833 4617 954 4674 cerrum
975 4607 1017 4671 csl
1056 4610 1156 4672 latum
1176 4606 1329 4671 subiaceat
1347 4612 1481 4687 periculo
1496 4608 1765 4692 conferentis,ita
1789 4627 1825 4675 ut

237 4714 296 4758 eas
324 4694 535 4758 communiter
560 4691 620 4755 elle
640 4631 827 4765 subvemat,
852 4687 908 4753 nisr
928 4689 1019 4752 aliter
1052 4685 1154 4751 siline
1170 4688 1260 4764 culpa
1280 4684 1352 4752 socii
1370 4709 1496 4769 pereat,
1516 4694 1545 4756 ei
1566 4697 1617 4771 qui
1644 4697 1675 4757 in
1690 4710 1826 4758 commu·

237 4773 395 4841 siatutum
422 4767 460 4835 stt
485 4772 538 4836 vel
559 4775 681 4848 privata
707 4766 858 4832 sociorum
885 4785 1020 4832 conven-
1053 4787 1123 4832 nem
1143 4767 1323 4832 societatem
1345 4769 1418 4834 illud
1437 4772 1595 4851 contulit,
1645 4777 1727 4851 erit,
1750 4773 1825 4848 quia

238 4857 327 4921 tione
348 4902 358 4932 ,
386 4850 442 4917 vel
464 4850 524 4916 loci
545 4847 791 4916 consuetudine.
816 4849 856 4913 Et
876 4845 1016 4923 expensa
1054 4846 1134 4911 solus
1153 4843 1314 4938 conferens
1334 4849 1472 4915 dominus
1500 4851 1543 4915 est
1564 4795 1689 4919 diisset
1713 4850 1823 4928 ralis,

237 4931 451 5000 liuiuscemodi
471 4928 541 4995 sunt
563 4930 704 5008 impenl'ae
728 4931 893 5003 itinerum,
922 4924 1018 5014 trans·
1054 4925 1086 4992 δι
1108 4923 1253 5003 quaelrber
1276 4946 1323 5020 res
1340 4928 1464 4997 domino
1484 4929 1629 5012 suostat,
1651 4869 1824 5009 desperit,

237 5013 419 5093 restionum
439 5060 448 5089 ‚
469 5008 630 5077 solutionis
661 5006 852 5087 veiiigalium
872 5056 881 5086 ,
902 5006 1020 5099 conlet-
1054 5005 1109 5070 nisr
1128 5024 1232 5099 tamen
1253 5006 1344 5071 aliter
1364 5028 1555 5077 conventum
1575 5010 1611 5078 srt
1631 5034 1685 5093 per
1726 5007 1824 5075 adium

236 5095 378 5165 rationis
400 5093 571 5172 mettium,
589 5091 804 5170 captivitatis,
824 5085 941 5165 morbi,
964 5103 1019 5152 tat·
1054 5083 1316 5155 assecurationis:
1342 5088 1422 5169 quod
1447 5088 1470 5155 sr
1494 5108 1601 5171 pereat
1615 5114 1655 5162 ex
1721 5109 1759 5168 pa
1778 5088 1823 5154 la·

365 5221 367 5225 -
1054 5221 1057 5236 ,
1723 5186 1780 5247 ta,

1010 5237 1092 5494 (ᾧ
