4425 6000
284 1061 288 1068 ·
318 1072 321 1080 ·
402 1055 455 1105 tra
471 1048 599 1108 mediam
616 1044 721 1106 horam
741 1046 965 1108 communicare
986 1062 1145 1109 teneretur
1165 1094 1176 1123 ,

349 1111 352 1116 .
362 1102 397 1118 σθ

460 539 537 638 466
688 536 859 619 Tacen.
887 560 943 618 na
971 544 1234 620 iuncturis
1263 546 1484 623 Ecctasrn
1511 551 1614 623 Car.
1636 548 1701 623 lv,

408 635 470 719 logi
491 657 568 724 pene
587 655 692 706 omnes
713 640 901 707 contrariam
923 639 1110 711 sententiam
1130 658 1177 710 re·
1212 646 1306 710 »ionis
1334 667 1438 709 anauae
1458 646 1567 728 [alipii
1588 665 1641 730 per
1662 646 1836 730 sacrilegam
1856 651 1981 720 Domini

405 737 506 803 nent,
527 721 576 788 vel
599 726 630 785 in
647 722 829 798 specierum
849 723 951 788 casum
968 725 1047 791 hunc
1063 741 1177 803 espen·
1211 727 1488 793 manducationem·

404 798 509 882 dunt,
530 803 581 869 vel
598 802 705 867 saltem
725 804 910 883 generaliter
926 826 997 867 cum
1008 803 1176 869 indiiiiniie

401 887 616 955 pronunciant
638 883 782 947 illicitum
811 884 872 946 else
899 882 943 947 bis
968 889 1000 947 in
1022 887 1074 948 die
1092 907 1176 952 com-
1524 895 1550 955 b.
1596 889 1669 954 111.

404 970 583 1039 monicum
606 963 678 1027 alias
698 962 765 1027 fiili
783 961 878 1039 pollet
896 1011 905 1040 ι
925 981 961 1028 ¹¹²
981 967 1047 1042 ‘³⁰5⁵
1068 963 1113 1028 bis
1130 970 1176 1029 Ψ·
1291 999 1335 1069 be
1359 1001 1450 1085 punit
1478 1005 1641 1071 eminentis
1666 980 1914 1079 communiorem*-

404 1138 480 1198 puta
503 1127 522 1187 li
544 1125 637 1201 panio
658 1123 720 1199 posi
745 1128 992 1192 communionem
1021 1126 1175 1202 vulnere,
1497 1084 1685 1166 Paschalem.

402 1203 456 1265 vei
487 1207 593 1269 morbo
617 1205 768 1280 perculsus
801 1207 972 1269 incurreret
1002 1225 1174 1279 ploximum
1248 1199 1345 1265 runs
1365 1215 1428 1266 non
1456 1208 1750 1273 communicantium
1777 1212 1811 1272 in
1832 1209 1982 1278 Paschate

402 1289 509 1349 mortis
527 1283 716 1364 periculum,
734 1285 813 1362 quod
832 1283 1018 1364 consequens
1033 1290 1064 1348 in
1084 1287 1172 1365 praxi
1204 1293 1247 1343 ex
1273 1279 1336 1357 ipso
1356 1280 1490 1347 Decreto
1523 1286 1654 1351 Concilii
1679 1290 1825 1352 Lateran.
1856 1294 1887 1353 in
1918 1309 1980 1365 quo

325 1389 329 1394 ·
403 1374 560 1443 nunquam
581 1365 679 1429 visum
699 1364 760 1428 eli.
1206 1363 1385 1424 communio
1404 1368 1605 1444 precipitur,
1623 1364 1666 1430 eii
1687 1386 1724 1432 ut
1741 1372 1853 1433 vivens
1869 1370 1906 1435 ab
1922 1373 1977 1435 Ec·

441 1445 472 1507 Si
492 1448 558 1524 quis
578 1448 732 1521 poenitens
754 1444 875 1521 proprio
895 1460 991 1520 nutu,
1012 1441 1046 1510 dc
1067 1444 1096 1508 se
1116 1438 1179 1508 Ιιιιι,
1207 1437 1304 1518 clcsrae
1326 1443 1457 1525 ingressu
1479 1463 1646 1525 arceatur,
1669 1441 1703 1512 dc
1731 1455 1865 1513 moriens
1881 1455 1978 1515 ecele-

400 1525 540 1591 militndi
558 1526 660 1590 caussa
682 1537 799 1601 peteret
819 1545 961 1589 7ιιιιιιιιιιι
976 1525 1172 1589 Communiu-
1207 1515 1323 1582 stallica
1343 1522 1499 1595 sepultura
1518 1543 1642 1588 careat.
1671 1528 1719 1590 Ex
1740 1545 1851 1593 tenore
1870 1533 1975 1595 verbo·

287 1649 306 1658 .-
399 1622 472 1668 nem
491 1605 544 1671 fibi
564 1604 700 1681 differri,
716 1619 802 1669 certe
818 1627 878 1668 non
894 1604 972 1670 esset
994 1604 1171 1681 audiendus,
1208 1614 1276 1662 ium
1294 1592 1400 1674 (lilibus
1417 1616 1508 1679 imni
1530 1608 1712 1677 exprimitur
1734 1656 1743 1684 ‚
1767 1622 1830 1672 bon
1850 1607 1975 1690 obscure

398 1686 472 1757 qnia
497 1683 574 1752 sieut
597 1685 763 1762 Gregorius
787 1685 865 1750 dicit
897 1689 929 1748 in
950 1681 1092 1749 Pasiorali
1115 1686 1171 1749 illa
1205 1674 1326 1743 constat
1347 1719 1357 1754 ι
1384 1679 1462 1747 hanc
1487 1695 1613 1761 poenam
1642 1700 1703 1749 non
1729 1688 1793 1750 eise
1815 1688 1894 1753 iarae
1911 1689 1975 1754 sen·

397 1782 473 1828 vere
491 1765 530 1847 est
547 1759 719 1839 humilitas,
740 1783 807 1842 quae
826 1766 868 1827 ad
883 1760 1077 1845 respuendam
1093 1765 1174 1842 quoa
1205 1760 1338 1830 tentiae,
1361 1755 1409 1821 sed
1431 1759 1565 1827 serendae
1586 1764 1645 1841 ;&
1662 1768 1705 1830 ita
1724 1770 1823 1831 etiarn
1842 1767 1976 1835 declara-

398 1844 519 1910 aliliier
530 1845 718 1925 pracipirur,
738 1844 880 1919 pertinax
897 1865 954 1908 nort
969 1841 1023 1924 est.
1049 1845 1087 1907 Et
1106 1866 1169 1907 cet·
1206 1853 1257 1901 tur
1273 1858 1290 1901 a
1309 1837 1496 1931 Cantilius.
1522 1842 1700 1909 Mechilenss
1722 1844 1757 1911 dt
1774 1858 1802 1906 a.
1829 1847 1977 1912 Cantetu-

398 1938 435 1985 te
452 1943 544 1988 nenio
563 1923 659 2001 potest
676 1923 822 1985 excusare
852 1924 888 1986 de
909 1926 1077 2000 pertinacia
1097 1943 1169 1998 eos,
1203 1916 1282 1979 censt
1305 1933 1353 1979 ut.
1370 1931 1399 1995 9.
1420 1941 1447 1984 e.
1469 1924 1498 1983 6.
1519 1922 1719 1989 Contrarium
1729 1926 1868 1991 sentiunt
1884 1929 1974 2004 aliqui

396 2003 449 2074 qni
468 2020 578 2068 contra
594 1997 784 2067 sandiiffimas
811 2002 891 2082 leges
919 2009 1034 2067 centies
1054 2007 1169 2079 repeti·
1202 1994 1365 2090 Dosiores:
1387 2002 1468 2063 unde
1487 2021 1526 2064 ex
1537 2003 1742 2069 declaratione
1756 2006 1973 2073 duorumCon-

394 2095 447 2143 tas
476 2084 514 2146 ab
531 2081 663 2147 Ecclesia
693 2100 748 2158 pro
781 2083 936 2158 phantasia
969 2080 1021 2146 sua
1042 2097 1060 2148 a
1078 2082 1167 2147 Com·
1200 2074 1344 2170 ciliorum
1359 2078 1524 2144 allatorum
1545 2130 1553 2158 ‚
1576 2083 1640 2147 imo
1661 2101 1701 2148 ex
1726 2091 1812 2159 praxi
1836 2107 1974 2151 commu·

395 2164 544 2227 munione
569 2162 734 2228 recedant.
764 2157 803 2225 Et
830 2163 895 2227 haec
911 2161 952 2226 eli
969 2165 1064 2228 etiam
1083 2177 1168 2227 mem
1203 2174 1284 2219 niort
1301 2154 1443 2224 Ecclesia
1458 2159 1607 2238 constat,
1635 2184 1825 2241 nequaquam
1844 2166 1909 2229 esse
1923 2177 1974 2243 pe·

395 2235 437 2302 D.
456 2240 515 2305 Th,
536 2258 561 2323 3.
576 2257 609 2321 p,
630 2263 656 2322 q,
676 2240 723 2303 80.
740 2253 799 2304 ara.
819 2257 846 2305 ι,
864 2243 905 2306 aa
926 2257 954 2305 t.
1203 2253 1257 2297 nes
1279 2227 1447 2301 Patoclrum
1468 2234 1684 2306 ausiotitatem
1698 2241 1833 2319 aliquam
1852 2242 1971 2309 arcendi

407 2345 410 2352 ·
438 2318 513 2384 Νοιι
534 2337 675 2399 peccaret
695 2338 801 2385 contra
819 2337 1001 2398 preceptum
1016 2317 1055 2385 de
1066 2341 1167 2386 annua
1202 2313 1241 2378 ab
1256 2311 1386 2378 Ecclesia
1408 2365 1416 2393 ‚
1435 2317 1622 2394 &privandi
1651 2320 1851 2388 ecclesiastiea
1876 2322 1974 2403 sepol-

393 2395 620 2468 ssommunione
637 2398 790 2477 paschali,
809 2406 860 2478 qui
881 2402 924 2466 ob
941 2403 1098 2465 censuram
1106 2422 1166 2478 qua
1203 2408 1274 2456 tura
1291 2392 1330 2455 Ob
1349 2396 1535 2463 omissionem
1554 2406 1778 2466 communionis
1798 2400 1973 2469 paschassi}

395 2478 441 2540 ali
458 2482 620 2547 innodatus
641 2529 650 2558 ,
674 2499 737 2543 non
759 2486 1002 2545 communicaret
1030 2493 1168 2558 tempure
1204 2468 1250 2535 sed
1265 2472 1329 2564 {²0ss
1352 2491 1493 2549 paternas
1521 2476 1757 2545 exhortationes
1788 2480 1883 2546 iaflas
1900 2503 1972 2547 con·

395 2555 579 2635 Paschatis,
611 2559 665 2623 nist
686 2560 808 2634 quando
824 2560 879 2623 hoc
907 2560 997 2623 fieret
1013 2564 1082 2636 quia
1104 2580 1165 2624 non
1204 2552 1373 2645 turnactbus
1393 2555 1428 2616 ad
1452 2553 1630 2634 Episcopum
1651 2579 1825 2638 recurrere,
1847 2565 1969 2640 quima-

393 2654 518 2703 cnratet
535 2637 770 2705 absolutionem.
800 2639 848 2701 Sic
873 2658 942 2704 reus
960 2638 997 2703 fit
1013 2641 1064 2715 qui
1087 2639 1166 2703 hanc
1219 2648 1304 2696 uvius
1333 2647 1368 2697 re
1396 2634 1587 2704 considerata
1613 2639 1664 2704 vel
1691 2638 1831 2706 absolvat
1864 2638 1916 2705 vei
1938 2634 1971 2704 ad

393 2722 643 2784 communionem
662 2720 785 2783 omittit
802 2737 841 2781 err
855 2719 925 2782 odio
949 2767 958 2798 ,
979 2732 1035 2783 aut
1051 2720 1166 2783 volun·
1203 2726 1327 2789 paenam
1352 2727 1473 2778 canone
1500 2718 1654 2784 decretam
1681 2717 1884 2787 condemner·
1915 2716 1971 2783 Ver

394 2811 466 2861 tate
490 2818 553 2862 non
583 2798 779 2879 ignoscendi,
806 2813 860 2864 aur
881 2815 942 2863 non
959 2796 1136 2862 restituendi
1160 2806 1173 2878 ;
1204 2813 1271 2856 rura
1286 2794 1318 2854 in
1341 2787 1396 2857 hac
1405 2793 1642 2863 denunciatione
1651 2795 1894 2866 deiedluosomm
1909 2821 1970 2863 rna⁴

399 2874 453 2939 vel
480 2884 649 2954 proximam
675 2880 792 2955 peccati
824 2875 1011 2943 meritonam
1038 2895 1100 2942 non
1117 2879 1167 2943 de·
1203 2890 1261 2953 gna
1282 2871 1470 2951 prudentia,
1490 2876 1755 2943 &moderatione
1778 2881 1909 2945 Parochi
1927 2876 1971 2942 uti

395 2952 540 3035 serendi,
563 2955 705 3024 smenon
729 2953 859 3022 faciendi
883 2958 964 3024 aliud
992 2958 1167 3038 quidpiam,
1203 2951 1343 3031 debent,
1364 2956 1433 3028 iiiia
1454 2949 1572 3022 missio
1591 2955 1645 3023 illi
1664 2958 1814 3024 iuditielss
1830 2976 1883 3037 lei
1903 2973 1973 3022 ⁰²¹¹·

395 3034 435 3099 ad
454 3039 534 3111 quod
552 3038 604 3103 iub
632 3039 756 3105 mortali
782 3054 926 3103 tenetur.
952 3039 982 3102 ss
1000 3041 1085 3104 enim
1112 3058 1164 3105 no
1203 3029 1461 3097 suiiitiiimffffl
1478 3032 1593 3101 aliisve
1613 3051 1722 3114 Μέθη
1741 3032 1874 3118 ,quibus
1892 3033 1974 3102 dese·

393 3117 480 3178 viret
497 3134 601 3194 peccat
623 3168 632 3197 ‚
662 3123 732 3196 quia
761 3121 873 3183 nemini
890 3117 1010 3184 malitia
1023 3119 1075 3182 sua
1097 3141 1167 3196 pro·
1202 3105 1293 3176 dion
1309 3110 1345 3175 ad
1362 3108 1477 3179 sacram
1492 3115 1872 3197 Synaximcompelsantur
1885 3166 1894 3194 ,
1909 3118 1971 3195 psus

391 3192 475 3259 erae
500 3197 616 3262 debet.
656 3197 704 3262 lta
731 3196 895 3262 Navarrus
927 3197 975 3262 hic
1004 3200 1120 3262 ciratus
1149 3218 1168 3263 a
1203 3189 1324 3277 subinde
1345 3209 1435 3257 nocet
1452 3215 1542 3270 quam
1565 3197 1681 3274 prodeli
1712 3216 1822 3262 eorum
1848 3196 1970 3274 saluti,

396 3270 614 3341 Tourneleio.
653 3280 811 3353 Praecepto
838 3276 876 3341 de
905 3295 1007 3341 annua
1032 3275 1165 3341 Paschali
1201 3268 1236 3335 dt
1254 3274 1349 3348 magis
1370 3274 1403 3333 5¹¹
1422 3272 1594 3339 sandalum
1620 3295 1712 3352 <luam
1740 3281 1772 3339 in
1792 3276 1972 3342 aedificatio·

390 3351 618 3420 Communione
634 3375 695 3420 non
717 3351 829 3420 satisfit
845 3374 900 3432 pet
915 3355 1168 3420 communionem
1203 3370 1274 3412 nem
1294 3351 1425 3413 aliorum
1449 3352 1556 3417 cedere
1584 3356 1682 3433 potest
1700 3397 1709 3432 ,
1731 3354 1804 3421 dum
1819 3378 1861 3421 ex
1881 3355 1971 3420 modo

397 3433 575 3499 voluntarie
602 3437 758 3515 indignam
790 3454 826 3499 ac
858 3436 1050 3515 sacrilegam.
1080 3437 1167 3499 Nam
1204 3429 1330 3496 vivendi
1357 3428 1393 3494 dt
1410 3450 1451 3495 eat
1472 3433 1541 3497 aliis
1567 3435 1802 3500 circumstantiis
1828 3436 1971 3502 ridentur

392 3529 489 3590 eaput
501 3514 612 3580 Omnes
641 3515 779 3593 praecipit
803 3562 812 3589 ,
836 3532 871 3578 ut
891 3532 999 3579 omnes
1018 3518 1167 3593 recipiant
1203 3510 1281 3587 aditi
1299 3509 1623 3594 adcotnmttnionem‚
1641 3517 1798 3592 quintilla
1819 3514 1970 3582 maiia

395 3606 592 3674 reverenter,
613 3614 674 3674 qno
692 3594 788 3659 verbo
814 3595 971 3659 indicatur
989 3599 1167 3660 reverentia
1203 3593 1280 3655 vitae
1295 3590 1517 3656 emendationis
1545 3591 1625 3675 srgna
1650 3594 1837 3672 praebuere,
1862 3614 1921 3659 nec
1936 3595 1971 3657 de

393 3666 560 3749 ssiritualit
574 3679 673 3753 digne
694 3674 890 3749 sumptionis.
914 3678 1105 3752 Praeceptum
1115 3696 1167 3738 au·
1201 3669 1262 3732 luis
1282 3668 1456 3733 criminibus
1475 3672 1570 3736 ullam
1586 3672 1736 3752 publicam
1750 3675 1971 3756 exhibentpoe·

393 3760 459 3816 aem
479 3772 540 3818 nnn
561 3756 702 3820 servatur
719 3752 773 3817 nist
794 3750 878 3818 smol
893 3760 1035 3830 precepti
1059 3755 1167 3820 modus
1203 3753 1387 3814 nitentiam.
1408 3749 1609 3831 Van-Elpeo.

395 3833 537 3898 serretur
557 3838 588 3898 in
606 3833 672 3923 ipso
689 3830 862 3912 cappellus,
881 3854 951 3900 turn
972 3832 1078 3912 &ipse
1110 3856 1167 3899 rae·
1240 3829 1289 3894 Ad
1323 3848 1427 3894 reram
1450 3831 1707 3899 Communionem
1728 3829 1899 3900 necessario
1925 3850 1971 3898 re·

394 3914 547 3986 cipiatur.
571 3914 692 3993 Insuper
712 3912 768 3978 hoe
787 3913 1169 3991 preceptumeccleulii·
1202 3911 1337 3984 quiritur
1360 3955 1371 3987 ,
1394 3924 1432 3974 ut
1449 3908 1634 3978 Eucharislia
1660 3916 1690 3975 in
1716 3912 1906 3979 stomachum
1922 3933 1972 3990 pet

394 4010 467 4055 cum
484 3991 526 4056 eli
547 3993 819 4058 determinativum
848 3998 990 4075 precepti
1010 3995 1108 4057 divini
1129 3994 1167 4057 de
1200 4009 1234 4052 os
1250 3991 1445 4068 traiiciatur,
1465 4008 1502 4057 ae
1522 3992 1613 4057 ineo
1633 3996 1828 4072 recipiatur,
1856 3997 1973 4059 etenim

394 4067 589 4147 stasceptione
615 4070 815 4138 Eucharistiae
841 4077 891 4149 pia
917 4092 956 4139 at
986 4066 1166 4149 strumense,
1202 4069 1258 4132 noe
1278 4071 1445 4145 requiritur
1471 4069 1510 4134 ad
1539 4089 1648 4137 veram
1673 4075 1944 4139 manducationem
1962 4119 1976 4149 ,.

394 4170 461 4226 qno
478 4156 578 4217 anima
599 4154 730 4230 alatur,
753 4171 788 4216 ac
819 4157 885 4217 eius
914 4156 981 4218 vita
1008 4154 1166 4219 consorte·
1255 4145 1460 4225 sumptionem
1476 4154 1645 4225 alirnenti;
1676 4155 1722 4216 ita
1745 4169 1780 4217 ut
1801 4148 1909 4231 saquis
1929 4149 1975 4216 sa·

394 4244 450 4294 tut
465 4229 499 4296 ἃ
520 4248 687 4312 augeatur,
702 4248 776 4297 eum
798 4234 841 4297 ita
862 4250 1049 4311 preceptum
1062 4233 1168 4298 iubeat
1201 4244 1285 4292 cram
1300 4227 1483 4303 particulam
1496 4247 1622 4297 tantum
1638 4246 1760 4298 teneret
1778 4236 1809 4296 in
1825 4252 1881 4298 ore
1902 4281 1911 4311 ,
1932 4230 1976 4294 id·

396 4308 654 4379 Gommnimem
674 4359 683 4391 ,
706 4310 739 4376 de
768 4313 804 4376 ad
823 4310 904 4376 bunc
923 4310 1019 4376 finem
1035 4311 1146 4377 Ecclest
1202 4302 1298 4371 estad
1318 4309 1407 4388 ipsius
1431 4311 1688 4390 dissolutionem,
1721 4330 1777 4376 aut
1796 4313 1819 4377 st
1840 4328 1976 4376 morere·

396 4406 521 4532 quoqne
541 4414 609 4458 eam
624 4395 803 4470 praecipiat,
822 4390 896 4454 idesi
913 4410 948 4456 ut
965 4389 1169 4480 fidelesCiui'q
1203 4404 1257 4452 tur
1280 4406 1455 4467 antequam·
1471 4395 1505 4455 in
1533 4391 1720 4458 slomathnm
1748 4390 1977 4468 descendissem

396 4469 514 4546 ioper
534 4472 612 4537 lianc
641 4469 795 4537 coniuniii
825 4474 857 4532 in
875 4470 1000 4537 Christo
1020 4478 1136 4538 vitant
1158 4519 1169 4549 ,
1204 4465 1306 4542 reapse
1325 4489 1388 4533 nnn
1405 4471 1658 4538 communicasset
1676 4491 1755 4548 ‚nec
1774 4474 1910 4551 gratiam
1924 4486 1976 4537 te·

398 4567 436 4612 nt
454 4548 584 4616 habetur
602 4572 642 4618 ex
668 4552 785 4615 Contil.
808 4546 897 4612 Trid.
924 4550 986 4614 leli.
1011 4567 1057 4630 13.
1089 4570 1117 4616 c.
1137 4567 1167 4615 a.
1200 4549 1341 4626 ciperet.
1358 4548 1408 4617 Ita
1426 4555 1633 4622 communiter
1648 4548 1813 4621 nomm.

398 4624 446 4692 lbi
465 4634 549 4694 anim
570 4630 609 4697 src
631 4636 676 4696 ait
694 4628 802 4695 Saniia
822 4628 988 4712 synodus:
1012 4631 1095 4697 Sirmi
1114 4652 1169 4696 vo·

396 4712 459 4776 suri
479 4712 704 4777 Sacramentum
730 4707 785 4774 boe
821 4724 965 4790 tanquam
997 4712 1169 4775 animarum

334 4824 336 4828 ·
392 4789 585 4874 spirirualem
603 4789 717 4867 cilum,
739 4811 793 4867 qua
810 4793 936 4864 alantur
955 4789 993 4856 <5
1010 4790 1170 4872 confirmen-

397 4881 452 4936 tur
469 4869 610 4936 niueam
626 4871 694 4934 viia
707 4867 792 4934 illius
804 4872 859 4947 qui
881 4870 958 4935 dixit
978 4873 1066 4952 :Qui
1086 4891 1171 4934 marr

395 4951 491 5014 ducar
505 4970 581 5027 rere,
609 4949 650 5018 eff
670 4948 728 5027 ipse
747 4949 838 5014 vivis
865 4964 983 5030 propter
997 4970 1061 5014 sne.
1086 4950 1170 5015 Hinc

397 5026 602 5094 innocentius
632 5026 691 5097 xi.
736 5025 897 5096 damnavit
936 5029 1170 5107 propositionem

395 5116 476 5172 usai
496 5127 547 5189 (ς.
569 5110 667 5176 baim
690 5110 837 5174 tenoris:
871 5113 1020 5191 Pru-repre
1040 5129 1170 5179 mrsu·
