4425 6000
386 504 463 576 ¹24
634 472 1651 557 Ticer-nelniuniie&c.car.uuio.

328 583 397 652 sive
415 595 504 648 extra
514 575 648 648 duellum
662 576 821 653 contingat
831 573 1028 641 homicidium
1046 571 1097 640 seu
1174 576 1248 639 Non
1266 590 1506 644 teneturtamen
1523 574 1908 658 interfeeoicmipensiie

333 655 597 729 mutilatiolaesor
614 672 738 723 tenetur
762 651 909 721 resarcire
936 654 1047 721 damna
1061 676 1098 719 o·
1133 652 1276 731 expensas
1293 651 1408 720 funeris
1445 674 1554 735 utpote
1570 681 1641 736 quae
1659 662 1720 725 iam
1735 656 1902 735 aliquando

334 747 419 809 mnia
434 760 503 818 quae
520 736 592 815 ipsi,
605 745 667 803 aut
687 732 873 812 heredibus,
891 753 931 798 eit
951 735 1007 822 tali
1015 736 1098 799 caede
1134 733 1281 799 saciendae
1290 706 1566 813 erant,dummodo
1575 755 1679 805 taimen
1689 727 1781 803 strnue
1790 736 1906 815 sadum

334 822 387 889 seu
405 821 604 885 mutilatione
623 812 860 891 subsequuntur.
882 814 997 882 Idcirco
1012 812 1098 879 siali·
1134 834 1196 880 non
1218 810 1310 880 fierit
1335 816 1398 879 alio
1417 819 1450 883 in
1468 818 1556 896 loco,
1571 821 1622 885 ubi
1642 823 1794 898 maiores,
1813 838 1904 897 quam

333 902 515 1045 Juantulum
534 896 710 974 supervivat
727 895 901 965 mortaliter
917 897 1098 966 vulneratus
1133 894 1214 959 domi
1233 892 1297 958 fieri
1316 893 1495 963 debuerint.

348 983 425 1047 icuti
445 984 540 1044 etiam
560 981 591 1040 io
612 976 780 1052 mutilato,
801 994 926 1039 tenetur
951 972 1040 1044 laesor
1061 974 1098 1039 ad
1173 973 1324 1036 Occidens
1343 974 1511 1043 Claudium
1533 976 1605 1043 dum
1640 994 1729 1058 putat
1764 976 1903 1047 occidere

334 1058 479 1138 expensae
500 1077 605 1124 omnes
627 1060 658 1118 in
677 1059 839 1119 curatione
858 1052 942 1132 laesi,
962 1054 996 1120 ἀ
1014 1074 1099 1120 com·
1135 1053 1307 1120 leandrum
1319 1099 1328 1131 ,
1342 1073 1434 1131 quein
1452 1058 1673 1124 inviolabiliter
1688 1055 1834 1123 credebat
1843 1057 1902 1121 elle

334 1138 462 1221 pensare
476 1159 567 1205 omne
583 1137 700 1201 lucrum
728 1133 845 1201 cessans
862 1181 871 1212 ,
901 1134 934 1205 dt
954 1134 1100 1201 damnum
1132 1132 1296 1197 Claudium
1306 1180 1317 1211 ,
1333 1151 1442 1199 tenerit
1462 1137 1554 1201 multi
1571 1140 1656 1205 illuni
1671 1137 1843 1202 obnoxium
1859 1132 1902 1199 es·

334 1240 491 1297 emergens
508 1223 539 1281 in
557 1216 755 1282 mutilatione
775 1218 783 1276 i
805 1212 827 1277 si
850 1211 921 1279 laeso
947 1213 981 1280 dt
996 1216 1028 1277 iri
1045 1216 1100 1279 lio-
1135 1210 1165 1276 se
1180 1211 1365 1282 restitutioni
1385 1235 1426 1279 ex
1446 1215 1466 1279 l.
1489 1215 1537 1280 18.
1559 1224 1588 1284 e.
1606 1219 1643 1282 de
1659 1220 1796 1282 iniuriis.
1818 1217 1903 1293 Quia

336 1300 459 1365 micidio
479 1295 645 1363 heredibus
660 1291 761 1359 interf
803 1299 831 1357 i:
850 1292 921 1360 idest
941 1293 1100 1369 ipsiccom·
1134 1290 1438 1360 intendebat-iniuste
1459 1296 1610 1367 horuinem
1624 1299 1763 1363 occidere
1801 1295 1837 1362 dt
1857 1316 1900 1358 re·

336 1376 463 1462 pensate
480 1426 490 1456 ,
510 1399 546 1442 ac
567 1374 708 1442 resarcire
736 1374 847 1445 damna
876 1377 980 1442 omnia
1003 1374 1100 1462 realia
1136 1392 1211 1437 vera
1225 1372 1357 1437 occidit.
1375 1372 1466 1440 Unde
1484 1374 1748 1453 sicutivteoeretut
1763 1344 1787 1439 si
1803 1394 1840 1442 ut
1856 1375 1901 1438 it'i·¹

336 1480 404 1536 ouae
432 1480 472 1523 cx
509 1456 563 1522 tali
596 1453 744 1523 occisione
770 1475 823 1517 eos
850 1456 913 1530 pati
943 1474 979 1524 ac
1005 1454 1100 1519 subire
1133 1450 1281 1525 tendebat
1300 1452 1462 1526 Claudium
1480 1457 1899 1535 occidisset,aequeteuetur

335 1541 492 1618 contingat
506 1560 515 1613 ;
529 1558 599 1601 cum
616 1534 767 1599 homicida
786 1530 1100 1602 fueritiniustaeausa
1136 1528 1344 1607 prooccisione
1352 1534 1591 1615 leandri,quem
1601 1539 1669 1601 loco
1678 1536 1798 1601 Claudii
1807 1537 1902 1599 inter.

333 1622 472 1686 omnium
488 1617 694 1693 damnorum,
717 1633 756 1678 eo
782 1614 835 1679 vel
863 1615 944 1681 max'
978 1612 1101 1691 equod
1135 1608 1901 1695 fecit,noriiecusacteneretur,quipiitaiisincen·

335 1698 472 1763 haeredes
492 1696 653 1761 succedunt
678 1698 710 1757 in
731 1696 837 1757 omnia
857 1633 1098 1758 iuraudbfuiieit.
1135 1691 1429 1772 deredomumCaii,
1445 1695 1525 1759 Titii
1542 1697 1664 1763 domum
1678 1691 1900 1764 combuffiiiet.

335 1778 411 1843 Non
431 1776 521 1843 debet
539 1794 644 1841 tamen
667 1772 753 1841 laesor
774 1773 914 1837 resarcire
934 1788 1039 1838 totum
1056 1772 1100 1836 lu·
1177 1773 1274 1834 Nota.
1305 1771 1337 1834 Si
1364 1770 1479 1839 occisor
1500 1774 1566 1842 sive
1584 1778 1662 1841 alius
1684 1771 1898 1853 damnificatur

332 1879 421 1928 crum
438 1855 520 1934 quod
539 1876 580 1920 eir
596 1852 723 1931 officio,
749 1854 801 1917 vel
821 1850 966 1918 industria
984 1850 1100 1917 occisus
1136 1848 1263 1914 decedat
1282 1871 1300 1915 e
1320 1855 1390 1931 ¹iiita
1409 1852 1579 1932 priusquam
1597 1856 1701 1921 debito
1717 1853 1900 1919 latislacerit

332 1935 510 2004 retrahebat
529 1983 538 2014 ,
561 1935 632 1997 dum
652 1932 711 2002 hoe
725 1930 769 1995 ell
784 1935 965 2016 incertum,
995 1930 1100 1999 deva·
1136 1927 1338 1995 restitutionis
1356 1935 1388 1995 in
1404 1932 1568 2000 homicidio
1588 1936 1746 2000 contrario
1766 1981 1777 2012 ,
1795 1949 1901 1997 teneri·

334 2022 389 2083 riis
416 2015 512 2080 modis
539 2012 677 2090 impediri
703 2011 830 2091 potest,
868 2010 917 2077 led
948 2027 1099 2087 quatenus
1137 2025 1191 2073 tur
1209 2008 1346 2075 haeredet
1367 2010 1569 2078 intersteloris
1602 2012 1806 2079 huiuscemodi
1824 2030 1901 2076 onus

335 2094 500 2161 secundum
519 2093 663 2161 iudicium
690 2091 874 2170 prudentum
898 2091 1002 2159 valere
1030 2109 1100 2166 pot·
1135 2109 1176 2152 ex
1191 2091 1260 2154 eius
1274 2088 1359 2155 bonis
1376 2092 1520 2171 implete.
1541 2095 1665 2160 Etenim
1687 2094 1822 2158 haeredes
1838 2110 1901 2157 noo

335 2174 381 2240 est
405 2174 469 2252 spes
487 2176 564 2239 lucri
580 2169 718 2250 l'pediatis
745 2168 883 2240 omnibus
907 2169 1101 2242 circumflari.
1138 2170 1238 2237 minus
1253 2166 1415 2252 succedunt
1435 2174 1467 2237 iri
1482 2170 1622 2239 omnibus
1641 2176 1728 2238 bouis
1751 2171 1809 2249 ,dt
1826 2172 1901 2234 iuri·

321 2259 389 2322 „ciii
402 2253 483 2331 laesi,
503 2251 701 2330 valetudine,
717 2251 846 2327 robore,
867 2254 994 2329 peritia,
1011 2251 1101 2320 modo
1138 2246 1194 2325 bur,
1213 2268 1305 2325 quam
1324 2253 1357 2331 iri
1372 2256 1438 2315 eius
1453 2253 1595 2319 oneribus
1615 2302 1624 2334 ,
1657 2252 1773 2319 scilicet
1793 2250 1904 2315 debitia

334 2333 493 2413 iii-vendi,
516 2330 657 2397 detradlis
684 2330 820 2409 expensis
849 2331 1038 2408 ordinariis,
1066 2350 1100 2395 ac
1139 2326 1172 2392 &
1208 2328 1448 2408 obligationibus
1486 2330 1660 2411 quibuscum
1680 2354 1719 2409 ue
1750 2327 1904 2396 onerosis.

333 2413 476 2492 quidquid
509 2409 577 2489 ipsess
597 2408 847 2489 consumpsisset,
877 2414 948 2488 quia
973 2410 1038 2477 haec
1063 2411 1100 2473 ad
1137 2406 1206 2471 Nec
1227 2408 1266 2471 ab
1286 2409 1351 2473 ulla
1370 2415 1549 2489 exceptione
1570 2415 1643 2478 iuris
1661 2357 1903 2478 bivilisliberari

334 2494 469 2560 baeredes
489 2512 554 2555 non
568 2487 791 2571 pervenissent.
810 2489 856 2554 Eic
876 2492 1030 2557 communi
1049 2510 1101 2554 ve·
1138 2485 1235 2564 potest
1251 2487 1348 2554 haeres
1368 2492 1399 2559 in
1419 2488 1606 2564 conscientia
1624 2542 1633 2571 ,
1649 2511 1757 2568 nempe
1777 2486 1898 2561 etiamsi

336 2595 374 2639 ro
390 2572 563 2637 deducenda
580 2590 642 2638 non
656 2567 701 2634 eii
712 2566 876 2635 aellimatio
887 2569 1014 2647 laboris,
1030 2572 1101 2645 quia
1139 2584 1212 2632 ante
1232 2585 1364 2632 mortem
1372 2568 1512 2640 occisoris
1526 2573 1629 2648 caussa
1646 2593 1706 2638 nori
1723 2569 1816 2635 suerit
1828 2589 1904 2633 cori·

336 2652 376 2718 aid
400 2650 582 2716 lucrandum
607 2648 693 2713 labor
722 2646 830 2712 iniusle
858 2646 954 2719 suerit
974 2648 1101 2725 impedi·
1138 2646 1284 2724 testata,-
1310 2646 1481 2717 &etiamsi
1511 2654 1613 2730 aliqua
1633 2649 1801 2729 temporali
1812 2666 1904 2728 prena

337 2751 414 2797 tiis.
441 2731 524 2794 Nam
549 2729 681 2807 plerique
706 2728 846 2796 laborarit
876 2731 979 2804 potius
1010 2749 1101 2805 quam
1137 2728 1237 2797 etiam
1257 2727 1791 2813 morte,utaliasnotatumsiiit,
1821 2728 1905 2791 mul·

326 2816 499 2887 'orientum
516 2810 590 2877 alias
609 2826 645 2874 ut
669 2808 830 2886 plurimum
850 2808 925 2872 nihil
942 2806 1018 2872 esset
1034 2808 1101 2883 red·
1137 2804 1235 2875 diariis
1255 2807 1421 2876 sitllaelor.
1446 2812 1527 2886 Quia
1553 2811 1663 2877 damna
1694 2810 1811 2887 privati
1833 2828 1903 2884 quae

336 2891 469 2955 deudum
487 2939 498 2967 ,
517 2890 591 2953 dum
611 2886 688 2964 saepe
704 2887 826 2953 lucrum
846 2886 955 2953 laboris
974 2886 1100 2957 aestima·
1137 2885 1272 2952 debitum
1291 2892 1449 2962 privatum
1482 2889 1622 2960 statuunt
1651 2889 1838 2968 implendum
1860 2888 1900 2952 ab

337 2974 459 3037 tionem
474 2989 536 3036 non
553 2967 692 3041 excedit,
730 3030 733 3035 ,
1139 2964 1308 3035 haeredibiis
1327 2989 1387 3040 non
1403 2969 1617 3048 compensatur
1634 2993 1686 3049 per
1706 2967 1900 3047 Reipublicae

381 3051 524 3117 Tenetur
540 3050 646 3115 itidem
662 3049 811 3115 homicida
832 3049 944 3128 aliquid
970 3047 1102 3129 pruden-
1139 3048 1356 3127 punitionem,
1387 3072 1456 3125 quae
1471 3049 1513 3114 esl
1530 3050 1690 3123 latissaiiio
1718 3049 1830 3126 publici
1849 3049 1903 3111 de·

335 3149 405 3197 tum
421 3131 550 3195 arbitrio
570 3128 729 3208 restituere
750 3151 804 3205 pro
824 3135 924 3196 anima
940 3131 1029 3195 occisi
1052 3152 1103 3207 per
1138 3130 1196 3192 biti
1216 3149 1287 3193 cum
1307 3129 1471 3207 Republica
1492 3135 1523 3196 in
1541 3134 1595 3196 tali
1617 3123 1901 3196 iniuriacontrafli,

336 3211 473 3277 eleemos
490 3231 564 3287 nas,
583 3207 700 3283 misiae,
720 3228 820 3284 preces
843 3258 851 3285 ,
873 3207 1008 3280 &enisi
1032 3232 1103 3274 con·
1139 3207 1204 3270 lino
1223 3229 1284 3272 non
1304 3215 1485 3275 eximuntur
1513 3229 1531 3276 a
1552 3212 1608 3277 tali
1639 3210 1741 3275 debito
1756 3203 1904 3286 tametfi,

337 3289 397 3355 sset
415 3290 454 3352 de
466 3287 556 3356 eeiise
577 3292 608 3351 iri
627 3288 752 3354 mortali
775 3309 900 3363 peccato
919 3287 975 3367 ,dt
996 3287 1102 3365 praesu·
1139 3304 1174 3351 iit
1190 3287 1360 3352 incidenter
1380 3308 1471 3355 antea
1492 3290 1642 3368 diximus,
1660 3285 1747 3355 laesus
1764 3286 1904 3354 debitum

335 3366 478 3436 matursi
498 3365 623 3435 vixisset
653 3364 860 3434 satirsailurus
887 3391 940 3446 pro
961 3367 1018 3432 suis
1038 3389 1102 3448 pec·
1138 3385 1230 3435 omne
1260 3385 1408 3443 quantum
1440 3374 1543 3449 potuit
1591 3368 1688 3438 lusori
1723 3364 1903 3445 dimiserit,

336 3446 660 3527 catis,·qu1aeitiiac
692 3465 778 3526 parte
798 3449 894 3512 eidem
911 3449 1033 3514 illatum
1059 3448 1102 3512 est
1139 3449 1210 3522 quia
1228 3468 1299 3511 cum
1321 3446 1377 3514 hoc
1392 3447 1527 3515 debitum
1541 3471 1614 3529 erga
1642 3448 1775 3515 haeredes
1794 3495 1804 3526 ,
1826 3465 1904 3525 uxo·

335 3550 391 3609 per
405 3531 549 3594 iniuriam
569 3528 712 3593 damnum
731 3525 884 3604 spirituale
911 3531 939 3591 ei
969 3527 1104 3595 tollendo
1139 3546 1231 3605 rem,
1261 3524 1339 3592 filios
1360 3577 1369 3606 ,
1392 3548 1532 3609 parentes
1554 3527 1641 3602 occisi
1658 3533 1779 3594 oriatur
1798 3547 1840 3591 ex
1859 3528 1904 3589 iu·

335 3606 516 3674 facultatem
537 3601 761 3673 satisfaciendi.
778 3609 826 3673 Sic
842 3609 1033 3680 &Antonin
1054 3609 1102 3674 De
1138 3608 1216 3670 iuria
1225 3627 1279 3682 pet
1293 3607 1388 3674 talem
1397 3610 1730 3686 cedemillisillatam,
1751 3625 1904 3684 quaenon·

334 3689 435 3767 lugo,
451 3690 584 3777 Navarr.
604 3690 658 3752 cit.
681 3687 717 3753 ab
737 3690 843 3753 Antoi.
1138 3682 1193 3748 nisi
1205 3685 1318 3763 abipsic
1331 3690 1449 3755 remitti
1457 3690 1572 3767 potest,
1588 3710 1650 3754 non
1658 3681 1906 3767 potestlaesusce·

374 3770 441 3833 Nec
461 3770 557 3834 solum
587 3786 711 3832 tenetur
732 3766 880 3833 homicida
910 3764 1101 3845 compensare
1137 3763 1207 3830 dere
1234 3769 1292 3830 iuri
1320 3768 1401 3844 quod
1419 3766 1509 3836 suum
1524 3768 1643 3834 nonest
1664 3816 1674 3845 ‚
1693 3766 1741 3831 sed
1757 3767 1906 3839 aliorum

332 3847 468 3914 iiaeredes
488 3849 525 3915 de
552 3847 670 3912 damnis
700 3847 849 3924 quaeipsis
873 3867 913 3911 eir
944 3850 999 3912 tali
1017 3849 1101 3914 caede
1138 3848 1346 3924 Praeterquam
1362 3850 1441 3925 quod
1462 3848 1618 3928 remissio,
1635 3840 1905 3924 quaefitabocciso

332 3926 575 4005 consequuntur,
597 3927 681 3997 lucra
705 3927 820 3991 scilicet
847 3929 995 3992 cessantia
1019 3976 1028 4008 ,
1049 3927 1101 3992 da·
1142 3925 1195 3990 luo
1212 3926 1336 3993 occisori
1360 3927 1404 3992 est
1421 3926 1554 3993 remissio
1581 3927 1796 3994 tantummodo
1823 3925 1904 3986 iniu-

335 4031 408 4072 mna
423 4010 629 4088 emergentia,
649 4007 757 4071 alendo
786 4010 849 4070 eius
870 4006 1007 4074 Uxorem
1027 4053 1037 4084 ,
1066 4007 1101 4070 li·
1139 4009 1206 4084 riae,
1220 4005 1253 4071 dt
1269 4011 1314 4073 ita
1329 4008 1525 4088 intelligenda
1540 4008 1584 4072 est
1601 4010 1637 4072 de
1652 4008 1745 4083 odio,
1764 4003 1818 4070 vel
1827 4023 1906 4081 quo·

335 4087 449 4163 beros,
477 4106 638 4166 parentes,
657 4084 778 4153 tametsi
810 4102 913 4154 totiun
935 4085 973 4151 ab
1000 4086 1101 4152 occiso
1139 4084 1177 4149 ad
1197 4107 1319 4173 poenam
1339 4084 1414 4166 sori,
1431 4089 1905 4164 nonveroquoadpoenamcom·

335 4163 443 4232 suisset
470 4167 679 4234 condonatum
708 4215 717 4245 ,
746 4168 819 4243 quia
847 4185 910 4230 non
938 4163 1033 4241 potest
1052 4187 1100 4232 ce·
1139 4168 1279 4243 pensandi
1293 4170 1392 4233 realia
1408 4168 1516 4233 damna
1527 4190 1565 4233 ex
1582 4169 1665 4233 caede
1677 4162 1803 4233 secuta..
1821 4163 1906 4231 Hinc

334 4247 529 4312 dereeorum
550 4249 626 4324 iuri,
643 4246 723 4323 quod
741 4243 855 4310 habent
877 4240 1039 4311 fundatum
1069 4250 1100 4310 iri
1137 4243 1217 4322 ipse,
1237 4249 1286 4314 vel
1303 4251 1368 4312 eius
1389 4249 1457 4315 loco
1473 4247 1493 4310 si
1511 4271 1572 4312 non
1597 4244 1781 4317 latissccerit
1802 4292 1810 4321 ,
1836 4246 1904 4305 eius

333 4325 541 4406 specialissima
556 4323 785 4401 coniuoiliorie,
802 4324 836 4390 dt
868 4322 987 4402 speciali
1018 4325 1100 4391 debi·
1140 4325 1272 4392 baeredes
1291 4326 1408 4395 solvere
1425 4347 1571 4394 tenentur
1588 4321 1903 4392 inconscientiamul*

333 4427 370 4495 to
385 4408 420 4470 ad
437 4409 570 4471 invicem
598 4423 633 4470 ut
657 4404 781 4469 alantur
800 4403 889 4470 Uxor
918 4426 936 4469 a
964 4411 1100 4491 marito,
1137 4406 1218 4470 etam
1233 4428 1351 4484 quoque
1369 4408 1701 4485 pecuniarumaiudice
1710 4400 1902 4481 impositam.

332 4486 389 4550 lilii
411 4507 428 4550 a
449 4484 642 4563 parentibus,
661 4502 834 4560 parentesa
857 4484 928 4549 liliis
948 4509 957 4562 ;
975 4485 1022 4550 led
1053 4505 1098 4550 et·
1138 4486 1222 4548 Nam
1237 4490 1329 4552 iudex
1351 4491 1397 4553 ius
1419 4486 1510 4554 habet
1532 4489 1678 4565 puniendi
1698 4487 1827 4549 iniurias
1846 4480 1905 4561 ,dc

332 4568 394 4633 iam
414 4566 585 4629 Creditoies
603 4559 710 4628 occisi.
739 4562 773 4624 ld
795 4580 896 4628 tamen
923 4565 1005 4641 quod
1027 4567 1100 4630 Cre·
1138 4563 1215 4629 iulia
1235 4563 1287 4631 sua
1311 4567 1462 4636 sententia
1487 4568 1603 4647 obligat
1628 4588 1667 4631 ex
1688 4565 1833 4638 iustitia,
1861 4562 1905 4626 id·

331 4643 479 4710 ditoribus
498 4645 635 4709 redditur
654 4641 871 4718 detrahendum
895 4664 937 4709 ex
963 4643 1008 4708 his
1030 4666 1098 4723 quae
1136 4648 1220 4708 circo
1240 4650 1271 4709 iri
1288 4648 1491 4713 conscientia.
1509 4647 1663 4714 Hastenus
1679 4665 1714 4718 ut
1736 4645 1906 4721 plurimum

331 4723 503 4791 haeredibus
519 4723 670 4788 reddenda
694 4720 765 4804 sunt
786 4771 794 4799 ,
820 4725 870 4798 qui
893 4730 984 4799 tam
999 4727 1099 4789 minus
1136 4745 1204 4788 cum
1224 4727 1257 4787 P.
1280 4730 1434 4808 Autome,
1451 4728 1663 4806 Tourneleio,
1683 4724 1824 4800 aliisque,

330 4823 371 4869 ex
387 4802 473 4869 bonis
491 4802 581 4869 occisi
598 4801 660 4880 post
678 4802 851 4865 naturalem
882 4806 946 4868 eius
966 4822 1098 4869 mortem
1178 4805 1268 4879 Quod
1282 4825 1389 4880 autem
1408 4810 1521 4873 dicitur
1531 4809 1570 4871 de
1585 4807 1697 4871 iniullo
1711 4854 1723 4883 ,
1736 4825 1771 4869 ac
1792 4800 1907 4870 uoluti·

331 4883 518 4962 accepissent
541 4905 549 4945 :
573 4885 617 4947 ita
638 4897 672 4945 ut
689 4881 977 4958 ipsiscompensctur
997 4902 1099 4950 totum
1139 4889 1220 4947 tario
1241 4885 1404 4964 homicida,
1425 4888 1482 4952 hoc
1501 4886 1734 4967 intelligendum
1760 4881 1805 4952 est
1835 4901 1909 4958 quo·

328 4964 474 5026 damnum
492 4982 667 5039 emergens,
686 4959 720 5025 &
748 4961 866 5026 lucrum
894 4965 1010 5030 celiam
1038 4961 1101 5043 spe·
1137 4985 1194 5039 que
1210 4964 1247 5026 de
1265 4965 1378 5031 iniusto
1398 4968 1599 5044 mutilatore,
1621 4986 1730 5046 nempe
1742 4963 1908 5043 huncquo-

327 5039 390 5123 dat
410 5045 446 5106 ad
462 5064 516 5108 cos
535 5037 710 5108 satisfacere
730 5039 953 5108 creditoribus.
1136 5064 1195 5122 que
1223 5050 1322 5112 teneri
1349 5047 1388 5114 ad
1416 5046 1605 5117 resarcienda
1632 5049 1744 5114 damna
1768 5045 1904 5121 omnic,
