4425 6000
456 522 528 594 ¹44
752 495 962 571 Tusca.
989 520 1054 572 ue
1082 498 1411 578 Conraacr.
1438 498 1557 577 ear.
1583 498 1612 573 1.

400 599 574 682 erigentis,
593 615 627 664 ut
644 593 701 689 fiat
719 595 870 661 alienatio
888 644 897 674 ,
914 598 960 661 ita
976 613 1012 661 ut
1026 594 1165 663 ostenda·
1199 600 1378 679 restituere,
1402 601 1472 677 quia
1496 619 1578 664 nemo
1594 598 1676 665 licite
1695 596 1869 676 locupletari
1886 595 1974 742 mes.

402 698 532 748 tuream
552 679 748 745 nereslarram
763 674 845 755 esse,
863 693 969 755 utvg.
981 677 1166 744 aesalienum
1199 703 1265 747 cum
1299 679 1589 757 alterioriasiura,
1614 698 1648 744 ur
1678 701 1718 745 ex
1734 699 1796 757 reg.
1824 679 1902 745 iuris
1921 704 1941 760 4
1961 724 1973 743 .

401 761 545 828 'solvatur
569 808 578 836 ,
601 777 637 823 ut
668 756 862 834 praebcantur
891 757 1038 822 alimenta
1060 761 1167 837 patri,
1200 763 1232 827 in
1251 765 1280 825 6.
1302 764 1343 827 Et
1364 759 1386 823 fr
1407 760 1564 840 dolo,vel
1584 761 1675 903 culpa
1698 759 1823 837 pupilli,
1842 778 1898 826 aut
1915 764 2039 824 rui-”-

405 843 457 905 vel
473 842 584 916 marri,
603 837 664 905 dcc.
681 838 729 927 Sic
749 836 780 900 in
797 841 869 917 Leg.
887 836 924 903 de
940 839 1099 918 administr-
1120 852 1168 903 tu·
1201 846 1282 908 noris
1303 864 1351 908 res
1372 842 1497 921 perierit
1520 888 1529 919 ,
1551 860 1613 905 non
1644 842 1730 912 olum
1752 841 1941 906 naturaliter
1963 886 1974 918 ,

403 920 478 988 ioris
497 921 550 985 uel
564 932 733 993 curatoris,
761 917 889 993 ideoque
917 919 1000 984 circa
1016 918 1167 985 baecobli·
1201 924 1249 988 sed
1266 927 1365 989 etiam
1380 921 1517 987 civiliter
1539 923 1606 999 cogi
1624 917 1720 998 potest
1744 936 1804 995 ,ut
1825 939 1896 983 earn
1916 917 1976 983 sol·

404 1005 469 1083 gari
491 1019 555 1064 non
572 1000 694 1077 poll'unt
718 1016 774 1062 nec
804 997 1018 1076 naturaliter,
1047 1019 1102 1065 nec
1122 1002 1167 1064 ci·
1202 1022 1277 1069 vat.
1306 1005 1365 1068 His
1385 1020 1491 1068 tamen
1515 1004 1651 1080 exceptis
1674 997 1787 1063 casabus
1822 999 1974 1077 pupillus,

405 1081 551 1157 viliter,
577 1096 614 1144 ut
641 1075 718 1164 stent
749 1076 946 1144 contrabui.
975 1077 1063 1145 Bona
1093 1099 1168 1144 vero
1201 1084 1236 1151 dt
1256 1085 1446 1149 minorennis
1464 1130 1478 1160 .,
1502 1081 1553 1146 seu
1582 1083 1683 1144 minor
1702 1096 1750 1155 25.
1773 1082 1864 1143 annis
1886 1098 1975 1146 tuto·

405 1161 558 1239 mobilia,
581 1179 650 1248 quae
671 1157 821 1224 servando
841 1155 956 1225 servari
986 1177 1169 1238 nequeunt,
1202 1186 1266 1229 rem
1288 1216 1296 1244 ‚
1317 1162 1366 1230 seu
1386 1180 1562 1227 curatorem
1591 1159 1702 1223 habens
1727 1178 1788 1224 non
1820 1158 1976 1239 obligatur

312 1295 317 1303 .
403 1240 481 1306 idest
498 1260 561 1306 non
582 1240 703 1326 poliunt
729 1260 781 1317 per
808 1242 975 1304 triennium
997 1237 1137 1324 custodiri
1161 1287 1171 1318 ,
1201 1246 1335 1310 civiliter
1351 1264 1391 1308 esc
1413 1244 1477 1307 ullo
1493 1238 1649 1306 contraelu
1669 1236 1731 1302 fane
1754 1240 1899 1315 tutoris,
1921 1257 1977 1303 aue

404 1320 566 1406 secundum
581 1319 720 1383 Glollam
734 1321 766 1381 in
785 1322 855 1400 aeg.
878 1320 965 1386 unica
976 1321 1006 1464 f
1021 1317 1170 1402 adversas
1200 1328 1352 1393 curatoria
1372 1323 1553 1389 aueloritare
1574 1323 1650 1383 inito
1673 1362 1681 1378 .
1707 1318 1756 1383 Sic
1777 1320 1810 1382 in
1828 1324 1856 1384 s.
1873 1318 1978 1384 abno-

406 1401 625 1482 usacspionm,
643 1417 680 1463 ur
698 1395 767 1462 sunt
788 1403 914 1476 vinum,
936 1421 975 1464 ve
1001 1421 1032 1464 es
1052 1398 1171 1466 ufude·
1203 1407 1294 1471 madi
1313 1403 1410 1470 lnslit.
1428 1401 1531 1482 quibus
1547 1400 1679 1466 alienare
1697 1397 1784 1463 licei.

407 1485 512 1558 tritae,
530 1479 591 1545 arc.
621 1478 722 1544 valide
743 1480 874 1559 pupilli,
895 1482 1076 1554 &minores
1095 1481 1170 1544 alie·
1242 1486 1380 1565 Pupillus
1402 1533 1411 1562 ,
1438 1485 1565 1558 minor,
1590 1483 1640 1558 qui
1662 1481 1801 1554 pecunia·
1824 1475 1973 1542 summam

406 1583 483 1628 nare
500 1560 621 1638 poliunt
637 1559 714 1624 bona
731 1559 854 1626 mobilia
875 1582 938 1625 non
956 1561 1088 1638 pretiosa
1109 1557 1170 1623 fine
1202 1586 1314 1635 mutuo
1334 1582 1497 1644 accepere,
1516 1560 1551 1627 ἀ
1570 1557 1782 1638 expenderunt
1802 1607 1811 1638 ‚
1836 1554 1976 1622 restitue·

409 1644 550 1718 tutoris,
569 1639 619 1704 vel
640 1643 793 1707 curatoris
813 1638 986 1720 consensu,
1013 1639 1047 1707 de
1067 1638 1169 1705 secun·
1203 1668 1316 1717 fenon
1336 1662 1484 1711 tenentur
1505 1690 1514 1720 ,
1538 1639 1573 1708 dt
1602 1657 1673 1704 ruta
1705 1637 1895 1704 conscientia
1924 1635 1978 1702 ob-

408 1721 481 1786 dum
499 1720 614 1787 mustos
633 1717 808 1798 Oblississtuf
828 1721 1010 1801 naturaliter
1026 1738 1170 1796 rantum,
1204 1733 1304 1796 tinere
1325 1726 1446 1807 possunt
1464 1724 1570 1786 literas
1588 1716 1761 1784 resciffionis
1780 1767 1787 1792 ,
1817 1715 1925 1793 quibus
1945 1720 1978 1779 in

407 1801 460 1872 fed
487 1820 548 1872 non
572 1801 733 1875 firmiter,
757 1820 907 1875 quatenus
931 1800 1002 1865 talia
1024 1800 1172 1880 obligatio
1205 1814 1358 1889 integrum
1379 1801 1579 1869 restituantur
1600 1848 1608 1877 ,
1631 1802 1703 1875 quia
1726 1796 1857 1862 facilitas
1883 1795 1975 1860 dandi

408 1881 480 1949 tolli
500 1876 599 1958 potest
626 1878 777 1943 beneficio
805 1880 1008 1946 restitutionis
1036 1883 1068 1946 in
1089 1884 1173 1946 inte·
1204 1907 1317 1954 mutuo
1335 1880 1524 1966 pupillis,&
1541 1878 1708 1944 minoribus
1738 1879 1903 1957 pecuniam
1929 1893 1977 1938 re·

408 1981 516 2042 arum.
536 1962 582 2025 ira
602 1961 705 2035 arqui
727 1959 892 2037 aliquidab
911 1977 1171 2039 coacceperunt.
1205 1968 1334 2050 probata
1363 1963 1422 2030 fuir
1449 1985 1467 2027 s
1490 1960 1560 2026 lure
1579 1960 1719 2024 noniano
1740 2004 1747 2030 ,
1776 1954 1811 2022 t<
1835 1950 1978 2019 &meus-

406 2039 571 2111 teliituere
590 2058 651 2102 non
672 2056 840 2105 teneantur
868 2059 942 2106 ante
971 2040 1076 2107 iudicis
1105 2037 1173 2104 sen·
1204 2045 1346 2116 mnsulto
1360 2042 1613 2114 Macedoniam,
1645 2037 1684 2103 fic
1709 2034 1821 2101 difloa
1842 2033 1977 2112 quodam

408 2123 561 2194 tentiam.
578 2119 642 2184 Alii
659 2136 765 2184 tamen
786 2119 968 2198 probabilius
984 2142 1021 2184 ne
1041 2139 1098 2186 ant
1119 2141 1173 2185 eos
1205 2128 1391 2195 Macedonio
1414 2121 1525 2190 celebri
1547 2117 1722 2193 Ufurari03
1751 2116 1798 2180 led
1826 2136 1909 2180 nunc
1930 2131 1977 2179 at·

409 2200 539 2280 obligari
553 2199 755 2274 naturaliter,
774 2198 828 2264 nisa
847 2217 999 2280 quatenus
1015 2143 1084 2266 falli
1102 2199 1172 2264 sunt
1207 2208 1368 2276 tendenda
1390 2202 1458 2269 sunt
1476 2203 1553 2281 leges
1573 2198 1771 2275 municipales
1790 2196 1930 2260 locorum
1941 2238 1958 2288 ·.

411 2280 539 2346 ditiores
559 2302 571 2357 i
594 2280 657 2345 imo
677 2284 708 2343 5¹¹
729 2281 785 2344 *¹0⁰
808 2282 881 2346 Casu
899 2280 1026 2360 obligari
1049 2280 1172 2358 possunt
1247 2284 1477 2353 Filiusfamilias
1497 2302 1560 2346 non
1584 2293 1709 2344 tenetur
1733 2280 1764 2339 in
1787 2270 1978 2340 conscientia

351 2389 357 2400 ·
411 2364 509 2427 etlam
528 2359 662 2425 civiliter
678 2409 686 2436 ,
701 2381 738 2424 ea
756 2360 887 2443 Institor.
910 2361 1014 2440 quibus
1041 2362 1174 2426 alienare
1208 2371 1244 2436 ad
1263 2367 1486 2433 restitutionem
1502 2361 1638 2440 pecuniae
1657 2408 1665 2435 ,
1681 2378 1774 2434 quarn
1793 2372 1906 2421 mutuo
1926 2375 1978 2420 at·
1993 2397 2044 2438 a

412 2441 499 2515 ficti·
527 2438 790 2518 Qsotiescumque
813 2461 889 2506 Ve¹0
916 2441 1090 2507 contradus
1121 2461 1174 2517 1²0¹
1208 2453 1308 2528 cepit,
1324 2446 1345 2509 fr
1362 2461 1473 2510 mutuo
1492 2441 1566 2506 dans
1588 2437 1762 2518 praeviderit
1788 2483 1796 2510 ,
1820 2452 1977 2512 aut-prae·
1994 2447 2044 2502 lael

412 2522 494 2601 leges
514 2518 690 2597 simpliciter
710 2517 772 2586 sane
789 2519 852 2586 ulla
862 2521 999 2599 expressa
1015 2521 1175 2586 limitatio·
1208 2530 1315 2597 videre
1335 2528 1468 2605 potuerit
1487 2543 1555 2586 eam
1572 2540 1590 2583 a
1609 2519 1799 2583 mutuatario
1819 2517 1954 2593 turpiter
1968 2527 2007 2596 ‚a

412 2621 452 2670 ne
471 2599 570 2677 quoad
589 2596 690 2664 forum
708 2618 871 2665 externum
886 2604 1070 2679 irritantur,
1084 2602 1175 2666 irrita
1210 2627 1262 2676 aur
1284 2606 1439 2673 inutiliter
1458 2602 1518 2667 esse
1534 2598 1784 2675 expendendam,
1799 2593 1833 2661 bt
1850 2595 1907 2661 hoc
1928 2597 1978 2658 in-

411 2677 617 2758 ¹intelligenda
634 2675 702 2747 sunt
717 2682 813 2746 etiam
829 2682 929 2757 quoad
952 2681 1054 2748 foruna
1073 2683 1173 2747 inter·
1211 2691 1316 2769 rellige
1334 2688 1432 2752 etiam
1448 2683 1484 2748 de
1503 2677 1646 2746 frutiibus
1667 2727 1676 2757 ,
1701 2681 1751 2756 qui
1770 2678 1814 2740 eis
1834 2674 1900 2740 dati
1922 2637 2044 2763 faotfl

412 2782 487 2826 num
501 2756 697 2831 conscientiae
718 2811 726 2838 ‚
750 2782 785 2828 ac
808 2761 931 2838 proinde
958 2762 1042 2826 nulla
1068 2782 1107 2826 ex
1129 2761 1175 2825 bis
1211 2770 1249 2837 ad
1273 2767 1432 2849 pecuniam
1455 2758 1715 2840 comparandam.
1749 2757 1833 2834 Quia
1871 2773 1984 2822 mutuo

414 2843 516 2904 oritur
539 2839 699 2919 obligatio.
727 2837 850 2919 Insuper
877 2841 915 2907 ad
946 2841 1084 2908 valorem
1104 2862 1176 2907 con·
1209 2852 1284 2918 dana
1303 2846 1333 2914 se
1349 2845 1475 2912 subiecit
1490 2845 1577 2908 oneri
1599 2840 1699 2920 alege
1714 2835 1856 2917 imposito
1869 2886 1880 2916 ,
1895 2835 1985 2902 vide·

413 2918 527 2994 trailus
546 2922 640 2985 etiam
661 2924 694 2983 in
709 2917 778 2986 foro
793 2925 916 2989 interno
923 2919 1120 2989 conscientiae
1131 2944 1177 2999 re,-
1211 2935 1283 2999 licet
1298 2946 1335 2996 ut
1356 2925 1408 2995 sua
1430 2927 1562 3003 pecunia
1579 2922 1720 2998 privetur
1737 2916 1783 2996 ,fr
1804 2912 1981 2986 filiusfami-

415 3000 821 3078 ‘lllifitu‘libfflb‘lfflfflm
841 3002 1089 3083 administram,
1118 3025 1177 3082 qua
1211 3015 1266 3079 lias
1300 3011 1380 3076 nolit
1420 3027 1488 3072 eam
1516 3002 1702 3070 restituere.
1736 2998 1816 3065 fuste
1838 3001 1924 3064 enim
1948 3017 1983 3063 o·

414 3081 547 3159 pupilli,
571 3078 742 3148 minoresve
769 3101 893 3148 carent.
921 3084 1036 3150 ldcirco
1055 3087 1101 3149 Le
1120 3104 1177 3162 es,
1212 3116 1267 3159 nm
1291 3092 1349 3157 hoc
1378 3090 1428 3153 lex
1462 3090 1502 3149 im
1544 3083 1605 3148 suit
1643 3100 1681 3146 eo
1717 3079 1809 3157 fine,
1844 3095 1881 3145 ut
1923 3074 1984 3143 filii

412 3181 486 3301 {pua
517 3160 638 3224 irritum
665 3162 823 3228 declarant
853 3164 958 3244 pupilli
983 3106 1177 3230 contrabum
1211 3196 1268 3239 nec
1301 3170 1410 3237 debitis
1436 3187 1498 3232 onu
1527 3168 1537 3228 i
1565 3161 1673 3239 fiant,
1708 3181 1762 3224 uec
1799 3161 1898 3224 vitam
1930 3177 1985 3235 pa.

429 3260 480 3303 me
501 3244 615 3306 tutoris
635 3239 817 3319 austeritate
838 3292 848 3323 ,
871 3244 1082 3323 intelligendae
1106 3242 1177 3309 sunt
1212 3249 1349 3318 rentibus
1379 3247 1520 3311 insidiant
1538 3294 1547 3324 ,
1568 3260 1602 3308 ut
1622 3263 1658 3305 ea
1681 3238 1803 3306 solvant
1825 3258 1892 3317 ,err
1908 3240 1983 3317 leg.

416 3318 453 3412 de
474 3320 616 3400 pupillo,
640 3323 691 3399 qui
712 3343 751 3387 ex
769 3324 928 3390 contrallu
951 3321 1045 3389 satius
1068 3321 1112 3387 est
1133 3324 1178 3386 di·
1214 3355 1241 3398 1,
1269 3331 1368 3397 endem
1395 3327 1442 3391 n'r.
1471 3323 1512 3390 ad
1541 3320 1820 3388 Macedonianum.
1855 3317 1986 3381 'fenera-

415 3399 549 3494 tlor,bt
570 3420 658 3478 prout
676 3399 770 3468 faetus
789 3403 831 3469 est
848 3404 958 3470 ditior.
1213 3432 1267 3481 tur
1295 3428 1400 3476 tamen
1432 3405 1593 3487 pupillus,
1635 3404 1760 3476 minor,
1790 3398 1824 3466 ἃ
1850 3395 1985 3492 filiusfa-

273 3468 412 3585 mana·
438 3479 589 3576 'Pupillus
609 3481 763 3562 pubertati
781 3489 953 3564 proximus,
971 3482 1006 3551 ἀ
1025 3485 1179 3551 minoren·
1212 3493 1314 3559 miliae
1337 3490 1498 3570 pecuniam
1528 3504 1637 3549 mutuo
1653 3496 1812 3557 acceptam
1838 3474 1986 3544 reslrtoe·

296 3584 338 3635 tiu
350 3600 394 3649 pu,
411 3584 461 3627 uss
483 3561 587 3630 vande
604 3565 792 3630 contrahunt
808 3587 879 3632 cum
899 3569 1017 3631 maiore
1036 3569 1069 3631 in
1089 3564 1177 3631 suum
1213 3595 1274 3651 re,
1302 3567 1323 3632 fi
1341 3568 1408 3632 inde
1430 3564 1501 3630 fasli
1522 3563 1580 3627 fint
1600 3563 1842 3640 locupletiores,
1865 3555 1887 3619 fr
1914 3577 1985 3623 mu·

310 3649 391 3725 esser·
415 3643 606 3710 comniodum
636 3644 797 3724 obligando
820 3647 953 3712 alterum
981 3649 1079 3712 etiam
1115 3643 1177 3709 fine
1214 3650 1542 3721 tuansmutuatarium
1571 3637 1821 3721 patremfamilias
1837 3635 1898 3703 elle
1918 3654 1988 3701 cre·

273 3726 391 3787 ΜΝ
415 3728 546 3804 tutoris,
561 3725 785 3792 vel'curatoris
806 3727 1007 3804 aufloritate,
1027 3747 1089 3790 non
1105 3745 1181 3790 vero
1213 3733 1343 3809 diderit,
1359 3749 1420 3793 non
1443 3746 1524 3792 vana
1541 3722 1718 3789 necessitate
1739 3719 1905 3799 deceptus,
1928 3734 1987 3781 nee

279 3792 370 3890 ,mss
413 3806 447 3875 in
468 3804 555 3873 fuum
572 3808 884 3886 incommodum,seu
902 3808 1067 3888 obligando
1090 3804 1181 3871 seal·
1215 3814 1289 3878 iuris
1306 3809 1505 3891 ignorantia,
1531 3803 1577 3870 sed
1608 3806 1677 3880 quia
1701 3800 1819 3878 publice
1848 3791 1986 3875 paterfa-

417 3891 477 3956 reri
498 3883 559 3951 sane
580 3885 765 3954 aufloritate
794 3891 908 3952 tutoris
928 3937 935 3964 ‚
972 3905 1028 3953 aut
1056 3904 1180 3951 curato·
1213 3893 1314 3957 milles
1330 3886 1477 3968 plerisque
1498 3883 1683 3961 videbatur,
1713 3879 1752 3946 fic
1779 3876 1887 3958 agebat
1908 3924 1918 3953 ‚
1946 3872 1988 3938 fic

414 3969 482 4029 ris.
522 3965 572 4031 Ita
595 3964 688 4045 leptis.
721 3967 757 4045 de
789 3967 960 4033 auiloriiaie
996 3965 1101 4032 lactoris
1127 3976 1179 4030 aut
1213 3968 1444 4045 contrahebat,
1485 3964 1524 4029 stc
1562 3961 1736 4027 maineribus
1775 3956 1985 4038 fungebatur.

415 4045 579 4110 curatoris.
602 4045 675 4110 lura
701 4050 784 4110 enim
816 4045 1008 4125 proviferunt
1038 4050 1070 4109 in
1091 4042 1178 4111 savo·
1215 4052 1308 4117 Tunc
1335 4051 1419 4115 enim
1447 4044 1572 4110 cellabit
1594 4037 1886 4106 Senatusconsultus
1913 4032 1988 4100 Ma·

414 4146 480 4190 rem
509 4126 614 4193 aetatis
638 4125 789 4203 illorum,
812 4147 920 4203 nempe
947 4147 982 4192 ut
1012 4125 1179 4191 minoribus
1213 4133 1397 4197 redonianus
1415 4147 1452 4192 ex
1473 4127 1527 4206 leg.
1550 4140 1577 4204 3.
1592 4124 1627 4205 ffi
1642 4122 1681 4187 de
1698 4111 1896 4209 senatuscons.
1914 4116 1988 4185 Mar

412 4223 493 4275 aeras
517 4208 550 4270 in
585 4204 702 4270 damnis
729 4203 932 4283 subveniret,
964 4207 998 4273 dt
1030 4210 1060 4271 in
1088 4202 1178 4271 favo·
1211 4205 1448 4278 eedon.1temf1
1468 4223 1612 4270 mutuans
1630 4219 1771 4268 mutuum
1791 4196 1909 4261 dederit

414 4285 557 4353 rabilibus
578 4284 651 4349 attis
668 4305 730 4348 non
745 4286 878 4351 obesset.
901 4286 1176 4364 Hincfrpupillus
1214 4314 1254 4357 na
1274 4290 1334 4354 fide
1353 4337 1362 4365 ,
1381 4287 1414 4352 dt
1433 4306 1472 4351 ea
1492 4287 1694 4359 intentione,
1720 4296 1756 4345 ut
1789 4277 1910 4342 illorum
1933 4273 1989 4337 bo·

414 4364 478 4429 line
498 4365 679 4437 auetoritate
699 4369 812 4430 tutoris
830 4415 838 4443 ,
855 4368 904 4431 vel
913 4370 1099 4435 minorennis
1117 4363 1178 4427 fine
1213 4393 1287 4436 num
1307 4383 1483 4447 procuraret
1503 4409 1511 4440 ,
1543 4365 1670 4438 ideoque
1686 4361 1707 4422 li
1725 4356 1806 4424 male
1815 4350 1989 4449 expensum

412 4443 597 4509 auiloritate
616 4449 770 4508 curatoris
786 4447 899 4522 aliquid
919 4452 1051 4524 emerit,
1067 4445 1176 4512 vendi·
1213 4449 1271 4516 fuit
1294 4498 1303 4527 ‚
1331 4450 1388 4512 hoc
1408 4443 1519 4511 fabum
1534 4440 1594 4508 fuit
1615 4458 1723 4506 contra
1744 4452 1919 4502 mutuantis
1940 4454 1989 4497 sn·

414 4540 466 4615 tor
481 4523 569 4588 illum
583 4543 690 4603 cogere
706 4527 812 4601 nequit
824 4527 860 4590 ad
873 4527 1102 4593 retribuendum
1112 4545 1179 4601 pre·
1215 4533 1406 4596 tentionem.
1430 4525 1532 4589 Cessat
1550 4525 1667 4603 pariter
1687 4514 1868 4598 supradittus
1886 4514 1990 4577 Sena·

415 4620 512 4669 tium.
529 4606 559 4667 Si
581 4626 656 4669 vero
677 4605 825 4684 pupillus,
842 4606 892 4671 seu
908 4610 1096 4671 minorennis
1121 4605 1176 4668 lla·
1213 4605 1423 4675 tusconsultus
1444 4605 1685 4669 Macedonianus
1704 4649 1712 4678 ,
1729 4598 1750 4662 fr
1766 4598 1877 4660 sciente
1898 4610 1992 4683 patre

408 4702 443 4747 re
465 4684 544 4755 velit
561 4683 758 4762 contraslui,
782 4687 964 4761 compellere
981 4685 1079 4769 potest
1100 4704 1178 4750 ven·
1212 4692 1341 4765 pecunia
1364 4702 1474 4750 mutuo
1488 4684 1562 4749 data
1578 4681 1638 4748 fuir
1658 4680 1742 4758 filio,
1762 4683 1834 4759 leg.
1846 4693 1894 4738 ra.
1913 4670 1988 4767 abad

409 4761 541 4830 ditorem
566 4767 651 4829 civili
677 4764 794 4829 allione
818 4765 854 4831 ad
887 4766 1017 4831 dandam
1044 4785 1176 4829 mercem
1212 4768 1232 4830 sr
1264 4764 1481 4846 paterfamilias
1515 4762 1635 4829 solvere
1655 4764 1751 4838 coepit
1784 4758 1864 4835 quod
1886 4751 1990 4819 filim·

408 4862 480 4909 cum
491 4848 589 4922 pretio
603 4861 775 4909 convento.
793 4845 1177 4911 Siauternvendirormer·
1213 4846 1344 4915 familias
1364 4865 1474 4910 mutuo
1496 4847 1634 4919 accepit,
1653 4845 1724 4918 quia
1734 4835 1883 4903 solvendo
1900 4831 1988 4922 quasa

408 4940 475 5014 cern
498 4924 658 4993 tradiderit
675 4925 789 5002 pupillo
806 4972 816 5000 ,
833 4944 888 4989 nec
905 4929 1036 5002 pretium
1053 4945 1176 5003 recepe·
1212 4945 1313 4993 ratum
1340 4926 1465 4990 habuit.
1489 4929 1560 5003 Leg.
1597 4944 1643 5000 15.
1669 4921 1727 4985 cod.
1749 4917 1805 5000 sed
1832 4912 1873 4983 Φ
1900 4914 1993 4993 filius

409 5019 472 5078 nt,
491 5026 621 5069 mercem
638 5004 722 5068 suam
744 5022 883 5080 reperere
894 5004 989 5082 potell
1007 5006 1060 5083 ,dt
1077 5004 1175 5082 pupil·
1207 5005 1353 5085 soluerit,
1375 5028 1432 5071 non
1454 5005 1579 5084 repetit,
1596 5007 1670 5082 Leg.
1688 5019 1717 5079 9.

409 5081 478 5160 lus,
508 5104 563 5149 aut
579 5087 681 5153 minor
708 5102 833 5150 tenetur
854 5086 887 5148 in
902 5083 1089 5153 conscientia
1110 5104 1177 5152 cam
1784 5130 1787 5137 ·
1828 5163 1846 5224 ς
1874 5152 1937 5219 Vn

1846 5198 1855 5218 θ
1940 5197 1950 5222 G
