4425 6000
723 366 730 414 l

447 511 527 587 430
678 487 848 564 Tener.
878 505 932 558 nu
961 485 1216 558 inmenens
1246 481 1473 554 Ecectsrta
1499 483 1602 557 Cer.
1623 482 1652 557 l.
1729 558 1733 565 ,

398 589 537 665 letandi,
564 602 600 653 ut
623 586 762 651 invaleat
789 587 946 650 contraria
974 581 1165 648 consuetudo
1199 579 1250 644 diu
1270 582 1372 657 privat
1393 579 1548 644 hominem
1567 582 1707 656 proxima
1734 577 1885 648 facultate
1905 604 1970 650 ra·

398 687 509 734 contra
538 688 646 733 eorum
674 666 890 732 abstinentiam
903 669 924 762 l.
951 662 998 728 lta
1019 662 1170 727 Claudius
1199 661 1284 722 candi
1301 660 1411 723 divinis
1443 660 1530 723 rebus
1553 682 1563 737 ;
1585 663 1660 723 item
1683 658 1790 726 seditio
1818 661 1880 726 dcc.
1899 664 1968 730 haec

399 749 513 828 Fleury
530 748 562 811 in
581 745 762 812 suaCanon.
1200 739 1349 819 prohiberi
1372 740 1430 804 hoc
1451 756 1620 816 praecepro‚
1640 739 1673 804 dt
1689 738 1876 806 contrahere
1895 763 1966 805 rra·

629 867 633 876 .
1201 820 1301 886 sitiam
1321 818 1483 883 mortalem
1498 834 1611 884 contra
1628 818 1833 898 Religionem.

437 1029 484 1090 De
498 1020 659 1088 violatione
675 1043 741 1101 qua·
751 1020 821 1110 fieri
838 1021 916 1101 poffit
931 1018 1030 1083 diebus
1039 1017 1123 1101 sestis
1518 984 1547 1042 ⁵·
1601 977 1645 1042 x·

597 1120 649 1181 sss
669 1103 808 1165 mmm
824 1113 962 1180 P‘sm‘·
1257 1144 1300 1201 De
1319 1133 1447 1215 operibus
1467 1157 1532 1212 quae
1551 1133 1652 1200 diebus
1664 1135 1748 1220 festis
1768 1157 1908 1203 exercere

442 1195 527 1284 ffim
553 1241 604 1296 per
634 1223 739 1299 gravia
769 1238 893 1296 peccata
929 1218 1039 1283 violari
1069 1233 1161 1294 queat
1459 1213 1560 1280 delent
1576 1218 1703 1293 fideles.

400 1301 459 1366 diei
490 1298 554 1363 sesti
575 1300 770 1369 observantia
798 1297 942 1376 permulti
970 1315 1105 1376 negant,
1124 1317 1161 1360 eo

400 1384 492 1458 quia,
512 1380 617 1464 dicunt
634 1377 707 1458 ipsr,
728 1397 853 1454 peccata
872 1378 1016 1463 mortalia
1032 1375 1162 1441 nonsmt
1239 1375 1351 1441 Diebus
1377 1370 1458 1438 sellis
1475 1378 1646 1455 generatim
1667 1394 1820 1454 praecepta
1838 1375 1910 1440 sirnt
1929 1376 1968 1439 fi·
2008 1389 2041 1441 er

399 1480 496 1539 opera
523 1457 669 1533 servilia,
700 1457 752 1522 sed
778 1475 905 1524 rantum
924 1459 1165 1534 metaphorice,
1199 1456 1315 1520 delibus
1334 1476 1426 1532 opera
1448 1456 1630 1532 Religionis,
1655 1460 1777 1532 pietatis
1798 1456 1833 1520 dc
1865 1455 2041 1520 chari-⁸¹¹⁸n

400 1557 605 1615 compeccare
626 1560 686 1601 non
708 1539 766 1601 sint
785 1536 944 1603 servorum
960 1542 1095 1614 propria,
1116 1534 1163 1598 sed
1201 1540 1294 1612 tatis,
1314 1535 1417 1613 qualia
1437 1532 1507 1597 sunt
1530 1535 1674 1599 interesse
1695 1538 1806 1599 divinis
1829 1532 1967 1615 Officiis,
1981 1528 2041 1627 Ἓξ

398 1618 852 1694 communiaomnibus,etiam
867 1615 1165 1696 nobilibus,&ver·
1199 1617 1229 1677 S.
1249 1614 1349 1679 Millae
1368 1613 1539 1691 Sacrificio,
1561 1614 1595 1678 dt
1620 1614 1777 1693 Vespesis,
1795 1614 2040 1703 concioni-,pp

398 1701 438 1766 ba
458 1701 601 1776 praecepti
623 1694 692 1762 sunt
715 1701 836 1775 proprie
865 1696 1058 1775 accipienda.
1080 1693 1165 1759 lnsu·
1200 1692 1542 1781 hus,(}arheches1bus,
1560 1715 1651 1759 orare
1664 1745 1673 1773 ,
1687 1699 1736 1773 pie
1752 1694 1897 1780 meditari
1911 1742 1920 1770 ,
1935 1696 1973 1757 li·
1986 1702 2041 1777 sliu

400 1799 452 1854 per
474 1779 529 1842 hoc
549 1780 713 1854 opponitur
731 1779 838 1854 praxi,
857 1773 891 1841 dc
923 1774 1105 1853 persuasioni
1127 1773 1164 1836 fi·
1199 1775 1266 1838 bros
1288 1776 1456 1850 spirituales
1476 1772 1810 1850 legere,Sacramenra
1840 1771 1969 1851 suscipe-
1983 1768 2041 1839 ΜΕ

398 1858 514 1922 delium
539 1856 573 1922 dt
596 1853 870 1934 confessariorum,
889 1878 960 1920 cum
983 1876 1040 1922 nec
1067 1856 1164 1933 poeni·
1202 1876 1253 1931 re,
1273 1853 1397 1918 visitare
1426 1852 1595 1930 Ecclesiae,
1615 1854 1773 1932 infirmos,
1792 1853 1827 1918 dt
1849 1858 1881 1917 in
1895 1875 1966 1919 car·
2002 1843 2039 1878 ‘¹

401 1955 503 2003 tentes
520 1933 684 2013 accusent,
698 1956 753 2000 nec
769 1933 945 2000 Consellarii
963 1951 1071 2012 petant
1086 1933 1164 1998 hanc
1200 1954 1267 1997 cere
1288 1933 1430 1998 detentos
1448 1932 1508 1998 dcc.
1531 1933 1571 1995 Et
1596 1934 1652 1997 hoc
1667 1951 1753 2010 patet
1776 1954 1817 1997 ex
1836 1934 1969 2022 Denter.

399 2012 676 2082 circumstantiam.
696 2014 877 2079 Concedunt
897 2013 1017 2092 quidem
1038 2013 1103 2089 plus
1119 2034 1165 2077 re·
1201 2034 1266 2088 cap.
1290 2035 1317 2090 5.
1333 2011 1465 2090 Observa
1488 2012 1569 2076 diem
1590 2012 1706 2077 Sabbari
1718 2064 1727 2090 ,
1744 2025 1780 2077 aa
1800 2011 1968 2091 Melicer-

399 2114 534 2174 pugnare
555 2091 608 2156 furi
630 2100 801 2171 praecepti,
830 2092 903 2157 idesl
926 2094 1035 2158 divino
1063 2093 1164 2156 cultui
1201 2114 1290 2169 tum,
1319 2095 1368 2155 ubi
1389 2094 1522 2169 explicat
1551 2091 1759 2157 catechismus
1781 2094 1970 2174 Romanus,

398 2191 560 2252 peccatum
580 2194 671 2249 quam
686 2195 761 2250 opus
782 2174 911 2252 servile,
930 2172 964 2238 dt
984 2176 1016 2235 in
1033 2171 1090 2237 tali
1100 2170 1165 2234 sen·
1201 2171 1325 2237 Sabbari
1346 2171 1427 2236 ditm
1443 2170 1611 2257 consecrari
1630 2170 1681 2236 scu
1696 2170 1969 2238 sanflsficaudrvi-

398 2252 433 2315 su
462 2250 589 2318 solvunt
627 2250 825 2318 aussoritates
853 2274 919 2329 quae
949 2252 1049 2316 solent
1075 2249 1164 2316 obiici
1202 2256 1249 2322 nis
1269 2252 1451 2326 asiionibus,
1469 2271 1504 2316 ae
1524 2248 1628 2314 lanslis
1646 2273 1746 2316 rerum
1762 2247 1896 2317 officiis»
1916 2254 1971 2317 SS.

399 2331 576 2397 Sanslorum
592 2334 740 2397 Parrum.-
760 2350 872 2411 negant
892 2349 1166 2411 tamenpeccatum
1202 2335 1283 2396 enim
1307 2331 1446 2407 Apolloli
1478 2329 1674 2396 instituerunt
1695 2333 1891 2397 Dominicam
1915 2355 1974 2407 pro

399 2409 554 2478 adversari
575 2409 749 2478 subslanriae
772 2417 915 2491 praecepti
939 2415 1076 2478 vetantis
1095 2431 1165 2489 ope·
1201 2414 1250 2476 die
1270 2408 1344 2474 fello
1365 2430 1427 2495 non
1445 2407 1539 2476 solum
1558 2412 1593 2474 ad
1617 2412 1831 2476 celebrandam
1858 2411 1970 2476 Chrilli

401 2511 436 2554 ra
458 2489 602 2568 servilia,
617 2491 650 2557 &
670 2509 782 2556 contra
805 2493 891 2557 illum
919 2489 1080 2571 specialem
1100 2490 1165 2555 rus·
1203 2493 1327 2556 Domini
1348 2489 1626 2566 Resurreilionem,
1648 2489 1694 2555 sed
1714 2495 1809 2554 etiam
1830 2495 1901 2565 quia
1922 2496 1972 2556 iu·

402 2588 487 2646 tum,
507 2572 556 2645 qui
579 2587 654 2636 tunc
678 2573 851 2647 praecipitur
872 2593 924 2648 per
952 2567 1166 2636 abstinentiam
1203 2591 1236 2635 re
1257 2568 1391 2633 naturali
1414 2587 1561 2632 tenentur
1592 2570 1727 2636 homines
1764 2571 1867 2634 colere
1891 2573 1971 2642 dien

399 2649 440 2717 ab
470 2668 562 2722 opere
582 2648 713 2712 servili.
745 2650 831 2714 Finit
859 2652 1166 2730 praecepti,aiunr,
1204 2650 1335 2723 aliquem
1352 2651 1384 2710 in
1400 2648 1457 2711 Dei
1475 2649 1645 2716 honorem:
1670 2652 1740 2713 binc
1762 2651 1862 2714 musra
1887 2651 1971 2716 Con·

297 2736 308 2756 ⁸
400 2749 464 2791 non
481 2731 596 2806 semper
616 2726 661 2791 eli
679 2748 868 2808 praeceptus:
891 2727 1027 2795 satentur
1042 2729 1165 2794 tandem
1203 2731 1272 2793 cilia
1291 2731 1493 2806 praecipnmt,
1514 2746 1550 2791 ut
1566 2729 1668 2794 diebus
1695 2727 1775 2792 sellis
1792 2729 1897 2794 sideler
1918 2732 1969 2794 do·

400 2805 661 2876 circumstantiam
677 2808 762 2874 illam
782 2807 841 2874 diei
857 2807 933 2874 sacri
954 2810 1063 2874 addere
1080 2808 1167 2871 mall·
1202 2826 1331 2873 ceantur
1347 2808 1426 2883 quod
1446 2809 1500 2870 Dei
1523 2810 1623 2873 cultui
1645 2809 1736 2874 dicati
1768 2806 1866 2889 sunt,
1887 2809 1970 2874 ideo-

397 2891 479 2952 2iam
499 2887 667 2952 venialem.
689 2888 855 2954 Affirmant
878 2910 956 2953 vero
973 2889 1042 2966 alii,
1064 2909 1098 2951 ac
1124 2885 1166 2949 su·
1204 2909 1259 2966 que
1282 2887 1451 2951 vacandum
1479 2888 1540 2950 elle
1567 2891 1682 2952 divinis
1708 2889 1856 2972 Officiis,
1887 2891 1970 2952 Con·

400 2965 517 3031 llinent
538 2963 718 3033 ausiorirate
739 2970 787 3033 SS.
807 2972 950 3045 Parrum,
970 2968 1002 3035 ὃ(
1020 2973 1117 3047 primo
1137 2966 1166 3028 S.
1203 2971 1305 3043 cioni,
1325 2969 1380 3043 piis
1395 2967 1553 3041 operibus.
1578 2969 1695 3033 Etcum
1712 2987 1800 3035 totus
1820 2969 1885 3034 dies
1903 2967 1968 3034 san·

401 3049 482 3125 Aug.
506 3043 590 3111 serm.
609 3067 657 3109 aa.
683 3049 731 3113 ubi
758 3053 825 3114 ait:
856 3051 913 3113 Ille
941 3070 1011 3112 verr
1034 3046 1167 3125 obserant
1203 3048 1379 3111 slisicaridur
1407 3044 1472 3123 sit,
1488 3050 1611 3125 Deoque
1638 3049 1861 3114 consecrandus
1882 3099 1891 3127 ‚
1912 3070 1970 3115 nou

397 3125 569 3205 ,lassatum
589 3129 640 3204 qui
666 3151 721 3191 non
740 3143 852 3206 peccam
876 3130 919 3192 ita
946 3129 1024 3191 enim
1037 3127 1168 3205 praen'pr'-
1206 3128 1301 3193 solnm
1321 3129 1505 3204 matutinis,
1524 3149 1632 3194 verum
1651 3132 1748 3193 etiam
1765 3129 1969 3205 postmeridia-

403 3220 456 3269 tur
474 3228 482 3267 :
503 3227 586 3269 omne
606 3225 674 3283 opus
697 3206 815 3284 servile
833 3230 889 3271 non
910 3208 1048 3288 sarierr's3
1074 3206 1169 3269 omnis
1205 3213 1250 3271 nis
1271 3206 1351 3270 horis
1370 3206 1483 3269 divinis
1504 3207 1595 3271 rebus
1611 3210 1862 3274 incumbendum.
1887 3208 1969 3273 lntec

403 3284 455 3363 qui
469 3282 547 3364 facit
570 3299 719 3361 petrarum
771 3288 879 3365 servus
898 3292 935 3367 est
956 3286 1083 3364 peccari.
1107 3286 1168 3349 Eo·
1204 3308 1299 3365 opera
1317 3304 1420 3349 tamen
1443 3287 1628 3366 supradisla,
1650 3289 1759 3365 quibus
1783 3310 1897 3355 vacare
1921 3290 1968 3352 de·

403 3364 471 3427 dem
499 3365 648 3449 consonat
678 3366 708 3428 S.
725 3336 815 3444 ἅτις.
839 3366 955 3429 Nissen.
977 3367 1055 3430 hom.
1081 3369 1117 3427 6..
1138 3368 1169 3426 in
1205 3369 1277 3431 bent
1303 3364 1407 3428 fideles
1427 3367 1459 3427 in
1476 3367 1524 3431 die
1541 3364 1617 3431 fello
1635 3370 1786 3453 ,auditio
1809 3369 1910 3433 nhffae
1933 3387 1970 3431 ea·

405 3443 520 3506 Ecclcl.
553 3441 631 3506 Item
656 3443 688 3505 S.
709 3445 844 3510 Thomas
863 3466 891 3507 a.
918 3466 947 3508 τ.
973 3463 1167 3521 q.122.art.
1205 3447 1248 3513 est
1276 3449 1326 3510 cui
1354 3444 1458 3508 fideles
1492 3467 1596 3510 omnes
1617 3451 1671 3513 usu
1697 3452 1829 3513 rationis
1850 3448 1971 3524 praediti

402 3545 432 3603 4.
452 3521 526 3599 ad3.
546 3522 575 3585 S.
598 3528 711 3599 pariter
727 3526 904 3591 Antoninus
922 3545 1002 3602 part.
1022 3530 1167 3603 r.rir.14
1205 3544 1379 3602 tenentur,
1406 3523 1440 3590 dc
1460 3527 1518 3590 hoc
1539 3547 1659 3593 certum
1692 3528 1735 3591 tsi
1760 3527 1839 3602 apud
1865 3545 1971 3592 omnes

402 3622 466 3679 cap.
486 3623 513 3679 4
527 3609 553 3667 §.
571 3625 600 3681 4.
611 3602 650 3667 Et
671 3607 810 3680 equidem
831 3606 893 3670 dies
910 3603 994 3683 sesti,
1014 3611 1101 3671 aiunt
1115 3603 1170 3669 hu·
1204 3607 1266 3672 sine
1288 3605 1354 3670 ulla
1368 3603 1603 3681 controversia,
1624 3629 1694 3673 nam
1715 3611 1758 3673 ita
1779 3608 1870 3672 docet
1887 3629 1968 3672 com·

405 3687 452 3744 ius
471 3678 637 3747 sententiar
657 3687 780 3759 patroni
799 3733 808 3762 ,
829 3683 899 3750 sunt
929 3705 1048 3764 tempus
1070 3685 1169 3750 deter-
1205 3690 1303 3751 munic
1319 3681 1439 3757 sensus,
1460 3684 1610 3762 &praxis
1633 3686 1794 3765 Ecclesiae,
1822 3687 1856 3752 dt
1885 3689 1972 3763 plura

402 3766 554 3826 minarum
575 3780 613 3826 ut
627 3762 766 3829 divinum
774 3785 810 3829 ac
830 3768 973 3831 naturale
983 3783 1170 3842 praeceptum
1206 3764 1401 3845 praescribunt
1418 3766 1575 3841 furnesia,
1591 3766 1638 3829 sed
1649 3769 1685 3830 de
1703 3765 1760 3832 hoc
1775 3768 1908 3832 dicemus
1916 3765 1973 3830 suo

404 3839 568 3916 impleatur
604 3841 821 3918 praescribendo
850 3864 888 3910 ut
916 3844 1018 3910 fideles
1055 3846 1170 3923 semper
1205 3850 1293 3925 loco,
1314 3865 1422 3920 nempe
1446 3847 1478 3908 in
1499 3847 1680 3923 explicando
1703 3844 1835 3913 secundo
1864 3848 1967 3913 Ectlt·

405 3920 506 4012 Deum
530 3922 654 4012 rolant,
674 3921 842 4001 divinisque
864 3925 950 3990 rebus
979 3943 1114 4003 vacent,
1134 3946 1170 3988 ea
1204 3925 1253 3991 srae
1276 3943 1446 4002 praecepro.
1869 3976 1871 3981 .

402 3998 510 4063 uncia
525 4002 658 4065 vitando
674 4023 743 4077 quar
765 4006 906 4068 adivino
925 4001 1055 4068 servitio
1071 4025 1168 4069 remo·
1245 4007 1501 4069 controvertitur
1537 4007 1617 4069 inter
1649 4006 1793 4072 Doslores
1831 4029 1906 4072 num
1934 4007 1975 4071 ad

309 4112 312 4118 >
406 4098 482 4162 vere
504 4078 640 4158 valent,
671 4084 837 4147 cuiusmodi
867 4085 937 4148 sunt
955 4105 1048 4162 opera
1069 4086 1170 4149 omnia
1205 4082 1552 4150 dieisanslificarionem
1576 4093 1699 4163 quaein
1730 4089 1918 4165 Dominicis,
1938 4089 1970 4152 &

404 4156 554 4235 servilia,
568 4157 602 4223 ἃ
623 4163 770 4238 praeci'pue
792 4181 968 4241 peccatum,
991 4184 1050 4240 quo
1070 4165 1172 4228 multo
1206 4164 1287 4231 sellis
1304 4165 1359 4227 Dei
1382 4163 1416 4229 dr
1436 4164 1576 4230 Ecclesiae
1597 4171 1744 4232 mandato
1767 4164 1973 4246 praecipitur,

404 4240 539 4316 magisa
566 4236 673 4305 divino
702 4244 830 4307 servitio
850 4244 986 4308 homines
1012 4244 1171 4309 retrahun·
1207 4262 1319 4322 praeter
1338 4243 1437 4311 Missae
1466 4242 1682 4326 auditionem,
1710 4269 1776 4324 quae
1795 4247 1970 4329 ‚specialiter

404 4332 456 4379 tur
473 4339 562 4393 qnam
587 4341 637 4395 per
657 4341 749 4398 opera
773 4324 928 4388 manualia
948 4320 999 4389 seu
1024 4321 1171 4391 servilia.
1207 4326 1353 4402 iubetur,
1370 4342 1536 4389 teneant-ur
1556 4323 1772 4392 Christisideles
1793 4329 1912 4392 adalia
1932 4347 1975 4390 re·

321 4464 327 4478 ,
405 4394 473 4489 Nec
492 4396 608 4476 officit,
632 4401 736 4466 dicunt
764 4401 815 4480 ipsi
838 4452 847 4479 ,
878 4406 1064 4482 poenitentes
1095 4404 1172 4469 hanc
1208 4407 1328 4484 ligionis
1347 4401 1510 4483 pietatisve
1525 4426 1638 4484 opera,
1659 4424 1731 4483 pista
1754 4429 1793 4474 an
1810 4400 1975 4475 convenire

403 4476 662 4568 circumstantiam
693 4482 923 4557 non,conhreri
949 4532 959 4561 ,
989 4488 1059 4561 quia
1089 4485 1174 4560 hoc,
1207 4490 1252 4550 ita
1270 4484 1402 4548 debeant
1431 4481 1544 4550 in-suis
1574 4488 1725 4552 Parochiis
1754 4489 1855 4553 blislae
1886 4490 1973 4552 Paro·

403 4550 611 4651 subiungens.
633 4563 785 4641 contingit
811 4583 852 4626 cx
867 4560 980 4628 desesiu
1003 4562 1172 4628 inllruilio·
1206 4565 1318 4643 thiasi,
1337 4566 1494 4644 concioni,
1514 4565 1718 4633 catechesibus
1730 4616 1746 4645 ,.
1760 4566 1893 4645 vesperis
1912 4568 1975 4634 det.

405 4653 480 4727 nis.
503 4637 566 4729 Aln
587 4656 690 4704 tarmen
709 4688 719 4718 ,
737 4642 844 4717 quibus
872 4644 1034 4709 assentitur
1055 4647 1086 4708 P.
1110 4648 1171 4708 An·
1208 4663 1244 4710 ut
1261 4647 1325 4710 haec
1341 4648 1545 4711 ommittendo
1564 4649 1693 4723 culpam·
1717 4653 1903 4715 incurrant.
1935 4649 1975 4710 Et

407 4730 518 4791 corne,
538 4715 745 4798 distingunt,
766 4742 806 4791 ac,
824 4724 937 4788 docent
957 4743 1082 4799 peccata
1104 4743 1172 4801 quae
1207 4730 1287 4791 circa
1304 4724 1369 4790 baec
1389 4731 1492 4790 omnia
1509 4731 1570 4791 iam
1589 4732 1805 4807 conveniunt,
1820 4726 1978 4806 quoddum

407 4793 572 4889 includunt
593 4794 752 4893 specialem
773 4800 1006 4880 oppositionem,
1032 4806 1082 4869 vel
1098 4801 1173 4869 asse·
1208 4807 1292 4870 nulla
1309 4806 1443 4883 legitima
1463 4807 1563 4873 caussa
1584 4807 1730 4889 excusat,
1751 4832 1813 4874 non
1831 4809 1892 4873 sine
1914 4808 1978 4872 cul-

407 4890 481 4939 cunt
502 4876 754 4973 impedimentum
765 4878 995 4947 sanslificationi
1007 4885 1065 4948 diei
1082 4881 1173 4965 felli,
1209 4909 1249 4966 pa
1266 4884 1376 4951 saltem
1396 4890 1511 4954 veniali
1529 4884 1643 4953 sarsit.
1668 4889 1717 4957 lre
1730 4895 1826 4956 ’inter
1847 4892 1929 4954 alios·
1943 4891 1977 4951 S.

406 4969 442 5044 ut
465 4955 595 5051 reddant
614 4957 770 5051 hominem
796 4966 971 5039 incapacem
994 4966 1172 5044 applicatio·
1210 4967 1282 5029 Th..
1303 4969 1333 5030 S.
1356 4969 1507 5033 Antonin.
1540 4972 1629 5035 citati
1660 4992 1677 5035 a
1706 4972 1850 5038 Pontasro
1881 4969 1979 5035 vtrbn

405 5052 454 5103 nu
474 5034 511 5103 ad
531 5035 655 5115 divine,
676 5038 843 5105 cuiusmodi
859 5038 902 5131 esi
934 5042 1085 5124 ebrietas,
1104 5068 1172 5124 quae
1209 5045 1283 5112 Dies·
1300 5049 1448 5119 neruimes
1463 5072 1498 5118 ac
1512 5051 1586 5131 ,sesi
1599 5049 1665 5128 casu
1690 5073 1716 5115 r.
1898 5130 1913 5192 d

1843 5134 1936 5197 Une
