<?xml version="1.0" encoding="UTF-8"?>
<!DOCTYPE html PUBLIC "-//W3C//DTD XHTML 1.0 Transitional//EN"
    "http://www.w3.org/TR/xhtml1/DTD/xhtml1-transitional.dtd">
<html xmlns="http://www.w3.org/1999/xhtml" xml:lang="en" lang="en">
 <head>
  <title>
</title>
<meta http-equiv="Content-Type" content="text/html;charset=utf-8" />
  <meta name='ocr-system' content='tesseract 3.04.00' />
  <meta name='ocr-capabilities' content='ocr_page ocr_carea ocr_par ocr_line ocrx_word'/>
</head>
<body>
  <div class='ocr_page' id='page_1' title='image "./institutionesth00boragoog_0197.png"; bbox 0 0 4425 6000; ppageno 0'>
   <div class='ocr_carea' id='block_1_1' title="bbox 238 505 1894 3000">
    <p class='ocr_par' dir='ltr' id='par_1_1' title="bbox 238 505 1894 3000">
     <span class='ocr_line' id='line_1_1' title="bbox 616 505 1808 607; baseline 0.004 -29"><span class='ocrx_word' id='word_1_1' title='bbox 616 505 1532 583; x_wconf 70' lang='lat' dir='ltr'>Tiscr.orc‹&gt;nrnncr.cis.1i.</span> <span class='ocrx_word' id='word_1_2' title='bbox 1734 511 1808 607; x_wconf 72' lang='lat'>283</span> 
     </span>
     <span class='ocr_line' id='line_1_2' title="bbox 238 601 1204 684; baseline 0.002 -16"><span class='ocrx_word' id='word_1_3' title='bbox 238 615 244 632; x_wconf 87' lang='lat'><strong>·</strong></span> <span class='ocrx_word' id='word_1_4' title='bbox 293 601 433 683; x_wconf 72' lang='lat' dir='ltr'>enpenm</span> <span class='ocrx_word' id='word_1_5' title='bbox 452 603 575 671; x_wconf 86' lang='lat' dir='ltr'>ratione</span> <span class='ocrx_word' id='word_1_6' title='bbox 593 603 766 669; x_wconf 72' lang='lat' dir='ltr'>contradus</span> <span class='ocrx_word' id='word_1_7' title='bbox 787 604 954 670; x_wconf 76' lang='lat' dir='ltr'>necessario</span> <span class='ocrx_word' id='word_1_8' title='bbox 962 602 1061 684; x_wconf 69' lang='lat' dir='ltr'>sadlisr</span> <span class='ocrx_word' id='word_1_9' title='bbox 1202 651 1204 656; x_wconf 88' lang='lat'>-</span> 
     </span>
     <span class='ocr_line' id='line_1_3' title="bbox 292 682 1545 774; baseline 0 -26"><span class='ocrx_word' id='word_1_10' title='bbox 292 688 343 751; x_wconf 87' lang='lat' dir='ltr'>ita</span> <span class='ocrx_word' id='word_1_11' title='bbox 368 703 403 749; x_wconf 89' lang='lat' dir='ltr'>ot</span> <span class='ocrx_word' id='word_1_12' title='bbox 423 701 544 760; x_wconf 78' lang='lat' dir='ltr'>emptor</span> <span class='ocrx_word' id='word_1_13' title='bbox 572 688 700 749; x_wconf 91' lang='lat' dir='ltr'>omnino</span> <span class='ocrx_word' id='word_1_14' title='bbox 725 686 871 774; x_wconf 79' lang='lat' dir='ltr'>indemnis</span> <span class='ocrx_word' id='word_1_15' title='bbox 896 682 1061 764; x_wconf 90' lang='lat' dir='ltr'>servetur,</span> <span class='ocrx_word' id='word_1_16' title='bbox 1418 694 1446 755; x_wconf 62' lang='lat' dir='ltr'>s</span> <span class='ocrx_word' id='word_1_17' title='bbox 1490 686 1545 750; x_wconf 89' lang='lat' dir='ltr'>Xl.</span> 
     </span>
     <span class='ocr_line' id='line_1_4' title="bbox 290 761 1894 927; baseline 0 -57"><span class='ocrx_word' id='word_1_18' title='bbox 290 761 597 925; x_wconf 40' lang='lat' dir='ltr'>ffiffr‘sfffl</span> <span class='ocrx_word' id='word_1_19' title='bbox 609 763 1061 927; x_wconf 38' lang='grc' dir='ltr'>ἴςᾳέὦᾞξᾞξῇξᾟ</span> <span class='ocrx_word' id='word_1_20' title='bbox 1181 812 1228 871; x_wconf 84' lang='lat' dir='ltr'>De</span> <span class='ocrx_word' id='word_1_21' title='bbox 1241 803 1424 895; x_wconf 73' lang='lat' dir='ltr'>venditionis</span> <span class='ocrx_word' id='word_1_22' title='bbox 1443 827 1544 870; x_wconf 84' lang='lat' dir='ltr'>rerum</span> <span class='ocrx_word' id='word_1_23' title='bbox 1561 801 1810 887; x_wconf 71' lang='lat' dir='ltr'>defrliuoserum,</span> <span class='ocrx_word' id='word_1_24' title='bbox 1876 797 1894 828; x_wconf 57' lang='lat'>⁸</span> 
     </span>
     <span class='ocr_line' id='line_1_5' title="bbox 290 886 1685 1006; baseline 0 -16"><span class='ocrx_word' id='word_1_25' title='bbox 290 925 471 1006; x_wconf 72' lang='lat' dir='ltr'>pbiieuiico.</span> <span class='ocrx_word' id='word_1_26' title='bbox 494 938 522 1004; x_wconf 74' lang='grc' dir='ltr'>ς.</span> <span class='ocrx_word' id='word_1_27' title='bbox 546 921 645 989; x_wconf 86' lang='lat' dir='ltr'>Debet</span> <span class='ocrx_word' id='word_1_28' title='bbox 667 923 827 990; x_wconf 88' lang='lat' dir='ltr'>refundere</span> <span class='ocrx_word' id='word_1_29' title='bbox 845 925 993 1003; x_wconf 81' lang='lat' dir='ltr'>expensas</span> <span class='ocrx_word' id='word_1_30' title='bbox 1018 929 1064 990; x_wconf 82' lang='lat' dir='ltr'>in</span> <span class='ocrx_word' id='word_1_31' title='bbox 1276 889 1330 951; x_wconf 43' lang='grc' dir='ltr'>νει</span> <span class='ocrx_word' id='word_1_32' title='bbox 1346 898 1512 949; x_wconf 60' lang='lat' dir='ltr'><em>mmmm</em></span> <span class='ocrx_word' id='word_1_33' title='bbox 1531 886 1685 950; x_wconf 52' lang='lat' dir='ltr'>&#39;&#39;amm‘&#39;</span> 
     </span>
     <span class='ocr_line' id='line_1_6' title="bbox 293 1000 1864 1083; baseline -0.003 -12"><span class='ocrx_word' id='word_1_34' title='bbox 293 1022 383 1072; x_wconf 83' lang='lat' dir='ltr'>teres</span> <span class='ocrx_word' id='word_1_35' title='bbox 402 1002 492 1071; x_wconf 74' lang='lat' dir='ltr'>salias</span> <span class='ocrx_word' id='word_1_36' title='bbox 508 1003 548 1068; x_wconf 89' lang='lat' dir='ltr'>ab</span> <span class='ocrx_word' id='word_1_37' title='bbox 565 1021 701 1081; x_wconf 79' lang='lat' dir='ltr'><strong>emptore</strong></span> <span class='ocrx_word' id='word_1_38' title='bbox 721 1002 905 1074; x_wconf 82' lang='lat' dir='ltr'>necessarias</span> <span class='ocrx_word' id='word_1_39' title='bbox 920 1051 929 1083; x_wconf 91' lang='lat'>‚</span> <span class='ocrx_word' id='word_1_40' title='bbox 945 1004 981 1071; x_wconf 86' lang='lat' dir='ltr'>dt</span> <span class='ocrx_word' id='word_1_41' title='bbox 997 1009 1062 1070; x_wconf 91' lang='lat' dir='ltr'>uri·</span> <span class='ocrx_word' id='word_1_42' title='bbox 1137 1000 1498 1067; x_wconf 81' lang='lat' dir='ltr'>communiterlentiunt</span> <span class='ocrx_word' id='word_1_43' title='bbox 1508 1000 1651 1066; x_wconf 71' lang='lat' dir='ltr'>Dostores</span> <span class='ocrx_word' id='word_1_44' title='bbox 1662 1023 1785 1079; x_wconf 89' lang='lat' dir='ltr'>peccare</span> <span class='ocrx_word' id='word_1_45' title='bbox 1793 1024 1864 1067; x_wconf 93' lang='lat' dir='ltr'>con·</span> 
     </span>
     <span class='ocr_line' id='line_1_7' title="bbox 287 1079 1862 1164; baseline -0.003 -16"><span class='ocrx_word' id='word_1_46' title='bbox 287 1086 367 1162; x_wconf 84' lang='lat' dir='ltr'>les,</span> <span class='ocrx_word' id='word_1_47' title='bbox 390 1106 463 1163; x_wconf 78' lang='lat' dir='ltr'>quas</span> <span class='ocrx_word' id='word_1_48' title='bbox 479 1079 544 1160; x_wconf 90' lang='lat' dir='ltr'>ipse</span> <span class='ocrx_word' id='word_1_49' title='bbox 560 1084 800 1164; x_wconf 78' lang='lat' dir='ltr'>consanguineus</span> <span class='ocrx_word' id='word_1_50' title='bbox 821 1133 830 1160; x_wconf 92' lang='lat'>,</span> <span class='ocrx_word' id='word_1_51' title='bbox 855 1083 888 1150; x_wconf 76' lang='grc' dir='ltr'>ἀ</span> <span class='ocrx_word' id='word_1_52' title='bbox 905 1085 1065 1151; x_wconf 84' lang='lat' dir='ltr'>retrahens·</span> <span class='ocrx_word' id='word_1_53' title='bbox 1098 1107 1147 1155; x_wconf 90' lang='lat' dir='ltr'>tra</span> <span class='ocrx_word' id='word_1_54' title='bbox 1165 1080 1326 1153; x_wconf 83' lang='lat' dir='ltr'>iustitiam.</span> <span class='ocrx_word' id='word_1_55' title='bbox 1347 1104 1383 1148; x_wconf 91' lang='lat' dir='ltr'>ac</span> <span class='ocrx_word' id='word_1_56' title='bbox 1398 1081 1563 1146; x_wconf 83' lang='lat' dir='ltr'>obnoxium</span> <span class='ocrx_word' id='word_1_57' title='bbox 1582 1080 1645 1146; x_wconf 85' lang='lat' dir='ltr'>fieri</span> <span class='ocrx_word' id='word_1_58' title='bbox 1663 1083 1862 1162; x_wconf 86' lang='lat' dir='ltr'>rellitutiorri,</span> 
     </span>
     <span class='ocr_line' id='line_1_8' title="bbox 292 1159 1863 1251; baseline -0.002 -20"><span class='ocrx_word' id='word_1_59' title='bbox 292 1159 433 1243; x_wconf 68' lang='lat' dir='ltr'>irridet,</span> <span class='ocrx_word' id='word_1_60' title='bbox 452 1163 526 1242; x_wconf 71' lang='lat' dir='ltr'>Leg-</span> <span class='ocrx_word' id='word_1_61' title='bbox 549 1162 720 1251; x_wconf 64' lang='lat' dir='ltr'>rriili&#39;rrmd.</span> <span class='ocrx_word' id='word_1_62' title='bbox 745 1166 776 1247; x_wconf 68' lang='lat' dir='ltr'><em>ff</em></span> <span class='ocrx_word' id='word_1_63' title='bbox 799 1166 835 1230; x_wconf 83' lang='lat' dir='ltr'>de</span> <span class='ocrx_word' id='word_1_64' title='bbox 860 1165 996 1246; x_wconf 64' lang='lat' dir='ltr'>imperis</span> <span class='ocrx_word' id='word_1_65' title='bbox 1029 1166 1061 1229; x_wconf 82' lang='lat' dir='ltr'>in</span> <span class='ocrx_word' id='word_1_66' title='bbox 1119 1170 1151 1231; x_wconf 93' lang='lat' dir='ltr'>ui</span> <span class='ocrx_word' id='word_1_67' title='bbox 1168 1183 1234 1227; x_wconf 89' lang='lat' dir='ltr'>rem</span> <span class='ocrx_word' id='word_1_68' title='bbox 1255 1162 1383 1239; x_wconf 86' lang='lat' dir='ltr'>vendit,</span> <span class='ocrx_word' id='word_1_69' title='bbox 1405 1183 1492 1240; x_wconf 88' lang='lat' dir='ltr'>quam</span> <span class='ocrx_word' id='word_1_70' title='bbox 1515 1161 1690 1242; x_wconf 88' lang='lat' dir='ltr'>vitiosam,</span> <span class='ocrx_word' id='word_1_71' title='bbox 1709 1162 1760 1228; x_wconf 88' lang='lat' dir='ltr'>seu</span> <span class='ocrx_word' id='word_1_72' title='bbox 1780 1161 1863 1229; x_wconf 87' lang='lat' dir='ltr'>dese·</span> 
     </span>
     <span class='ocr_line' id='line_1_9' title="bbox 293 1191 1862 1323; baseline -0.004 -12"><span class='ocrx_word' id='word_1_73' title='bbox 293 1264 342 1312; x_wconf 82' lang='lat' dir='ltr'>res</span> <span class='ocrx_word' id='word_1_74' title='bbox 362 1245 489 1310; x_wconf 68' lang='lat' dir='ltr'>dotales.</span> <span class='ocrx_word' id='word_1_75' title='bbox 511 1244 649 1323; x_wconf 74' lang='lat' dir='ltr'>4Debet</span> <span class='ocrx_word' id='word_1_76' title='bbox 667 1244 873 1322; x_wconf 90' lang='lat' dir='ltr'>suonomine,</span> <span class='ocrx_word' id='word_1_77' title='bbox 891 1247 1062 1313; x_wconf 85' lang='lat' dir='ltr'>&amp;insnum</span> <span class='ocrx_word' id='word_1_78' title='bbox 1097 1191 1229 1311; x_wconf 57' lang='lat' dir='ltr'>suniam</span> <span class='ocrx_word' id='word_1_79' title='bbox 1250 1240 1425 1321; x_wconf 78' lang='lat' dir='ltr'>cognoscit,</span> <span class='ocrx_word' id='word_1_80' title='bbox 1446 1240 1509 1306; x_wconf 88' lang='lat' dir='ltr'>sive</span> <span class='ocrx_word' id='word_1_81' title='bbox 1530 1246 1561 1303; x_wconf 92' lang='lat' dir='ltr'>in</span> <span class='ocrx_word' id='word_1_82' title='bbox 1582 1238 1768 1316; x_wconf 85' lang='lat' dir='ltr'>substantia,</span> <span class='ocrx_word' id='word_1_83' title='bbox 1790 1264 1862 1306; x_wconf 89' lang='lat' dir='ltr'>nam</span> 
     </span>
     <span class='ocr_line' id='line_1_10' title="bbox 294 1320 1864 1403; baseline -0.002 -13"><span class='ocrx_word' id='word_1_84' title='bbox 294 1329 482 1403; x_wconf 91' lang='lat' dir='ltr'>proprium,</span> <span class='ocrx_word' id='word_1_85' title='bbox 511 1345 573 1387; x_wconf 94' lang='lat' dir='ltr'>non</span> <span class='ocrx_word' id='word_1_86' title='bbox 605 1326 636 1386; x_wconf 94' lang='lat' dir='ltr'>in</span> <span class='ocrx_word' id='word_1_87' title='bbox 657 1325 783 1389; x_wconf 87' lang='lat' dir='ltr'>alterius</span> <span class='ocrx_word' id='word_1_88' title='bbox 802 1328 995 1390; x_wconf 81' lang='lat' dir='ltr'>&#39;commodum</span> <span class='ocrx_word' id='word_1_89' title='bbox 1016 1347 1063 1389; x_wconf 88' lang='lat' dir='ltr'>re·</span> <span class='ocrx_word' id='word_1_90' title='bbox 1098 1320 1354 1393; x_wconf 74' lang='lat' dir='ltr'>trrnccontrasius</span> <span class='ocrx_word' id='word_1_91' title='bbox 1364 1320 1406 1384; x_wconf 86' lang='lat' dir='ltr'>esi</span> <span class='ocrx_word' id='word_1_92' title='bbox 1423 1325 1517 1386; x_wconf 87' lang='lat' dir='ltr'>etiam</span> <span class='ocrx_word' id='word_1_93' title='bbox 1535 1321 1637 1393; x_wconf 86' lang='lat' dir='ltr'>nullus</span> <span class='ocrx_word' id='word_1_94' title='bbox 1653 1322 1691 1385; x_wconf 84' lang='lat' dir='ltr'>ob</span> <span class='ocrx_word' id='word_1_95' title='bbox 1711 1321 1864 1387; x_wconf 77' lang='lat' dir='ltr'>desedlnm</span> 
     </span>
     <span class='ocr_line' id='line_1_11' title="bbox 299 1399 1861 1487; baseline -0.003 -18"><span class='ocrx_word' id='word_1_96' title='bbox 299 1407 444 1482; x_wconf 79' lang='lat' dir='ltr'>trahere,</span> <span class='ocrx_word' id='word_1_97' title='bbox 459 1405 531 1481; x_wconf 87' lang='lat' dir='ltr'>quia</span> <span class='ocrx_word' id='word_1_98' title='bbox 548 1407 596 1466; x_wconf 86' lang='lat' dir='ltr'>ius</span> <span class='ocrx_word' id='word_1_99' title='bbox 610 1403 754 1468; x_wconf 77' lang='lat' dir='ltr'>retraslos</span> <span class='ocrx_word' id='word_1_100' title='bbox 774 1406 921 1484; x_wconf 84' lang='lat' dir='ltr'>gentilitii</span> <span class='ocrx_word' id='word_1_101' title='bbox 937 1403 1065 1470; x_wconf 90' lang='lat' dir='ltr'>seusan·</span> <span class='ocrx_word' id='word_1_102' title='bbox 1097 1401 1258 1473; x_wconf 83' lang='lat' dir='ltr'>consensus</span> <span class='ocrx_word' id='word_1_103' title='bbox 1281 1399 1503 1477; x_wconf 83' lang='lat' dir='ltr'>substantialis,</span> <span class='ocrx_word' id='word_1_104' title='bbox 1523 1400 1588 1465; x_wconf 83' lang='lat' dir='ltr'>sive</span> <span class='ocrx_word' id='word_1_105' title='bbox 1609 1404 1639 1463; x_wconf 90' lang='lat' dir='ltr'>in</span> <span class='ocrx_word' id='word_1_106' title='bbox 1660 1405 1861 1487; x_wconf 88' lang='lat' dir='ltr'>quantitate,</span> 
     </span>
     <span class='ocr_line' id='line_1_12' title="bbox 295 1480 1867 1569; baseline -0.001 -22"><span class='ocrx_word' id='word_1_107' title='bbox 295 1487 397 1566; x_wconf 70' lang='lat' dir='ltr'>guinis</span> <span class='ocrx_word' id='word_1_108' title='bbox 413 1482 456 1550; x_wconf 84' lang='lat' dir='ltr'>est</span> <span class='ocrx_word' id='word_1_109' title='bbox 474 1481 653 1561; x_wconf 87' lang='lat' dir='ltr'>personale,</span> <span class='ocrx_word' id='word_1_110' title='bbox 685 1483 817 1563; x_wconf 88' lang='lat' dir='ltr'>adeoque</span> <span class='ocrx_word' id='word_1_111' title='bbox 830 1505 994 1551; x_wconf 81' lang='lat' dir='ltr'>extraneus</span> <span class='ocrx_word' id='word_1_112' title='bbox 1010 1506 1063 1549; x_wconf 89' lang='lat' dir='ltr'>ne·</span> <span class='ocrx_word' id='word_1_113' title='bbox 1098 1484 1173 1550; x_wconf 88' lang='lat' dir='ltr'>idest</span> <span class='ocrx_word' id='word_1_114' title='bbox 1192 1503 1339 1560; x_wconf 90' lang='lat' dir='ltr'>numero,</span> <span class='ocrx_word' id='word_1_115' title='bbox 1359 1481 1512 1556; x_wconf 88' lang='lat' dir='ltr'>pondere,</span> <span class='ocrx_word' id='word_1_116' title='bbox 1531 1480 1565 1545; x_wconf 82' lang='lat' dir='ltr'>dc</span> <span class='ocrx_word' id='word_1_117' title='bbox 1583 1481 1746 1569; x_wconf 84' lang='lat' dir='ltr'>mensura,</span> <span class='ocrx_word' id='word_1_118' title='bbox 1765 1498 1802 1544; x_wconf 88' lang='lat' dir='ltr'>rrt</span> <span class='ocrx_word' id='word_1_119' title='bbox 1821 1501 1867 1545; x_wconf 81' lang='lat' dir='ltr'>ex·</span> 
     </span>
     <span class='ocr_line' id='line_1_13' title="bbox 293 1558 1861 1650; baseline -0.002 -22"><span class='ocrx_word' id='word_1_120' title='bbox 293 1569 362 1643; x_wconf 83' lang='lat' dir='ltr'>quit</span> <span class='ocrx_word' id='word_1_121' title='bbox 392 1565 451 1628; x_wconf 89' lang='lat' dir='ltr'>esse</span> <span class='ocrx_word' id='word_1_122' title='bbox 474 1610 483 1640; x_wconf 94' lang='lat'>,</span> <span class='ocrx_word' id='word_1_123' title='bbox 510 1564 560 1628; x_wconf 83' lang='lat' dir='ltr'>vel</span> <span class='ocrx_word' id='word_1_124' title='bbox 579 1561 646 1626; x_wconf 86' lang='lat' dir='ltr'>lieri</span> <span class='ocrx_word' id='word_1_125' title='bbox 675 1568 739 1629; x_wconf 83' lang='lat' dir='ltr'>eius</span> <span class='ocrx_word' id='word_1_126' title='bbox 764 1568 914 1644; x_wconf 82' lang='lat' dir='ltr'>particeps</span> <span class='ocrx_word' id='word_1_127' title='bbox 935 1589 950 1644; x_wconf 69' lang='grc' dir='ltr'><strong><em>ς</em></strong></span> <span class='ocrx_word' id='word_1_128' title='bbox 973 1568 1063 1631; x_wconf 87' lang='lat' dir='ltr'>aliter</span> <span class='ocrx_word' id='word_1_129' title='bbox 1098 1567 1319 1632; x_wconf 88' lang='lat' dir='ltr'>Deuteronom.</span> <span class='ocrx_word' id='word_1_130' title='bbox 1341 1584 1387 1641; x_wconf 87' lang='lat'>25.</span> <span class='ocrx_word' id='word_1_131' title='bbox 1404 1584 1469 1650; x_wconf 30' lang='lat' dir='ltr'>‚non</span> <span class='ocrx_word' id='word_1_132' title='bbox 1488 1558 1602 1624; x_wconf 78' lang='lat' dir='ltr'>habebis</span> <span class='ocrx_word' id='word_1_133' title='bbox 1622 1558 1740 1649; x_wconf 69' lang='lat' dir='ltr'>diuersa</span> <span class='ocrx_word' id='word_1_134' title='bbox 1753 1560 1861 1638; x_wconf 83' lang='lat' dir='ltr'>pondr-</span> 
     </span>
     <span class='ocr_line' id='line_1_14' title="bbox 263 1638 1866 1729; baseline -0.004 -18"><span class='ocrx_word' id='word_1_135' title='bbox 263 1661 406 1711; x_wconf 82' lang='lat' dir='ltr'>·rueret</span> <span class='ocrx_word' id='word_1_136' title='bbox 423 1661 538 1708; x_wconf 77' lang='lat' dir='ltr'>natum</span> <span class='ocrx_word' id='word_1_137' title='bbox 558 1642 733 1721; x_wconf 75' lang='lat' dir='ltr'>retrasius,</span> <span class='ocrx_word' id='word_1_138' title='bbox 758 1649 807 1723; x_wconf 87' lang='lat' dir='ltr'>qui</span> <span class='ocrx_word' id='word_1_139' title='bbox 832 1664 867 1708; x_wconf 93' lang='lat' dir='ltr'>ut</span> <span class='ocrx_word' id='word_1_140' title='bbox 898 1649 959 1711; x_wconf 83' lang='lat' dir='ltr'>iarn</span> <span class='ocrx_word' id='word_1_141' title='bbox 982 1647 1061 1711; x_wconf 85' lang='lat' dir='ltr'>dixi·</span> <span class='ocrx_word' id='word_1_142' title='bbox 1099 1643 1287 1722; x_wconf 60' lang='lat' dir='ltr'>remeius,</span> <span class='ocrx_word' id='word_1_143' title='bbox 1309 1640 1350 1711; x_wconf 63' lang='grc' dir='ltr'>(φ</span> <span class='ocrx_word' id='word_1_144' title='bbox 1365 1662 1465 1705; x_wconf 77' lang='lat' dir='ltr'>minus</span> <span class='ocrx_word' id='word_1_145' title='bbox 1476 1685 1560 1704; x_wconf 92' lang='grc'><strong>........</strong></span> <span class='ocrx_word' id='word_1_146' title='bbox 1581 1638 1765 1729; x_wconf 58' lang='lat' dir='ltr'>abominatur</span> <span class='ocrx_word' id='word_1_147' title='bbox 1780 1640 1866 1704; x_wconf 82' lang='lat' dir='ltr'>eninr</span> 
     </span>
     <span class='ocr_line' id='line_1_15' title="bbox 295 1719 1861 1803; baseline -0.004 -15"><span class='ocrx_word' id='word_1_148' title='bbox 295 1747 365 1788; x_wconf 90' lang='lat' dir='ltr'>mus</span> <span class='ocrx_word' id='word_1_149' title='bbox 382 1772 396 1801; x_wconf 86' lang='lat'>,</span> <span class='ocrx_word' id='word_1_150' title='bbox 415 1720 551 1788; x_wconf 70' lang='lat' dir='ltr'>indutias</span> <span class='ocrx_word' id='word_1_151' title='bbox 563 1722 608 1786; x_wconf 87' lang='lat' dir='ltr'>est</span> <span class='ocrx_word' id='word_1_152' title='bbox 629 1744 667 1787; x_wconf 91' lang='lat' dir='ltr'>ne</span> <span class='ocrx_word' id='word_1_153' title='bbox 683 1723 874 1801; x_wconf 87' lang='lat' dir='ltr'>pollesliones</span> <span class='ocrx_word' id='word_1_154' title='bbox 896 1731 1031 1803; x_wconf 81' lang='lat' dir='ltr'>pate&#39;rnae</span> <span class='ocrx_word' id='word_1_155' title='bbox 1054 1773 1063 1803; x_wconf 91' lang='lat'>,</span> <span class='ocrx_word' id='word_1_156' title='bbox 1098 1725 1239 1792; x_wconf 73' lang='lat' dir='ltr'>Domirnu</span> <span class='ocrx_word' id='word_1_157' title='bbox 1255 1730 1332 1786; x_wconf 82' lang='lat' dir='ltr'>Deus</span> <span class='ocrx_word' id='word_1_158' title='bbox 1358 1736 1429 1785; x_wconf 76' lang='lat' dir='ltr'>auur</span> <span class='ocrx_word' id='word_1_159' title='bbox 1454 1743 1542 1797; x_wconf 84' lang='lat' dir='ltr'>eum,</span> <span class='ocrx_word' id='word_1_160' title='bbox 1557 1739 1607 1799; x_wconf 75' lang='lat' dir='ltr'>qur</span> <span class='ocrx_word' id='word_1_161' title='bbox 1620 1719 1701 1797; x_wconf 76' lang='lat' dir='ltr'>sarri</span> <span class='ocrx_word' id='word_1_162' title='bbox 1718 1720 1803 1799; x_wconf 55' lang='grc' dir='ltr'>ἕως</span> <span class='ocrx_word' id='word_1_163' title='bbox 1826 1721 1861 1783; x_wconf 90' lang='lat' dir='ltr'>li·</span> 
     </span>
     <span class='ocr_line' id='line_1_16' title="bbox 294 1799 1867 1881; baseline -0.005 -10"><span class='ocrx_word' id='word_1_164' title='bbox 294 1804 330 1871; x_wconf 82' lang='lat' dir='ltr'>dr</span> <span class='ocrx_word' id='word_1_165' title='bbox 351 1808 449 1869; x_wconf 80' lang='lat' dir='ltr'>avitae</span> <span class='ocrx_word' id='word_1_166' title='bbox 470 1801 627 1867; x_wconf 89' lang='lat' dir='ltr'>transeant</span> <span class='ocrx_word' id='word_1_167' title='bbox 649 1804 687 1867; x_wconf 91' lang='lat' dir='ltr'>ad</span> <span class='ocrx_word' id='word_1_168' title='bbox 702 1821 882 1870; x_wconf 80' lang='lat' dir='ltr'>extraneos.</span> <span class='ocrx_word' id='word_1_169' title='bbox 911 1807 960 1870; x_wconf 89' lang='lat' dir='ltr'>Ita</span> <span class='ocrx_word' id='word_1_170' title='bbox 981 1828 1062 1870; x_wconf 91' lang='lat' dir='ltr'>com·</span> <span class='ocrx_word' id='word_1_171' title='bbox 1098 1827 1139 1873; x_wconf 84' lang='lat' dir='ltr'>ve</span> <span class='ocrx_word' id='word_1_172' title='bbox 1178 1810 1210 1867; x_wconf 93' lang='lat' dir='ltr'>in</span> <span class='ocrx_word' id='word_1_173' title='bbox 1242 1806 1395 1881; x_wconf 84' lang='lat' dir='ltr'>qualitate</span> <span class='ocrx_word' id='word_1_174' title='bbox 1419 1799 1481 1864; x_wconf 84' lang='lat' dir='ltr'>fine</span> <span class='ocrx_word' id='word_1_175' title='bbox 1518 1803 1609 1876; x_wconf 88' lang='lat' dir='ltr'>pretii</span> <span class='ocrx_word' id='word_1_176' title='bbox 1629 1800 1867 1879; x_wconf 75' lang='lat' dir='ltr'>diminutione,</span> 
     </span>
     <span class='ocr_line' id='line_1_17' title="bbox 294 1880 1863 1960; baseline -0.003 -13"><span class='ocrx_word' id='word_1_177' title='bbox 294 1887 448 1948; x_wconf 79' lang='lat' dir='ltr'>munitet.</span> <span class='ocrx_word' id='word_1_178' title='bbox 483 1883 564 1946; x_wconf 88' lang='lat' dir='ltr'>Hinc</span> <span class='ocrx_word' id='word_1_179' title='bbox 581 1902 707 1960; x_wconf 88' lang='lat' dir='ltr'>peccant</span> <span class='ocrx_word' id='word_1_180' title='bbox 727 1904 839 1949; x_wconf 84' lang='lat' dir='ltr'>contra</span> <span class='ocrx_word' id='word_1_181' title='bbox 862 1886 1007 1949; x_wconf 82' lang='lat' dir='ltr'>iustitiam</span> <span class='ocrx_word' id='word_1_182' title='bbox 1030 1906 1056 1948; x_wconf 83' lang='lat'>1.</span> <span class='ocrx_word' id='word_1_183' title='bbox 1099 1883 1219 1951; x_wconf 83' lang='lat' dir='ltr'>tametsi</span> <span class='ocrx_word' id='word_1_184' title='bbox 1238 1889 1352 1949; x_wconf 89' lang='lat' dir='ltr'>vitium</span> <span class='ocrx_word' id='word_1_185' title='bbox 1367 1903 1429 1946; x_wconf 93' lang='lat' dir='ltr'>non</span> <span class='ocrx_word' id='word_1_186' title='bbox 1451 1881 1486 1945; x_wconf 91' lang='lat' dir='ltr'>srt</span> <span class='ocrx_word' id='word_1_187' title='bbox 1508 1883 1734 1957; x_wconf 62' lang='lat' dir='ltr'>noxiumque</span> <span class='ocrx_word' id='word_1_188' title='bbox 1752 1883 1783 1942; x_wconf 92' lang='lat' dir='ltr'>in</span> <span class='ocrx_word' id='word_1_189' title='bbox 1816 1880 1863 1943; x_wconf 91' lang='lat' dir='ltr'>hi·</span> 
     </span>
     <span class='ocr_line' id='line_1_18' title="bbox 295 1959 1863 2046; baseline -0.003 -19"><span class='ocrx_word' id='word_1_190' title='bbox 295 1968 347 2042; x_wconf 90' lang='lat' dir='ltr'>qui</span> <span class='ocrx_word' id='word_1_191' title='bbox 376 1962 521 2025; x_wconf 84' lang='lat' dir='ltr'>simulata</span> <span class='ocrx_word' id='word_1_192' title='bbox 549 1967 807 2046; x_wconf 69' lang='lat' dir='ltr'>permutatione,</span> <span class='ocrx_word' id='word_1_193' title='bbox 833 1984 888 2030; x_wconf 87' lang='lat' dir='ltr'>aot</span> <span class='ocrx_word' id='word_1_194' title='bbox 909 1967 970 2029; x_wconf 89' lang='lat' dir='ltr'>alio</span> <span class='ocrx_word' id='word_1_195' title='bbox 989 1987 1061 2031; x_wconf 92' lang='lat' dir='ltr'>con·</span> <span class='ocrx_word' id='word_1_196' title='bbox 1100 1959 1147 2032; x_wconf 89' lang='lat' dir='ltr'>sce</span> <span class='ocrx_word' id='word_1_197' title='bbox 1167 1962 1280 2029; x_wconf 77' lang='lat' dir='ltr'>casibus</span> <span class='ocrx_word' id='word_1_198' title='bbox 1297 1964 1419 2028; x_wconf 91' lang='lat' dir='ltr'>tollitur</span> <span class='ocrx_word' id='word_1_199' title='bbox 1434 1962 1615 2040; x_wconf 78' lang='lat' dir='ltr'>equalitas,</span> <span class='ocrx_word' id='word_1_200' title='bbox 1640 1982 1708 2037; x_wconf 80' lang='lat' dir='ltr'>quae</span> <span class='ocrx_word' id='word_1_201' title='bbox 1737 1963 1863 2037; x_wconf 92' lang='lat' dir='ltr'>requiri·</span> 
     </span>
     <span class='ocr_line' id='line_1_19' title="bbox 296 2038 1863 2116; baseline -0.004 -9"><span class='ocrx_word' id='word_1_202' title='bbox 296 2042 397 2108; x_wconf 74' lang='lat' dir='ltr'>ostiu</span> <span class='ocrx_word' id='word_1_203' title='bbox 422 2043 583 2106; x_wconf 87' lang='lat' dir='ltr'>occultant</span> <span class='ocrx_word' id='word_1_204' title='bbox 620 2044 833 2110; x_wconf 82' lang='lat' dir='ltr'>venditionem</span> <span class='ocrx_word' id='word_1_205' title='bbox 863 2049 894 2107; x_wconf 92' lang='lat' dir='ltr'>in</span> <span class='ocrx_word' id='word_1_206' title='bbox 925 2041 1062 2110; x_wconf 90' lang='lat' dir='ltr'>startdem</span> <span class='ocrx_word' id='word_1_207' title='bbox 1099 2066 1152 2110; x_wconf 91' lang='lat' dir='ltr'>tur</span> <span class='ocrx_word' id='word_1_208' title='bbox 1173 2045 1211 2110; x_wconf 87' lang='lat' dir='ltr'>ad</span> <span class='ocrx_word' id='word_1_209' title='bbox 1227 2042 1393 2107; x_wconf 86' lang='lat' dir='ltr'>iustitiam:</span> <span class='ocrx_word' id='word_1_210' title='bbox 1415 2063 1486 2105; x_wconf 86' lang='lat' dir='ltr'>narn</span> <span class='ocrx_word' id='word_1_211' title='bbox 1516 2062 1586 2104; x_wconf 92' lang='lat' dir='ltr'>cum</span> <span class='ocrx_word' id='word_1_212' title='bbox 1607 2060 1652 2104; x_wconf 88' lang='lat' dir='ltr'>res</span> <span class='ocrx_word' id='word_1_213' title='bbox 1673 2038 1863 2116; x_wconf 85' lang='lat' dir='ltr'>deficit,id·</span> 
     </span>
     <span class='ocr_line' id='line_1_20' title="bbox 257 2120 1862 2208; baseline -0.004 -21"><span class='ocrx_word' id='word_1_214' title='bbox 257 2163 281 2208; x_wconf 42' lang='lat' dir='ltr'>q</span> <span class='ocrx_word' id='word_1_215' title='bbox 295 2120 606 2201; x_wconf 80' lang='lat' dir='ltr'>consanguineorum.</span> <span class='ocrx_word' id='word_1_216' title='bbox 636 2143 665 2183; x_wconf 85' lang='lat'>2.</span> <span class='ocrx_word' id='word_1_217' title='bbox 682 2125 747 2197; x_wconf 91' lang='lat' dir='ltr'>Qui</span> <span class='ocrx_word' id='word_1_218' title='bbox 765 2124 885 2203; x_wconf 83' lang='lat' dir='ltr'>fingunt</span> <span class='ocrx_word' id='word_1_219' title='bbox 902 2124 931 2188; x_wconf 91' lang='lat' dir='ltr'>se</span> <span class='ocrx_word' id='word_1_220' title='bbox 951 2128 1059 2189; x_wconf 89' lang='lat' dir='ltr'>maiori</span> <span class='ocrx_word' id='word_1_221' title='bbox 1097 2125 1140 2189; x_wconf 86' lang='lat' dir='ltr'>est</span> <span class='ocrx_word' id='word_1_222' title='bbox 1158 2123 1270 2190; x_wconf 84' lang='lat' dir='ltr'>vitiosa</span> <span class='ocrx_word' id='word_1_223' title='bbox 1290 2121 1326 2191; x_wconf 90' lang='lat' dir='ltr'>srt</span> <span class='ocrx_word' id='word_1_224' title='bbox 1343 2126 1375 2185; x_wconf 89' lang='lat' dir='ltr'>in</span> <span class='ocrx_word' id='word_1_225' title='bbox 1392 2125 1594 2198; x_wconf 83' lang='lat' dir='ltr'>quantitate,</span> <span class='ocrx_word' id='word_1_226' title='bbox 1608 2120 1659 2182; x_wconf 89' lang='lat' dir='ltr'>vel</span> <span class='ocrx_word' id='word_1_227' title='bbox 1681 2120 1862 2197; x_wconf 82' lang='lat' dir='ltr'>qualitate,</span> 
     </span>
     <span class='ocr_line' id='line_1_21' title="bbox 295 2198 1863 2282; baseline 0.001 -17"><span class='ocrx_word' id='word_1_228' title='bbox 295 2204 398 2282; x_wconf 83' lang='lat' dir='ltr'>pretio</span> <span class='ocrx_word' id='word_1_229' title='bbox 415 2198 518 2265; x_wconf 82' lang='lat' dir='ltr'>emisse</span> <span class='ocrx_word' id='word_1_230' title='bbox 538 2223 628 2277; x_wconf 87' lang='lat' dir='ltr'>quam</span> <span class='ocrx_word' id='word_1_231' title='bbox 653 2223 761 2267; x_wconf 79' lang='lat' dir='ltr'>revera</span> <span class='ocrx_word' id='word_1_232' title='bbox 786 2210 918 2268; x_wconf 85' lang='lat' dir='ltr'>emerint</span> <span class='ocrx_word' id='word_1_233' title='bbox 947 2204 984 2269; x_wconf 84' lang='lat' dir='ltr'>ad</span> <span class='ocrx_word' id='word_1_234' title='bbox 1011 2204 1062 2268; x_wconf 92' lang='lat' dir='ltr'>de·</span> <span class='ocrx_word' id='word_1_235' title='bbox 1099 2210 1203 2270; x_wconf 89' lang='lat' dir='ltr'>minus·</span> <span class='ocrx_word' id='word_1_236' title='bbox 1218 2204 1304 2267; x_wconf 87' lang='lat' dir='ltr'>valet</span> <span class='ocrx_word' id='word_1_237' title='bbox 1322 2223 1412 2279; x_wconf 87' lang='lat' dir='ltr'>quam</span> <span class='ocrx_word' id='word_1_238' title='bbox 1433 2206 1551 2278; x_wconf 80' lang='lat' dir='ltr'>integra</span> <span class='ocrx_word' id='word_1_239' title='bbox 1572 2199 1605 2264; x_wconf 75' lang='grc' dir='ltr'>δι</span> <span class='ocrx_word' id='word_1_240' title='bbox 1621 2201 1721 2275; x_wconf 83' lang='lat' dir='ltr'>bona,</span> <span class='ocrx_word' id='word_1_241' title='bbox 1742 2220 1778 2263; x_wconf 88' lang='lat' dir='ltr'>ac</span> <span class='ocrx_word' id='word_1_242' title='bbox 1795 2199 1863 2266; x_wconf 80' lang='lat' dir='ltr'>ideo</span> 
     </span>
     <span class='ocr_line' id='line_1_22' title="bbox 294 2278 1859 2366; baseline -0.002 -19"><span class='ocrx_word' id='word_1_243' title='bbox 294 2278 470 2347; x_wconf 79' lang='lat' dir='ltr'>tenendum</span> <span class='ocrx_word' id='word_1_244' title='bbox 488 2279 750 2361; x_wconf 78' lang='lat' dir='ltr'>consanguineum</span> <span class='ocrx_word' id='word_1_245' title='bbox 768 2304 787 2347; x_wconf 88' lang='lat' dir='ltr'>a</span> <span class='ocrx_word' id='word_1_246' title='bbox 807 2284 972 2360; x_wconf 87' lang='lat' dir='ltr'>repetenda</span> <span class='ocrx_word' id='word_1_247' title='bbox 992 2282 1062 2362; x_wconf 87' lang='lat' dir='ltr'>pos·</span> <span class='ocrx_word' id='word_1_248' title='bbox 1098 2306 1160 2350; x_wconf 93' lang='lat' dir='ltr'>non</span> <span class='ocrx_word' id='word_1_249' title='bbox 1188 2281 1424 2358; x_wconf 81' lang='lat' dir='ltr'>stataequalitas</span> <span class='ocrx_word' id='word_1_250' title='bbox 1442 2287 1523 2345; x_wconf 86' lang='lat' dir='ltr'>inter</span> <span class='ocrx_word' id='word_1_251' title='bbox 1554 2300 1617 2345; x_wconf 88' lang='lat' dir='ltr'>reru</span> <span class='ocrx_word' id='word_1_252' title='bbox 1639 2278 1673 2343; x_wconf 90' lang='lat'>&amp;</span> <span class='ocrx_word' id='word_1_253' title='bbox 1700 2283 1859 2366; x_wconf 72' lang='lat' dir='ltr'>pretium.</span> 
     </span>
     <span class='ocr_line' id='line_1_23' title="bbox 299 2357 1865 2439; baseline -0.002 -16"><span class='ocrx_word' id='word_1_254' title='bbox 299 2357 428 2425; x_wconf 80' lang='lat' dir='ltr'>sessione</span> <span class='ocrx_word' id='word_1_255' title='bbox 449 2377 601 2437; x_wconf 88' lang='lat' dir='ltr'>paterna.</span> <span class='ocrx_word' id='word_1_256' title='bbox 632 2362 691 2427; x_wconf 88' lang='lat' dir='ltr'>Hic</span> <span class='ocrx_word' id='word_1_257' title='bbox 712 2364 797 2426; x_wconf 90' lang='lat' dir='ltr'>enirn·</span> <span class='ocrx_word' id='word_1_258' title='bbox 820 2368 994 2428; x_wconf 87' lang='lat' dir='ltr'>committit</span> <span class='ocrx_word' id='word_1_259' title='bbox 1010 2365 1061 2427; x_wconf 90' lang='lat' dir='ltr'>do·</span> <span class='ocrx_word' id='word_1_260' title='bbox 1098 2367 1180 2429; x_wconf 89' lang='lat' dir='ltr'>Hinc</span> <span class='ocrx_word' id='word_1_261' title='bbox 1202 2384 1263 2427; x_wconf 95' lang='lat' dir='ltr'>non</span> <span class='ocrx_word' id='word_1_262' title='bbox 1286 2360 1383 2439; x_wconf 87' lang='lat' dir='ltr'>potest</span> <span class='ocrx_word' id='word_1_263' title='bbox 1407 2363 1497 2425; x_wconf 83' lang='lat' dir='ltr'>vendi</span> <span class='ocrx_word' id='word_1_264' title='bbox 1518 2357 1571 2422; x_wconf 89' lang='lat' dir='ltr'>nist</span> <span class='ocrx_word' id='word_1_265' title='bbox 1596 2362 1697 2437; x_wconf 90' lang='lat' dir='ltr'>pretio</span> <span class='ocrx_word' id='word_1_266' title='bbox 1723 2362 1832 2423; x_wconf 92' lang='lat' dir='ltr'>rninori</span> <span class='ocrx_word' id='word_1_267' title='bbox 1850 2406 1865 2436; x_wconf 94' lang='lat'>,.</span> 
     </span>
     <span class='ocr_line' id='line_1_24' title="bbox 296 2441 1863 2522; baseline -0.001 -18"><span class='ocrx_word' id='word_1_268' title='bbox 296 2441 380 2516; x_wconf 84' lang='lat' dir='ltr'>ium,</span> <span class='ocrx_word' id='word_1_269' title='bbox 400 2442 500 2516; x_wconf 91' lang='lat' dir='ltr'>quiin</span> <span class='ocrx_word' id='word_1_270' title='bbox 522 2442 717 2507; x_wconf 88' lang='lat' dir='ltr'>iuredicitur</span> <span class='ocrx_word' id='word_1_271' title='bbox 735 2443 934 2522; x_wconf 77' lang='lat' dir='ltr'>stellionatus,</span> <span class='ocrx_word' id='word_1_272' title='bbox 954 2464 1061 2519; x_wconf 84' lang='lat' dir='ltr'>nempe</span> <span class='ocrx_word' id='word_1_273' title='bbox 1097 2447 1131 2512; x_wconf 70' lang='grc' dir='ltr'>ἃ</span> <span class='ocrx_word' id='word_1_274' title='bbox 1152 2443 1321 2521; x_wconf 84' lang='lat' dir='ltr'>siqualitas</span> <span class='ocrx_word' id='word_1_275' title='bbox 1357 2445 1401 2506; x_wconf 89' lang='lat' dir='ltr'>rei</span> <span class='ocrx_word' id='word_1_276' title='bbox 1428 2443 1464 2506; x_wconf 88' lang='lat' dir='ltr'>lit</span> <span class='ocrx_word' id='word_1_277' title='bbox 1489 2443 1586 2504; x_wconf 90' lang='lat' dir='ltr'>etiam</span> <span class='ocrx_word' id='word_1_278' title='bbox 1615 2443 1728 2514; x_wconf 83' lang='lat' dir='ltr'>noxia,</span> <span class='ocrx_word' id='word_1_279' title='bbox 1751 2441 1863 2510; x_wconf 37' lang='lat' dir='ltr'>vendi-v</span> 
     </span>
     <span class='ocr_line' id='line_1_25' title="bbox 294 2516 1860 2602; baseline 0.001 -18"><span class='ocrx_word' id='word_1_280' title='bbox 294 2517 472 2584; x_wconf 78' lang='lat' dir='ltr'>contraditis</span> <span class='ocrx_word' id='word_1_281' title='bbox 495 2517 732 2598; x_wconf 74' lang='lat' dir='ltr'>fraudulentus)</span> <span class='ocrx_word' id='word_1_282' title='bbox 753 2522 786 2587; x_wconf 76' lang='grc' dir='ltr'>δι</span> <span class='ocrx_word' id='word_1_283' title='bbox 805 2526 913 2588; x_wconf 79' lang='lat' dir='ltr'>iniuste</span> <span class='ocrx_word' id='word_1_284' title='bbox 934 2525 1060 2602; x_wconf 91' lang='lat' dir='ltr'>impedit</span> <span class='ocrx_word' id='word_1_285' title='bbox 1098 2547 1152 2591; x_wconf 90' lang='lat' dir='ltr'>tor</span> <span class='ocrx_word' id='word_1_286' title='bbox 1167 2541 1292 2588; x_wconf 88' lang='lat' dir='ltr'>tenetur</span> <span class='ocrx_word' id='word_1_287' title='bbox 1311 2525 1443 2598; x_wconf 86' lang='lat' dir='ltr'>emptori</span> <span class='ocrx_word' id='word_1_288' title='bbox 1461 2522 1502 2585; x_wconf 93' lang='lat' dir='ltr'>de·</span> <span class='ocrx_word' id='word_1_289' title='bbox 1521 2521 1653 2596; x_wconf 87' lang='lat' dir='ltr'>damno,</span> <span class='ocrx_word' id='word_1_290' title='bbox 1675 2541 1745 2583; x_wconf 89' lang='lat' dir='ltr'>curn</span> <span class='ocrx_word' id='word_1_291' title='bbox 1765 2516 1860 2584; x_wconf 77' lang='lat' dir='ltr'>suerit</span> 
     </span>
     <span class='ocr_line' id='line_1_26' title="bbox 274 2595 1866 2676; baseline -0.003 -11"><span class='ocrx_word' id='word_1_292' title='bbox 274 2595 533 2676; x_wconf 62' lang='lat' dir='ltr'>&#39;consanguinem</span> <span class='ocrx_word' id='word_1_293' title='bbox 549 2602 717 2670; x_wconf 88' lang='lat' dir='ltr'>venditoris</span> <span class='ocrx_word' id='word_1_294' title='bbox 735 2601 1060 2670; x_wconf 81' lang='lat' dir='ltr'>acoosecutioneboni</span> <span class='ocrx_word' id='word_1_295' title='bbox 1098 2604 1204 2669; x_wconf 86' lang='lat' dir='ltr'>inirrlla</span> <span class='ocrx_word' id='word_1_296' title='bbox 1231 2605 1313 2666; x_wconf 89' lang='lat' dir='ltr'>illius</span> <span class='ocrx_word' id='word_1_297' title='bbox 1332 2603 1456 2665; x_wconf 66' lang='lat' dir='ltr'>caussa,</span> <span class='ocrx_word' id='word_1_298' title='bbox 1478 2602 1556 2664; x_wconf 90' lang='lat' dir='ltr'>ltem</span> <span class='ocrx_word' id='word_1_299' title='bbox 1580 2603 1630 2676; x_wconf 92' lang='lat' dir='ltr'>qui</span> <span class='ocrx_word' id='word_1_300' title='bbox 1659 2600 1764 2662; x_wconf 91' lang='lat' dir='ltr'>vendit</span> <span class='ocrx_word' id='word_1_301' title='bbox 1796 2620 1866 2663; x_wconf 86' lang='lat' dir='ltr'>rern·</span> 
     </span>
     <span class='ocr_line' id='line_1_27' title="bbox 295 2678 1862 2760; baseline -0.001 -18"><span class='ocrx_word' id='word_1_302' title='bbox 295 2678 331 2742; x_wconf 85' lang='lat' dir='ltr'>ad</span> <span class='ocrx_word' id='word_1_303' title='bbox 344 2697 437 2755; x_wconf 84' lang='lat' dir='ltr'>quern</span> <span class='ocrx_word' id='word_1_304' title='bbox 457 2684 612 2754; x_wconf 69' lang='lat' dir='ltr'>privative</span> <span class='ocrx_word' id='word_1_305' title='bbox 633 2681 739 2757; x_wconf 78' lang='lat' dir='ltr'>quoad</span> <span class='ocrx_word' id='word_1_306' title='bbox 759 2680 852 2757; x_wconf 90' lang='lat' dir='ltr'>ipsum</span> <span class='ocrx_word' id='word_1_307' title='bbox 869 2704 1060 2751; x_wconf 81' lang='lat' dir='ltr'>extraneum·</span> <span class='ocrx_word' id='word_1_308' title='bbox 1097 2690 1228 2751; x_wconf 63' lang='lat' dir='ltr'>mixtam</span> <span class='ocrx_word' id='word_1_309' title='bbox 1246 2685 1306 2746; x_wconf 90' lang='lat' dir='ltr'>alia</span> <span class='ocrx_word' id='word_1_310' title='bbox 1324 2684 1448 2760; x_wconf 88' lang='lat' dir='ltr'>viliori,</span> <span class='ocrx_word' id='word_1_311' title='bbox 1469 2699 1544 2758; x_wconf 86' lang='lat' dir='ltr'>puta</span> <span class='ocrx_word' id='word_1_312' title='bbox 1561 2688 1669 2743; x_wconf 89' lang='lat' dir='ltr'>vinum</span> <span class='ocrx_word' id='word_1_313' title='bbox 1685 2699 1764 2755; x_wconf 87' lang='lat' dir='ltr'>aqua</span> <span class='ocrx_word' id='word_1_314' title='bbox 1780 2688 1862 2742; x_wconf 82' lang='lat' dir='ltr'>mix·</span> 
     </span>
     <span class='ocr_line' id='line_1_28' title="bbox 293 2758 1858 2841; baseline 0.001 -20"><span class='ocrx_word' id='word_1_315' title='bbox 293 2777 407 2822; x_wconf 86' lang='lat' dir='ltr'>verum</span> <span class='ocrx_word' id='word_1_316' title='bbox 431 2760 478 2821; x_wconf 83' lang='lat' dir='ltr'>ius</span> <span class='ocrx_word' id='word_1_317' title='bbox 503 2758 631 2823; x_wconf 82' lang='lat' dir='ltr'>liabent.</span> <span class='ocrx_word' id='word_1_318' title='bbox 664 2759 795 2824; x_wconf 91' lang='lat' dir='ltr'>Undesr</span> <span class='ocrx_word' id='word_1_319' title='bbox 819 2783 863 2827; x_wconf 85' lang='lat' dir='ltr'>err</span> <span class='ocrx_word' id='word_1_320' title='bbox 887 2765 944 2829; x_wconf 89' lang='lat' dir='ltr'>tali</span> <span class='ocrx_word' id='word_1_321' title='bbox 960 2763 1060 2829; x_wconf 90' lang='lat' dir='ltr'>dolosa</span> <span class='ocrx_word' id='word_1_322' title='bbox 1097 2785 1192 2841; x_wconf 92' lang='lat' dir='ltr'>tum,</span> <span class='ocrx_word' id='word_1_323' title='bbox 1214 2764 1263 2826; x_wconf 87' lang='lat' dir='ltr'>vel</span> <span class='ocrx_word' id='word_1_324' title='bbox 1288 2760 1417 2825; x_wconf 86' lang='lat' dir='ltr'>farinam</span> <span class='ocrx_word' id='word_1_325' title='bbox 1443 2764 1600 2826; x_wconf 80' lang='lat' dir='ltr'>triticeam</span> <span class='ocrx_word' id='word_1_326' title='bbox 1631 2780 1704 2821; x_wconf 91' lang='lat' dir='ltr'>cum</span> <span class='ocrx_word' id='word_1_327' title='bbox 1733 2759 1858 2822; x_wconf 86' lang='lat' dir='ltr'>hordea·</span> 
     </span>
     <span class='ocr_line' id='line_1_29' title="bbox 294 2836 1864 2920; baseline 0.003 -24"><span class='ocrx_word' id='word_1_328' title='bbox 294 2838 496 2915; x_wconf 86' lang='lat' dir='ltr'>venditione,</span> <span class='ocrx_word' id='word_1_329' title='bbox 513 2838 546 2902; x_wconf 93' lang='lat'>&amp;</span> <span class='ocrx_word' id='word_1_330' title='bbox 563 2836 757 2904; x_wconf 87' lang='lat' dir='ltr'>fraudulenta</span> <span class='ocrx_word' id='word_1_331' title='bbox 773 2842 974 2920; x_wconf 83' lang='lat' dir='ltr'>consequatur</span> <span class='ocrx_word' id='word_1_332' title='bbox 988 2865 1059 2907; x_wconf 93' lang='lat' dir='ltr'>con·</span> <span class='ocrx_word' id='word_1_333' title='bbox 1095 2865 1169 2920; x_wconf 89' lang='lat' dir='ltr'>cea,</span> <span class='ocrx_word' id='word_1_334' title='bbox 1189 2841 1209 2905; x_wconf 89' lang='lat' dir='ltr'>li</span> <span class='ocrx_word' id='word_1_335' title='bbox 1232 2844 1349 2904; x_wconf 56' lang='lat' dir='ltr'>mixtio&gt;</span> <span class='ocrx_word' id='word_1_336' title='bbox 1370 2844 1464 2904; x_wconf 87' lang='lat' dir='ltr'>noxia</span> <span class='ocrx_word' id='word_1_337' title='bbox 1493 2839 1557 2915; x_wconf 90' lang='lat' dir='ltr'>srr,</span> <span class='ocrx_word' id='word_1_338' title='bbox 1582 2838 1630 2902; x_wconf 84' lang='lat' dir='ltr'>vel</span> <span class='ocrx_word' id='word_1_339' title='bbox 1662 2838 1766 2901; x_wconf 91' lang='lat' dir='ltr'>reddat</span> <span class='ocrx_word' id='word_1_340' title='bbox 1796 2859 1864 2902; x_wconf 88' lang='lat' dir='ltr'>rem-</span> 
     </span>
     <span class='ocr_line' id='line_1_30' title="bbox 293 2913 1856 3000; baseline 0.002 -20"><span class='ocrx_word' id='word_1_341' title='bbox 293 2913 464 2996; x_wconf 77' lang='lat' dir='ltr'>sanguineis</span> <span class='ocrx_word' id='word_1_342' title='bbox 482 2918 605 2994; x_wconf 86' lang='lat' dir='ltr'>aliquod</span> <span class='ocrx_word' id='word_1_343' title='bbox 629 2920 800 3000; x_wconf 87' lang='lat' dir='ltr'>damnum,</span> <span class='ocrx_word' id='word_1_344' title='bbox 830 2937 991 2986; x_wconf 89' lang='lat' dir='ltr'>teneretur</span> <span class='ocrx_word' id='word_1_345' title='bbox 1006 2943 1060 2986; x_wconf 85' lang='lat' dir='ltr'>ex·</span> <span class='ocrx_word' id='word_1_346' title='bbox 1096 2927 1300 2996; x_wconf 86' lang='lat' dir='ltr'>deteriorem,</span> <span class='ocrx_word' id='word_1_347' title='bbox 1322 2938 1377 2984; x_wconf 90' lang='lat' dir='ltr'>aut</span> <span class='ocrx_word' id='word_1_348' title='bbox 1394 2920 1556 2995; x_wconf 90' lang='lat' dir='ltr'>inutilem,</span> <span class='ocrx_word' id='word_1_349' title='bbox 1576 2922 1647 2995; x_wconf 88' lang='lat' dir='ltr'>quia</span> <span class='ocrx_word' id='word_1_350' title='bbox 1669 2916 1779 2983; x_wconf 88' lang='lat' dir='ltr'>iniusle</span> <span class='ocrx_word' id='word_1_351' title='bbox 1805 2919 1856 2981; x_wconf 87' lang='lat' dir='ltr'>de·</span> 
     </span>
    </p>
   </div>
   <div class='ocr_carea' id='block_1_2' title="bbox 294 2998 1857 3146">
    <p class='ocr_par' dir='ltr' id='par_1_2' title="bbox 294 2998 1857 3146">
     <span class='ocr_line' id='line_1_31' title="bbox 294 2998 1857 3146; baseline 0.001 -85"><span class='ocrx_word' id='word_1_352' title='bbox 294 3014 421 3063; x_wconf 86' lang='lat' dir='ltr'>traneus</span> <span class='ocrx_word' id='word_1_353' title='bbox 440 2998 477 3061; x_wconf 90' lang='lat' dir='ltr'>ad</span> <span class='ocrx_word' id='word_1_354' title='bbox 492 2998 788 3075; x_wconf 86' lang='lat' dir='ltr'>compensationem.</span> <span class='ocrx_word' id='word_1_355' title='bbox 811 3019 840 3146; x_wconf 59' lang='grc' dir='ltr'>ἐ.</span> <span class='ocrx_word' id='word_1_356' title='bbox 863 3003 1058 3080; x_wconf 81' lang='lat' dir='ltr'>Qrinonrine</span> <span class='ocrx_word' id='word_1_357' title='bbox 1094 3007 1171 3085; x_wconf 87' lang='lat' dir='ltr'>cipit</span> <span class='ocrx_word' id='word_1_358' title='bbox 1190 3020 1380 3079; x_wconf 85' lang='lat' dir='ltr'>emptorem,</span> <span class='ocrx_word' id='word_1_359' title='bbox 1399 3004 1449 3078; x_wconf 91' lang='lat' dir='ltr'>qui</span> <span class='ocrx_word' id='word_1_360' title='bbox 1468 3016 1576 3076; x_wconf 86' lang='lat' dir='ltr'>putat,</span> <span class='ocrx_word' id='word_1_361' title='bbox 1601 2998 1636 3062; x_wconf 77' lang='grc' dir='ltr'>ὅτ</span> <span class='ocrx_word' id='word_1_362' title='bbox 1657 2998 1727 3063; x_wconf 82' lang='lat' dir='ltr'>vult</span> <span class='ocrx_word' id='word_1_363' title='bbox 1755 3019 1857 3062; x_wconf 88' lang='lat' dir='ltr'>emere</span> 
     </span>
    </p>
   </div>
   <div class='ocr_carea' id='block_1_3' title="bbox 261 3074 1950 5241">
    <p class='ocr_par' dir='ltr' id='par_1_3' title="bbox 293 3074 1938 3562">
     <span class='ocr_line' id='line_1_32' title="bbox 293 3074 1857 3161; baseline 0.001 -22"><span class='ocrx_word' id='word_1_364' title='bbox 293 3074 507 3156; x_wconf 76' lang='lat' dir='ltr'>consanguinei</span> <span class='ocrx_word' id='word_1_365' title='bbox 528 3079 662 3156; x_wconf 89' lang='lat' dir='ltr'>precibus</span> <span class='ocrx_word' id='word_1_366' title='bbox 681 3079 810 3147; x_wconf 80' lang='lat' dir='ltr'>illedli&#39;a</span> <span class='ocrx_word' id='word_1_367' title='bbox 829 3087 1061 3161; x_wconf 77' lang='lat' dir='ltr'>-emptoreuin-</span> <span class='ocrx_word' id='word_1_368' title='bbox 1096 3106 1144 3152; x_wconf 87' lang='lat' dir='ltr'>res</span> <span class='ocrx_word' id='word_1_369' title='bbox 1162 3104 1269 3161; x_wconf 84' lang='lat' dir='ltr'>puras,</span> <span class='ocrx_word' id='word_1_370' title='bbox 1285 3079 1320 3146; x_wconf 77' lang='lat' dir='ltr'>dt</span> <span class='ocrx_word' id='word_1_371' title='bbox 1336 3101 1403 3145; x_wconf 93' lang='lat' dir='ltr'>non.</span> <span class='ocrx_word' id='word_1_372' title='bbox 1424 3085 1556 3157; x_wconf 84' lang='lat' dir='ltr'>mixtas,</span> <span class='ocrx_word' id='word_1_373' title='bbox 1575 3078 1608 3143; x_wconf 82' lang='lat' dir='ltr'>dr</span> <span class='ocrx_word' id='word_1_374' title='bbox 1638 3076 1780 3141; x_wconf 79' lang='lat' dir='ltr'>iniussum</span> <span class='ocrx_word' id='word_1_375' title='bbox 1804 3080 1857 3141; x_wconf 87' lang='lat' dir='ltr'>da·</span> 
     </span>
     <span class='ocr_line' id='line_1_33' title="bbox 293 3158 1862 3241; baseline 0.001 -21"><span class='ocrx_word' id='word_1_376' title='bbox 293 3158 397 3221; x_wconf 88' lang='lat' dir='ltr'>dicant</span> <span class='ocrx_word' id='word_1_377' title='bbox 414 3177 477 3221; x_wconf 87' lang='lat' dir='ltr'>rern</span> <span class='ocrx_word' id='word_1_378' title='bbox 497 3176 650 3236; x_wconf 83' lang='lat' dir='ltr'>emptam,</span> <span class='ocrx_word' id='word_1_379' title='bbox 670 3158 704 3224; x_wconf 69' lang='grc' dir='ltr'>ἀ</span> <span class='ocrx_word' id='word_1_380' title='bbox 722 3163 753 3224; x_wconf 93' lang='lat' dir='ltr'>in</span> <span class='ocrx_word' id='word_1_381' title='bbox 771 3159 828 3227; x_wconf 86' lang='lat' dir='ltr'>hoc</span> <span class='ocrx_word' id='word_1_382' title='bbox 843 3161 913 3228; x_wconf 88' lang='lat' dir='ltr'>casu</span> <span class='ocrx_word' id='word_1_383' title='bbox 933 3182 1058 3228; x_wconf 86' lang='lat' dir='ltr'>tamerr·</span> <span class='ocrx_word' id='word_1_384' title='bbox 1093 3186 1201 3231; x_wconf 90' lang='lat' dir='ltr'>mnum</span> <span class='ocrx_word' id='word_1_385' title='bbox 1209 3178 1319 3228; x_wconf 82' lang='lat' dir='ltr'>contra</span> <span class='ocrx_word' id='word_1_386' title='bbox 1326 3160 1437 3224; x_wconf 90' lang='lat' dir='ltr'>bonam</span> <span class='ocrx_word' id='word_1_387' title='bbox 1448 3161 1538 3224; x_wconf 86' lang='lat' dir='ltr'>fidem</span> <span class='ocrx_word' id='word_1_388' title='bbox 1552 3163 1584 3223; x_wconf 88' lang='lat' dir='ltr'>ei</span> <span class='ocrx_word' id='word_1_389' title='bbox 1596 3165 1767 3241; x_wconf 84' lang='lat' dir='ltr'>irrogatur.</span> <span class='ocrx_word' id='word_1_390' title='bbox 1790 3159 1862 3222; x_wconf 84' lang='lat' dir='ltr'>ltno-</span> 
     </span>
     <span class='ocr_line' id='line_1_34' title="bbox 294 3237 1855 3319; baseline -0.001 -17"><span class='ocrx_word' id='word_1_391' title='bbox 294 3253 440 3314; x_wconf 90' lang='lat' dir='ltr'>traneus,</span> <span class='ocrx_word' id='word_1_392' title='bbox 459 3260 548 3315; x_wconf 88' lang='lat' dir='ltr'>quam</span> <span class='ocrx_word' id='word_1_393' title='bbox 563 3237 810 3319; x_wconf 74' lang='lat' dir='ltr'>consanguineus</span> <span class='ocrx_word' id='word_1_394' title='bbox 831 3244 868 3306; x_wconf 90' lang='lat' dir='ltr'>ad</span> <span class='ocrx_word' id='word_1_395' title='bbox 889 3242 1064 3309; x_wconf 83' lang='lat' dir='ltr'>restitutio-</span> <span class='ocrx_word' id='word_1_396' title='bbox 1095 3243 1218 3315; x_wconf 83' lang='lat' dir='ltr'>tametsi</span> <span class='ocrx_word' id='word_1_397' title='bbox 1239 3263 1285 3307; x_wconf 85' lang='lat' dir='ltr'>res</span> <span class='ocrx_word' id='word_1_398' title='bbox 1305 3246 1404 3305; x_wconf 88' lang='lat' dir='ltr'>mixta</span> <span class='ocrx_word' id='word_1_399' title='bbox 1421 3243 1553 3304; x_wconf 85' lang='lat' dir='ltr'>deterior</span> <span class='ocrx_word' id='word_1_400' title='bbox 1572 3261 1635 3304; x_wconf 90' lang='lat' dir='ltr'>non</span> <span class='ocrx_word' id='word_1_401' title='bbox 1652 3239 1779 3316; x_wconf 85' lang='lat' dir='ltr'>euadat,</span> <span class='ocrx_word' id='word_1_402' title='bbox 1799 3255 1855 3302; x_wconf 90' lang='lat' dir='ltr'>nec</span> 
     </span>
     <span class='ocr_line' id='line_1_35' title="bbox 293 3319 1859 3402; baseline 0.002 -24"><span class='ocrx_word' id='word_1_403' title='bbox 293 3335 364 3379; x_wconf 87' lang='lat' dir='ltr'>nem</span> <span class='ocrx_word' id='word_1_404' title='bbox 384 3335 559 3395; x_wconf 85' lang='lat' dir='ltr'>tenentur,</span> <span class='ocrx_word' id='word_1_405' title='bbox 582 3341 654 3385; x_wconf 87' lang='lat' dir='ltr'>curn</span> <span class='ocrx_word' id='word_1_406' title='bbox 669 3338 795 3400; x_wconf 90' lang='lat' dir='ltr'>uterque</span> <span class='ocrx_word' id='word_1_407' title='bbox 824 3323 861 3387; x_wconf 87' lang='lat' dir='ltr'>srt</span> <span class='ocrx_word' id='word_1_408' title='bbox 890 3326 993 3388; x_wconf 89' lang='lat' dir='ltr'>caulla</span> <span class='ocrx_word' id='word_1_409' title='bbox 1013 3327 1061 3387; x_wconf 91' lang='lat' dir='ltr'>in·</span> <span class='ocrx_word' id='word_1_410' title='bbox 1094 3327 1238 3402; x_wconf 85' lang='lat' dir='ltr'>inutilis,</span> <span class='ocrx_word' id='word_1_411' title='bbox 1260 3322 1406 3386; x_wconf 91' lang='lat' dir='ltr'>illicitum</span> <span class='ocrx_word' id='word_1_412' title='bbox 1427 3319 1469 3385; x_wconf 89' lang='lat' dir='ltr'>est</span> <span class='ocrx_word' id='word_1_413' title='bbox 1504 3341 1574 3384; x_wconf 87' lang='lat' dir='ltr'>eam</span> <span class='ocrx_word' id='word_1_414' title='bbox 1605 3320 1738 3385; x_wconf 87' lang='lat' dir='ltr'>vendere</span> <span class='ocrx_word' id='word_1_415' title='bbox 1760 3322 1859 3396; x_wconf 91' lang='lat' dir='ltr'>pretio</span> 
     </span>
     <span class='ocr_line' id='line_1_36' title="bbox 293 3395 1938 3483; baseline 0.001 -24"><span class='ocrx_word' id='word_1_416' title='bbox 293 3395 440 3460; x_wconf 70' lang='lat' dir='ltr'>ustitia..</span> <span class='ocrx_word' id='word_1_417' title='bbox 1093 3408 1219 3483; x_wconf 87' lang='lat' dir='ltr'>eodem,</span> <span class='ocrx_word' id='word_1_418' title='bbox 1240 3411 1279 3467; x_wconf 82' lang='lat' dir='ltr'>ac</span> <span class='ocrx_word' id='word_1_419' title='bbox 1293 3401 1315 3462; x_wconf 88' lang='lat' dir='ltr'>si</span> <span class='ocrx_word' id='word_1_420' title='bbox 1335 3403 1411 3465; x_wconf 83' lang='lat' dir='ltr'>ell&#39;et</span> <span class='ocrx_word' id='word_1_421' title='bbox 1433 3422 1528 3477; x_wconf 89' lang='lat' dir='ltr'>pura,</span> <span class='ocrx_word' id='word_1_422' title='bbox 1550 3403 1621 3477; x_wconf 87' lang='lat' dir='ltr'>quia</span> <span class='ocrx_word' id='word_1_423' title='bbox 1642 3397 1788 3463; x_wconf 82' lang='lat' dir='ltr'>iniullurn</span> <span class='ocrx_word' id='word_1_424' title='bbox 1811 3396 1856 3462; x_wconf 84' lang='lat' dir='ltr'>est</span> <span class='ocrx_word' id='word_1_425' title='bbox 1936 3435 1938 3438; x_wconf 94' lang='lat'>-</span> 
     </span>
     <span class='ocr_line' id='line_1_37' title="bbox 332 3475 1856 3562; baseline 0.003 -24"><span class='ocrx_word' id='word_1_426' title='bbox 332 3475 368 3538; x_wconf 83' lang='lat' dir='ltr'>Si</span> <span class='ocrx_word' id='word_1_427' title='bbox 382 3496 429 3540; x_wconf 89' lang='lat' dir='ltr'>res</span> <span class='ocrx_word' id='word_1_428' title='bbox 447 3479 549 3545; x_wconf 90' lang='lat' dir='ltr'>viliori</span> <span class='ocrx_word' id='word_1_429' title='bbox 572 3483 671 3557; x_wconf 90' lang='lat' dir='ltr'>pretio</span> <span class='ocrx_word' id='word_1_430' title='bbox 692 3484 819 3549; x_wconf 87' lang='lat' dir='ltr'>vendita</span> <span class='ocrx_word' id='word_1_431' title='bbox 841 3482 879 3549; x_wconf 89' lang='lat' dir='ltr'>srt</span> <span class='ocrx_word' id='word_1_432' title='bbox 899 3532 908 3562; x_wconf 90' lang='lat'>,</span> <span class='ocrx_word' id='word_1_433' title='bbox 929 3490 1058 3551; x_wconf 84' lang='lat' dir='ltr'>consan·</span> <span class='ocrx_word' id='word_1_434' title='bbox 1094 3486 1228 3553; x_wconf 89' lang='lat' dir='ltr'>vendere</span> <span class='ocrx_word' id='word_1_435' title='bbox 1249 3479 1357 3546; x_wconf 88' lang='lat' dir='ltr'>eodem</span> <span class='ocrx_word' id='word_1_436' title='bbox 1381 3485 1482 3558; x_wconf 90' lang='lat' dir='ltr'>pretio</span> <span class='ocrx_word' id='word_1_437' title='bbox 1506 3501 1572 3545; x_wconf 91' lang='lat' dir='ltr'>rern</span> <span class='ocrx_word' id='word_1_438' title='bbox 1592 3480 1687 3544; x_wconf 89' lang='lat' dir='ltr'>vilem</span> <span class='ocrx_word' id='word_1_439' title='bbox 1702 3500 1762 3556; x_wconf 89' lang='lat' dir='ltr'>quo</span> <span class='ocrx_word' id='word_1_440' title='bbox 1787 3499 1856 3556; x_wconf 88' lang='lat' dir='ltr'>pre·</span> 
     </span>
    </p>

    <p class='ocr_par' dir='ltr' id='par_1_4' title="bbox 289 3556 1950 4043">
     <span class='ocr_line' id='line_1_38' title="bbox 291 3556 1856 3643; baseline 0.003 -27"><span class='ocrx_word' id='word_1_441' title='bbox 291 3558 418 3635; x_wconf 80' lang='lat' dir='ltr'>guineus</span> <span class='ocrx_word' id='word_1_442' title='bbox 448 3561 554 3634; x_wconf 88' lang='lat' dir='ltr'>nequit</span> <span class='ocrx_word' id='word_1_443' title='bbox 583 3560 668 3622; x_wconf 90' lang='lat' dir='ltr'>illam</span> <span class='ocrx_word' id='word_1_444' title='bbox 690 3564 846 3628; x_wconf 86' lang='lat' dir='ltr'>retrahere</span> <span class='ocrx_word' id='word_1_445' title='bbox 874 3561 936 3629; x_wconf 86' lang='lat' dir='ltr'>stne</span> <span class='ocrx_word' id='word_1_446' title='bbox 952 3568 1057 3628; x_wconf 90' lang='lat' dir='ltr'>animo</span> <span class='ocrx_word' id='word_1_447' title='bbox 1079 3566 1267 3643; x_wconf 61' lang='lat' dir='ltr'>‚tiosrorem·‚</span> <span class='ocrx_word' id='word_1_448' title='bbox 1293 3578 1370 3639; x_wconf 84' lang='lat' dir='ltr'>puta</span> <span class='ocrx_word' id='word_1_449' title='bbox 1386 3562 1498 3634; x_wconf 85' lang='lat' dir='ltr'>vinum</span> <span class='ocrx_word' id='word_1_450' title='bbox 1510 3581 1587 3637; x_wconf 88' lang='lat' dir='ltr'>aqua</span> <span class='ocrx_word' id='word_1_451' title='bbox 1606 3556 1856 3622; x_wconf 85' lang='lat' dir='ltr'>dilutumeodens</span> 
     </span>
     <span class='ocr_line' id='line_1_39' title="bbox 291 3637 1855 3724; baseline 0.001 -25"><span class='ocrx_word' id='word_1_452' title='bbox 291 3654 361 3699; x_wconf 77' lang='lat' dir='ltr'>cans</span> <span class='ocrx_word' id='word_1_453' title='bbox 377 3638 529 3701; x_wconf 88' lang='lat' dir='ltr'>retinendi</span> <span class='ocrx_word' id='word_1_454' title='bbox 548 3685 557 3715; x_wconf 94' lang='lat'>,</span> <span class='ocrx_word' id='word_1_455' title='bbox 585 3655 651 3701; x_wconf 87' lang='lat' dir='ltr'>tum</span> <span class='ocrx_word' id='word_1_456' title='bbox 671 3643 741 3716; x_wconf 84' lang='lat' dir='ltr'>qnia</span> <span class='ocrx_word' id='word_1_457' title='bbox 761 3643 904 3707; x_wconf 87' lang='lat' dir='ltr'>vcndltor</span> <span class='ocrx_word' id='word_1_458' title='bbox 931 3667 1004 3709; x_wconf 90' lang='lat' dir='ltr'>cum</span> <span class='ocrx_word' id='word_1_459' title='bbox 1019 3641 1056 3710; x_wconf 90' lang='lat' dir='ltr'>srt</span> <span class='ocrx_word' id='word_1_460' title='bbox 1092 3668 1157 3724; x_wconf 89' lang='lat' dir='ltr'>quo·</span> <span class='ocrx_word' id='word_1_461' title='bbox 1175 3649 1284 3709; x_wconf 90' lang='lat' dir='ltr'>vinum</span> <span class='ocrx_word' id='word_1_462' title='bbox 1300 3661 1438 3717; x_wconf 84' lang='lat' dir='ltr'>merum,</span> <span class='ocrx_word' id='word_1_463' title='bbox 1456 3648 1526 3705; x_wconf 83' lang='lat' dir='ltr'>c&#39;um</span> <span class='ocrx_word' id='word_1_464' title='bbox 1551 3637 1627 3702; x_wconf 90' lang='lat' dir='ltr'>illud</span> <span class='ocrx_word' id='word_1_465' title='bbox 1646 3640 1705 3702; x_wconf 88' lang='lat' dir='ltr'>hoc</span> <span class='ocrx_word' id='word_1_466' title='bbox 1726 3642 1855 3701; x_wconf 84' lang='lat' dir='ltr'>minoris</span> 
     </span>
     <span class='ocr_line' id='line_1_40' title="bbox 291 3715 1853 3801; baseline 0.003 -23"><span class='ocrx_word' id='word_1_467' title='bbox 291 3716 432 3780; x_wconf 83' lang='lat' dir='ltr'>dominus</span> <span class='ocrx_word' id='word_1_468' title='bbox 449 3721 491 3779; x_wconf 91' lang='lat' dir='ltr'>rei</span> <span class='ocrx_word' id='word_1_469' title='bbox 511 3764 520 3791; x_wconf 93' lang='lat'>,</span> <span class='ocrx_word' id='word_1_470' title='bbox 545 3721 591 3780; x_wconf 90' lang='lat' dir='ltr'>ius</span> <span class='ocrx_word' id='word_1_471' title='bbox 608 3717 702 3781; x_wconf 87' lang='lat' dir='ltr'>habet</span> <span class='ocrx_word' id='word_1_472' title='bbox 720 3721 807 3784; x_wconf 88' lang='lat' dir='ltr'>illam</span> <span class='ocrx_word' id='word_1_473' title='bbox 827 3720 976 3784; x_wconf 90' lang='lat' dir='ltr'>vendendi</span> <span class='ocrx_word' id='word_1_474' title='bbox 998 3744 1057 3801; x_wconf 90' lang='lat' dir='ltr'>quo</span> <span class='ocrx_word' id='word_1_475' title='bbox 1090 3727 1214 3791; x_wconf 83' lang='lat' dir='ltr'>valeat·</span> <span class='ocrx_word' id='word_1_476' title='bbox 1239 3725 1322 3786; x_wconf 90' lang='lat' dir='ltr'>Nam</span> <span class='ocrx_word' id='word_1_477' title='bbox 1341 3724 1372 3783; x_wconf 91' lang='lat' dir='ltr'>in</span> <span class='ocrx_word' id='word_1_478' title='bbox 1394 3721 1439 3783; x_wconf 88' lang='lat' dir='ltr'>his</span> <span class='ocrx_word' id='word_1_479' title='bbox 1457 3718 1543 3784; x_wconf 87' lang='lat' dir='ltr'>rebus</span> <span class='ocrx_word' id='word_1_480' title='bbox 1563 3720 1668 3780; x_wconf 83' lang='lat' dir='ltr'>mixtis</span> <span class='ocrx_word' id='word_1_481' title='bbox 1687 3715 1730 3780; x_wconf 87' lang='lat' dir='ltr'>est</span> <span class='ocrx_word' id='word_1_482' title='bbox 1751 3719 1853 3793; x_wconf 76' lang='lat' dir='ltr'>aliqua</span> 
     </span>
     <span class='ocr_line' id='line_1_41' title="bbox 290 3795 1851 3883; baseline 0.001 -24"><span class='ocrx_word' id='word_1_483' title='bbox 290 3795 426 3861; x_wconf 78' lang='lat' dir='ltr'>voluerit</span> <span class='ocrx_word' id='word_1_484' title='bbox 444 3801 546 3871; x_wconf 88' lang='lat' dir='ltr'>pretio</span> <span class='ocrx_word' id='word_1_485' title='bbox 560 3817 575 3873; x_wconf 80' lang='lat'>3·</span> <span class='ocrx_word' id='word_1_486' title='bbox 601 3800 710 3860; x_wconf 85' lang='lat' dir='ltr'>necin</span> <span class='ocrx_word' id='word_1_487' title='bbox 736 3799 792 3864; x_wconf 91' lang='lat' dir='ltr'>hoc</span> <span class='ocrx_word' id='word_1_488' title='bbox 818 3799 970 3864; x_wconf 82' lang='lat' dir='ltr'>laeduntur</span> <span class='ocrx_word' id='word_1_489' title='bbox 984 3824 1056 3868; x_wconf 86' lang='lat' dir='ltr'>con·</span> <span class='ocrx_word' id='word_1_490' title='bbox 1091 3811 1248 3883; x_wconf 82' lang='lat' dir='ltr'>quantitas</span> <span class='ocrx_word' id='word_1_491' title='bbox 1270 3806 1313 3866; x_wconf 83' lang='lat' dir='ltr'>rei</span> <span class='ocrx_word' id='word_1_492' title='bbox 1342 3801 1440 3873; x_wconf 81' lang='lat' dir='ltr'>vilis:</span> <span class='ocrx_word' id='word_1_493' title='bbox 1469 3798 1762 3863; x_wconf 67' lang='lat' dir='ltr'>nasamonium</span> <span class='ocrx_word' id='word_1_494' title='bbox 1782 3845 1791 3873; x_wconf 93' lang='lat'>,</span> <span class='ocrx_word' id='word_1_495' title='bbox 1816 3795 1851 3861; x_wconf 77' lang='grc' dir='ltr'>δι</span> 
     </span>
     <span class='ocr_line' id='line_1_42' title="bbox 289 3870 1950 3960; baseline 0.001 -21"><span class='ocrx_word' id='word_1_496' title='bbox 289 3870 448 3952; x_wconf 80' lang='lat' dir='ltr'>sanguinei</span> <span class='ocrx_word' id='word_1_497' title='bbox 458 3920 473 3951; x_wconf 95' lang='lat'>,.</span> <span class='ocrx_word' id='word_1_498' title='bbox 487 3873 564 3939; x_wconf 84' lang='lat' dir='ltr'>sieut</span> <span class='ocrx_word' id='word_1_499' title='bbox 581 3895 637 3940; x_wconf 92' lang='lat' dir='ltr'>nec</span> <span class='ocrx_word' id='word_1_500' title='bbox 659 3877 862 3956; x_wconf 74' lang='lat' dir='ltr'>lederentur,</span> <span class='ocrx_word' id='word_1_501' title='bbox 878 3877 899 3942; x_wconf 90' lang='lat' dir='ltr'>sr</span> <span class='ocrx_word' id='word_1_502' title='bbox 913 3900 1055 3960; x_wconf 83' lang='lat' dir='ltr'>eamgra·</span> <span class='ocrx_word' id='word_1_503' title='bbox 1090 3887 1161 3950; x_wconf 91' lang='lat' dir='ltr'>alii.</span> <span class='ocrx_word' id='word_1_504' title='bbox 1180 3885 1248 3947; x_wconf 88' lang='lat' dir='ltr'>Nec</span> <span class='ocrx_word' id='word_1_505' title='bbox 1268 3878 1396 3946; x_wconf 84' lang='lat' dir='ltr'>excusat</span> <span class='ocrx_word' id='word_1_506' title='bbox 1412 3882 1491 3957; x_wconf 90' lang='lat' dir='ltr'>quod</span> <span class='ocrx_word' id='word_1_507' title='bbox 1516 3882 1622 3942; x_wconf 86' lang='lat' dir='ltr'>vinum</span> <span class='ocrx_word' id='word_1_508' title='bbox 1650 3875 1689 3941; x_wconf 88' lang='lat' dir='ltr'>stc</span> <span class='ocrx_word' id='word_1_509' title='bbox 1719 3879 1852 3940; x_wconf 86' lang='lat' dir='ltr'>mixtum</span> <span class='ocrx_word' id='word_1_510' title='bbox 1945 3954 1950 3960; x_wconf 28' lang='grc' dir='ltr'>Ι</span> 
     </span>
     <span class='ocr_line' id='line_1_43' title="bbox 289 3953 1852 4043; baseline 0.001 -23"><span class='ocrx_word' id='word_1_511' title='bbox 289 3957 332 4028; x_wconf 80' lang='lat' dir='ltr'>tis</span> <span class='ocrx_word' id='word_1_512' title='bbox 345 3953 507 4023; x_wconf 62' lang='lat' dir='ltr'>donaret„</span> <span class='ocrx_word' id='word_1_513' title='bbox 524 3954 594 4018; x_wconf 82' lang='lat' dir='ltr'>lnso</span> <span class='ocrx_word' id='word_1_514' title='bbox 610 3955 666 4020; x_wconf 88' lang='lat' dir='ltr'>hoc</span> <span class='ocrx_word' id='word_1_515' title='bbox 687 3953 773 4023; x_wconf 87' lang='lat' dir='ltr'>savet</span> <span class='ocrx_word' id='word_1_516' title='bbox 793 3958 861 4037; x_wconf 90' lang='lat' dir='ltr'>ipsis</span> <span class='ocrx_word' id='word_1_517' title='bbox 879 3960 1056 4040; x_wconf 84' lang='lat' dir='ltr'>consangui·</span> <span class='ocrx_word' id='word_1_518' title='bbox 1089 3963 1215 4043; x_wconf 82' lang='lat' dir='ltr'>aeque&amp;</span> <span class='ocrx_word' id='word_1_519' title='bbox 1226 3961 1326 4026; x_wconf 85' lang='lat' dir='ltr'>sorsan</span> <span class='ocrx_word' id='word_1_520' title='bbox 1344 3960 1409 4038; x_wconf 91' lang='lat' dir='ltr'>plus</span> <span class='ocrx_word' id='word_1_521' title='bbox 1426 3980 1517 4036; x_wconf 91' lang='lat' dir='ltr'>quam</span> <span class='ocrx_word' id='word_1_522' title='bbox 1534 3979 1641 4038; x_wconf 86' lang='lat' dir='ltr'>purum</span> <span class='ocrx_word' id='word_1_523' title='bbox 1659 3960 1776 4035; x_wconf 89' lang='lat' dir='ltr'>placeat</span> <span class='ocrx_word' id='word_1_524' title='bbox 1784 3978 1852 4022; x_wconf 90' lang='lat' dir='ltr'>em·</span> 
     </span>
    </p>

    <p class='ocr_par' dir='ltr' id='par_1_5' title="bbox 261 4032 1914 5224">
     <span class='ocr_line' id='line_1_44' title="bbox 261 4032 1849 4126; baseline 0.002 -29"><span class='ocrx_word' id='word_1_525' title='bbox 261 4046 275 4071; x_wconf 83' lang='lat'><strong><em>‘</em></strong></span> <span class='ocrx_word' id='word_1_526' title='bbox 289 4036 356 4097; x_wconf 88' lang='lat' dir='ltr'>treis</span> <span class='ocrx_word' id='word_1_527' title='bbox 375 4036 449 4110; x_wconf 89' lang='lat' dir='ltr'>,qui</span> <span class='ocrx_word' id='word_1_528' title='bbox 471 4032 489 4096; x_wconf 83' lang='lat' dir='ltr'>fi</span> <span class='ocrx_word' id='word_1_529' title='bbox 512 4054 576 4097; x_wconf 89' lang='lat' dir='ltr'>rem</span> <span class='ocrx_word' id='word_1_530' title='bbox 604 4037 695 4101; x_wconf 88' lang='lat' dir='ltr'>illam</span> <span class='ocrx_word' id='word_1_531' title='bbox 710 4060 763 4113; x_wconf 89' lang='lat' dir='ltr'>pro</span> <span class='ocrx_word' id='word_1_532' title='bbox 778 4033 815 4102; x_wconf 91' lang='lat' dir='ltr'>se·</span> <span class='ocrx_word' id='word_1_533' title='bbox 831 4038 898 4116; x_wconf 80' lang='lat' dir='ltr'>ipsis</span> <span class='ocrx_word' id='word_1_534' title='bbox 915 4040 1030 4104; x_wconf 89' lang='lat' dir='ltr'>volunt</span> <span class='ocrx_word' id='word_1_535' title='bbox 1047 4090 1056 4119; x_wconf 90' lang='lat'>,</span> <span class='ocrx_word' id='word_1_536' title='bbox 1089 4047 1170 4122; x_wconf 87' lang='lat' dir='ltr'>ptori</span> <span class='ocrx_word' id='word_1_537' title='bbox 1185 4067 1195 4119; x_wconf 93' lang='lat'>,·</span> <span class='ocrx_word' id='word_1_538' title='bbox 1212 4043 1268 4107; x_wconf 90' lang='lat' dir='ltr'>hoc</span> <span class='ocrx_word' id='word_1_539' title='bbox 1288 4039 1429 4104; x_wconf 85' lang='lat' dir='ltr'>eninrell</span> <span class='ocrx_word' id='word_1_540' title='bbox 1446 4059 1504 4126; x_wconf 30' lang='lat' dir='ltr'>per·</span> <span class='ocrx_word' id='word_1_541' title='bbox 1518 4039 1672 4114; x_wconf 86' lang='lat' dir='ltr'>accidens,</span> <span class='ocrx_word' id='word_1_542' title='bbox 1687 4036 1849 4115; x_wconf 87' lang='lat' dir='ltr'>&amp;emptor</span> 
     </span>
     <span class='ocr_line' id='line_1_45' title="bbox 290 4110 1851 4203; baseline 0.003 -28"><span class='ocrx_word' id='word_1_543' title='bbox 290 4115 337 4177; x_wconf 91' lang='lat' dir='ltr'>ius</span> <span class='ocrx_word' id='word_1_544' title='bbox 362 4110 477 4178; x_wconf 89' lang='lat' dir='ltr'>habent</span> <span class='ocrx_word' id='word_1_545' title='bbox 506 4113 591 4179; x_wconf 85' lang='lat' dir='ltr'>illam</span> <span class='ocrx_word' id='word_1_546' title='bbox 614 4119 718 4182; x_wconf 90' lang='lat' dir='ltr'>viliori</span> <span class='ocrx_word' id='word_1_547' title='bbox 750 4122 850 4195; x_wconf 90' lang='lat' dir='ltr'>pretio</span> <span class='ocrx_word' id='word_1_548' title='bbox 873 4122 1055 4199; x_wconf 84' lang='lat' dir='ltr'>retrahere,</span> <span class='ocrx_word' id='word_1_549' title='bbox 1089 4143 1212 4203; x_wconf 85' lang='lat' dir='ltr'>poterat</span> <span class='ocrx_word' id='word_1_550' title='bbox 1228 4142 1337 4202; x_wconf 77' lang='lat' dir='ltr'>aquarn</span> <span class='ocrx_word' id='word_1_551' title='bbox 1352 4123 1430 4184; x_wconf 83' lang='lat' dir='ltr'>sino·</span> <span class='ocrx_word' id='word_1_552' title='bbox 1445 4123 1588 4182; x_wconf 81' lang='lat' dir='ltr'>miscere.¹</span> <span class='ocrx_word' id='word_1_553' title='bbox 1599 4119 1715 4182; x_wconf 92' lang='lat' dir='ltr'>Vinum</span> <span class='ocrx_word' id='word_1_554' title='bbox 1739 4123 1851 4195; x_wconf 88' lang='lat' dir='ltr'>quippe</span> 
     </span>
     <span class='ocr_line' id='line_1_46' title="bbox 288 4198 1857 4282; baseline -0.003 -23"><span class='ocrx_word' id='word_1_555' title='bbox 288 4214 360 4259; x_wconf 82' lang='lat' dir='ltr'>turn</span> <span class='ocrx_word' id='word_1_556' title='bbox 389 4213 451 4255; x_wconf 92' lang='lat' dir='ltr'>non</span> <span class='ocrx_word' id='word_1_557' title='bbox 479 4210 647 4261; x_wconf 84' lang='lat' dir='ltr'>teneantur</span> <span class='ocrx_word' id='word_1_558' title='bbox 662 4199 740 4263; x_wconf 84' lang='lat' dir='ltr'>dare</span> <span class='ocrx_word' id='word_1_559' title='bbox 754 4202 889 4277; x_wconf 91' lang='lat' dir='ltr'>emptori·</span> <span class='ocrx_word' id='word_1_560' title='bbox 910 4201 963 4262; x_wconf 85' lang='lat' dir='ltr'>nssl</span> <span class='ocrx_word' id='word_1_561' title='bbox 989 4221 1055 4277; x_wconf 87' lang='lat' dir='ltr'>pre·</span> <span class='ocrx_word' id='word_1_562' title='bbox 1089 4207 1313 4282; x_wconf 87' lang='lat' dir='ltr'>aquamirrtum·</span> <span class='ocrx_word' id='word_1_563' title='bbox 1328 4204 1428 4264; x_wconf 90' lang='lat' dir='ltr'>minus</span> <span class='ocrx_word' id='word_1_564' title='bbox 1448 4198 1616 4263; x_wconf 83' lang='lat' dir='ltr'>aellimatur</span> <span class='ocrx_word' id='word_1_565' title='bbox 1631 4218 1857 4276; x_wconf 80' lang='lat' dir='ltr'>quanrpurum,¹</span> 
     </span>
     <span class='ocr_line' id='line_1_47' title="bbox 290 4275 1848 4366; baseline 0.002 -30"><span class='ocrx_word' id='word_1_566' title='bbox 290 4276 370 4366; x_wconf 82' lang='lat' dir='ltr'>tium</span> <span class='ocrx_word' id='word_1_567' title='bbox 388 4320 397 4348; x_wconf 91' lang='lat'>,</span> <span class='ocrx_word' id='word_1_568' title='bbox 413 4292 554 4349; x_wconf 86' lang='lat' dir='ltr'>quorem</span> <span class='ocrx_word' id='word_1_569' title='bbox 570 4296 588 4338; x_wconf 85' lang='lat' dir='ltr'>a</span> <span class='ocrx_word' id='word_1_570' title='bbox 609 4275 834 4358; x_wconf 73' lang='lat' dir='ltr'>consanguineo</span> <span class='ocrx_word' id='word_1_571' title='bbox 849 4283 925 4345; x_wconf 88' lang='lat' dir='ltr'>emit</span> <span class='ocrx_word' id='word_1_572' title='bbox 942 4303 955 4358; x_wconf 94' lang='lat'>,·</span> <span class='ocrx_word' id='word_1_573' title='bbox 987 4297 1054 4344; x_wconf 91' lang='lat' dir='ltr'>tum</span> <span class='ocrx_word' id='word_1_574' title='bbox 1088 4306 1130 4350; x_wconf 86' lang='lat' dir='ltr'>ac</span> <span class='ocrx_word' id='word_1_575' title='bbox 1146 4281 1393 4348; x_wconf 86' lang='lat' dir='ltr'>ideo-secundum</span> <span class='ocrx_word' id='word_1_576' title='bbox 1413 4275 1556 4343; x_wconf 90' lang='lat' dir='ltr'>seminus</span> <span class='ocrx_word' id='word_1_577' title='bbox 1574 4278 1679 4354; x_wconf 88' lang='lat' dir='ltr'>valet,</span> <span class='ocrx_word' id='word_1_578' title='bbox 1698 4276 1733 4343; x_wconf 72' lang='grc' dir='ltr'><strong>ἃ</strong></span> <span class='ocrx_word' id='word_1_579' title='bbox 1756 4279 1848 4341; x_wconf 89' lang='lat' dir='ltr'>citius</span> 
     </span>
     <span class='ocr_line' id='line_1_48' title="bbox 284 4353 1849 4447; baseline 0.002 -32"><span class='ocrx_word' id='word_1_580' title='bbox 284 4353 779 4447; x_wconf 71' lang='lat' dir='ltr'>qutaoonsanguineuscensetur·</span> <span class='ocrx_word' id='word_1_581' title='bbox 795 4367 949 4425; x_wconf 79' lang='lat' dir='ltr'>extraneo</span> <span class='ocrx_word' id='word_1_582' title='bbox 975 4380 1054 4425; x_wconf 58' lang='lat' dir='ltr'>ven*</span> <span class='ocrx_word' id='word_1_583' title='bbox 1089 4361 1225 4441; x_wconf 83' lang='lat' dir='ltr'>acescit,</span> <span class='ocrx_word' id='word_1_584' title='bbox 1240 4383 1276 4426; x_wconf 86' lang='lat' dir='ltr'>ac</span> <span class='ocrx_word' id='word_1_585' title='bbox 1299 4361 1334 4425; x_wconf 88' lang='lat' dir='ltr'>ad</span> <span class='ocrx_word' id='word_1_586' title='bbox 1352 4361 1448 4436; x_wconf 89' lang='lat' dir='ltr'>plures</span> <span class='ocrx_word' id='word_1_587' title='bbox 1469 4356 1591 4423; x_wconf 71' lang='lat' dir='ltr'>effestus</span> <span class='ocrx_word' id='word_1_588' title='bbox 1606 4357 1649 4422; x_wconf 90' lang='lat' dir='ltr'>esl</span> <span class='ocrx_word' id='word_1_589' title='bbox 1670 4361 1769 4420; x_wconf 90' lang='lat' dir='ltr'>minus</span> <span class='ocrx_word' id='word_1_590' title='bbox 1786 4359 1849 4421; x_wconf 93' lang='lat' dir='ltr'>uti·</span> 
     </span>
     <span class='ocr_line' id='line_1_49' title="bbox 287 4431 1914 4522; baseline 0.004 -26"><span class='ocrx_word' id='word_1_591' title='bbox 287 4433 360 4496; x_wconf 84' lang='lat' dir='ltr'>dere</span> <span class='ocrx_word' id='word_1_592' title='bbox 376 4453 423 4497; x_wconf 86' lang='lat' dir='ltr'>rus</span> <span class='ocrx_word' id='word_1_593' title='bbox 439 4431 545 4512; x_wconf 90' lang='lat' dir='ltr'>suum,</span> <span class='ocrx_word' id='word_1_594' title='bbox 563 4437 645 4512; x_wconf 87' lang='lat' dir='ltr'>quod</span> <span class='ocrx_word' id='word_1_595' title='bbox 662 4457 765 4503; x_wconf 86' lang='lat' dir='ltr'>tamen</span> <span class='ocrx_word' id='word_1_596' title='bbox 782 4440 1051 4519; x_wconf 83' lang='lat' dir='ltr'>alienarenequit.</span> <span class='ocrx_word' id='word_1_597' title='bbox 1088 4446 1137 4522; x_wconf 91' lang='lat' dir='ltr'>le,</span> <span class='ocrx_word' id='word_1_598' title='bbox 1157 4443 1237 4508; x_wconf 90' lang='lat' dir='ltr'>unde</span> <span class='ocrx_word' id='word_1_599' title='bbox 1259 4443 1391 4521; x_wconf 88' lang='lat' dir='ltr'>pretium</span> <span class='ocrx_word' id='word_1_600' title='bbox 1410 4442 1507 4505; x_wconf 89' lang='lat' dir='ltr'>minui</span> <span class='ocrx_word' id='word_1_601' title='bbox 1528 4438 1617 4511; x_wconf 83' lang='lat' dir='ltr'>debet</span> <span class='ocrx_word' id='word_1_602' title='bbox 1646 4459 1701 4516; x_wconf 91' lang='lat' dir='ltr'>pro</span> <span class='ocrx_word' id='word_1_603' title='bbox 1727 4439 1857 4502; x_wconf 89' lang='lat' dir='ltr'>ratione·</span> <span class='ocrx_word' id='word_1_604' title='bbox 1910 4465 1914 4473; x_wconf 59' lang='lat'><strong>⁴</strong></span> 
     </span>
     <span class='ocr_line' id='line_1_50' title="bbox 289 4511 1701 4599; baseline 0.014 -27"><span class='ocrx_word' id='word_1_605' title='bbox 289 4512 372 4575; x_wconf 82' lang='lat' dir='ltr'>Hinc</span> <span class='ocrx_word' id='word_1_606' title='bbox 388 4511 548 4578; x_wconf 76' lang='lat' dir='ltr'>laudabilis</span> <span class='ocrx_word' id='word_1_607' title='bbox 563 4514 820 4594; x_wconf 79' lang='lat' dir='ltr'>ellquortintdam·¹</span> <span class='ocrx_word' id='word_1_608' title='bbox 830 4520 1049 4599; x_wconf 76' lang='lat' dir='ltr'>incomminus,</span> <span class='ocrx_word' id='word_1_609' title='bbox 1088 4528 1264 4590; x_wconf 79' lang='lat' dir='ltr'>mixtionis.</span> <span class='ocrx_word' id='word_1_610' title='bbox 1697 4544 1701 4555; x_wconf 92' lang='grc'><strong><em>·</em></strong></span> 
     </span>
     <span class='ocr_line' id='line_1_51' title="bbox 287 4590 1847 4686; baseline 0.003 -30"><span class='ocrx_word' id='word_1_611' title='bbox 287 4592 337 4656; x_wconf 89' lang='lat' dir='ltr'>obl</span> <span class='ocrx_word' id='word_1_612' title='bbox 361 4590 398 4686; x_wconf 80' lang='lat' dir='ltr'>ad</span> <span class='ocrx_word' id='word_1_613' title='bbox 417 4594 580 4658; x_wconf 78' lang='lat' dir='ltr'>evitandas</span> <span class='ocrx_word' id='word_1_614' title='bbox 601 4593 717 4663; x_wconf 87' lang='lat' dir='ltr'>sraudcs</span> <span class='ocrx_word' id='word_1_615' title='bbox 736 4647 745 4677; x_wconf 96' lang='lat'>,</span> <span class='ocrx_word' id='word_1_616' title='bbox 762 4618 951 4666; x_wconf 88' lang='lat' dir='ltr'>occurrente·</span> <span class='ocrx_word' id='word_1_617' title='bbox 963 4600 1052 4667; x_wconf 91' lang='lat' dir='ltr'>dubio</span> <span class='ocrx_word' id='word_1_618' title='bbox 1125 4605 1272 4668; x_wconf 83' lang='lat' dir='ltr'>Similiter</span> <span class='ocrx_word' id='word_1_619' title='bbox 1292 4603 1347 4678; x_wconf 86' lang='lat' dir='ltr'>qui</span> <span class='ocrx_word' id='word_1_620' title='bbox 1369 4602 1479 4665; x_wconf 91' lang='lat' dir='ltr'>utitur·</span> <span class='ocrx_word' id='word_1_621' title='bbox 1499 4598 1600 4677; x_wconf 88' lang='lat' dir='ltr'>aliquo</span> <span class='ocrx_word' id='word_1_622' title='bbox 1628 4596 1788 4674; x_wconf 85' lang='lat' dir='ltr'>artificio,</span> <span class='ocrx_word' id='word_1_623' title='bbox 1811 4613 1847 4662; x_wconf 92' lang='lat' dir='ltr'>ut</span> 
     </span>
     <span class='ocr_line' id='line_1_52' title="bbox 287 4671 1850 4759; baseline 0.004 -25"><span class='ocrx_word' id='word_1_624' title='bbox 287 4671 323 4737; x_wconf 89' lang='lat' dir='ltr'>de</span> <span class='ocrx_word' id='word_1_625' title='bbox 344 4671 556 4738; x_wconf 85' lang='lat' dir='ltr'>burrrscemodi</span> <span class='ocrx_word' id='word_1_626' title='bbox 570 4675 668 4756; x_wconf 89' lang='lat' dir='ltr'>dolis,</span> <span class='ocrx_word' id='word_1_627' title='bbox 682 4682 800 4757; x_wconf 73' lang='lat' dir='ltr'>cogitur</span> <span class='ocrx_word' id='word_1_628' title='bbox 816 4682 960 4745; x_wconf 86' lang='lat' dir='ltr'>venditor</span> <span class='ocrx_word' id='word_1_629' title='bbox 979 4730 987 4758; x_wconf 93' lang='lat'>‚</span> <span class='ocrx_word' id='word_1_630' title='bbox 1018 4681 1051 4746; x_wconf 75' lang='grc' dir='ltr'>δι</span> <span class='ocrx_word' id='word_1_631' title='bbox 1085 4687 1194 4750; x_wconf 88' lang='lat' dir='ltr'>mercis</span> <span class='ocrx_word' id='word_1_632' title='bbox 1208 4683 1333 4747; x_wconf 80' lang='lat' dir='ltr'>bonitas¹</span> <span class='ocrx_word' id='word_1_633' title='bbox 1346 4684 1442 4758; x_wconf 81' lang='lat' dir='ltr'>magis</span> <span class='ocrx_word' id='word_1_634' title='bbox 1461 4683 1616 4756; x_wconf 89' lang='lat' dir='ltr'>maiorque</span> <span class='ocrx_word' id='word_1_635' title='bbox 1636 4692 1850 4759; x_wconf 65' lang='lat' dir='ltr'>appareat„ac</span> 
     </span>
     <span class='ocr_line' id='line_1_53' title="bbox 286 4757 1850 4839; baseline 0.002 -22"><span class='ocrx_word' id='word_1_636' title='bbox 286 4771 453 4818; x_wconf 81' lang='lat' dir='ltr'>extraneus</span> <span class='ocrx_word' id='word_1_637' title='bbox 467 4772 591 4831; x_wconf 90' lang='lat' dir='ltr'>emptor</span> <span class='ocrx_word' id='word_1_638' title='bbox 610 4758 646 4822; x_wconf 89' lang='lat' dir='ltr'>ad</span> <span class='ocrx_word' id='word_1_639' title='bbox 667 4757 849 4824; x_wconf 87' lang='lat' dir='ltr'>firmandum</span> <span class='ocrx_word' id='word_1_640' title='bbox 876 4760 1058 4839; x_wconf 82' lang='lat' dir='ltr'>juramento</span> <span class='ocrx_word' id='word_1_641' title='bbox 1087 4765 1156 4829; x_wconf 90' lang='lat' dir='ltr'>ideo</span> <span class='ocrx_word' id='word_1_642' title='bbox 1171 4763 1278 4828; x_wconf 88' lang='lat' dir='ltr'>vendit</span> <span class='ocrx_word' id='word_1_643' title='bbox 1298 4759 1387 4838; x_wconf 84' lang='lat' dir='ltr'>supra</span> <span class='ocrx_word' id='word_1_644' title='bbox 1421 4757 1595 4837; x_wconf 70' lang='lat' dir='ltr'>summumr</span> <span class='ocrx_word' id='word_1_645' title='bbox 1617 4779 1687 4823; x_wconf 89' lang='lat' dir='ltr'>nam</span> <span class='ocrx_word' id='word_1_646' title='bbox 1716 4778 1786 4822; x_wconf 91' lang='lat' dir='ltr'>cum</span> <span class='ocrx_word' id='word_1_647' title='bbox 1809 4776 1850 4820; x_wconf 85' lang='lat' dir='ltr'>err</span> 
     </span>
     <span class='ocr_line' id='line_1_54' title="bbox 284 4830 1856 4928; baseline -0.005 -20"><span class='ocrx_word' id='word_1_648' title='bbox 284 4832 366 4928; x_wconf 64' lang='lat' dir='ltr'>uuqd</span> <span class='ocrx_word' id='word_1_649' title='bbox 388 4850 495 4899; x_wconf 68' lang='lat' dir='ltr'>revela</span> <span class='ocrx_word' id='word_1_650' title='bbox 523 4830 656 4902; x_wconf 86' lang='lat' dir='ltr'>solntnm</span> <span class='ocrx_word' id='word_1_651' title='bbox 680 4836 719 4903; x_wconf 80' lang='lat' dir='ltr'>sit</span> <span class='ocrx_word' id='word_1_652' title='bbox 741 4840 805 4903; x_wconf 89' lang='lat' dir='ltr'>tale</span> <span class='ocrx_word' id='word_1_653' title='bbox 825 4845 986 4920; x_wconf 87' lang='lat' dir='ltr'>pretium,</span> <span class='ocrx_word' id='word_1_654' title='bbox 1016 4840 1057 4907; x_wconf 72' lang='grc' dir='ltr'>ἀ.</span> <span class='ocrx_word' id='word_1_655' title='bbox 1087 4846 1143 4911; x_wconf 82' lang='lat' dir='ltr'>tali</span> <span class='ocrx_word' id='word_1_656' title='bbox 1161 4839 1294 4908; x_wconf 79' lang='lat' dir='ltr'>artificio</span> <span class='ocrx_word' id='word_1_657' title='bbox 1315 4841 1443 4907; x_wconf 77' lang='lat' dir='ltr'>bonitas</span> <span class='ocrx_word' id='word_1_658' title='bbox 1457 4860 1563 4905; x_wconf 88' lang='lat' dir='ltr'>revera</span> <span class='ocrx_word' id='word_1_659' title='bbox 1583 4860 1644 4903; x_wconf 94' lang='lat' dir='ltr'>non</span> <span class='ocrx_word' id='word_1_660' title='bbox 1670 4855 1818 4916; x_wconf 82' lang='lat' dir='ltr'>augeatur</span> <span class='ocrx_word' id='word_1_661' title='bbox 1840 4885 1856 4914; x_wconf 89' lang='grc'>,.</span> 
     </span>
     <span class='ocr_line' id='line_1_55' title="bbox 284 4913 1850 5058; baseline 0.003 -84"><span class='ocrx_word' id='word_1_662' title='bbox 284 4930 406 4990; x_wconf 79' lang='lat' dir='ltr'>cogitur</span> <span class='ocrx_word' id='word_1_663' title='bbox 433 4913 682 5058; x_wconf 47' lang='lat' dir='ltr'>consanfuineus</span> <span class='ocrx_word' id='word_1_664' title='bbox 706 4918 869 4983; x_wconf 83' lang='lat' dir='ltr'>retrahens·</span> <span class='ocrx_word' id='word_1_665' title='bbox 882 4920 923 4985; x_wconf 80' lang='lat' dir='ltr'>ed</span> <span class='ocrx_word' id='word_1_666' title='bbox 944 4923 1049 4986; x_wconf 91' lang='lat' dir='ltr'>iuran·</span> <span class='ocrx_word' id='word_1_667' title='bbox 1087 4926 1155 4988; x_wconf 88' lang='lat' dir='ltr'>ideo</span> <span class='ocrx_word' id='word_1_668' title='bbox 1170 4923 1245 4987; x_wconf 89' lang='lat' dir='ltr'>nihil</span> <span class='ocrx_word' id='word_1_669' title='bbox 1266 4921 1331 4999; x_wconf 92' lang='lat' dir='ltr'>plus</span> <span class='ocrx_word' id='word_1_670' title='bbox 1350 4922 1466 5000; x_wconf 55' lang='lat' dir='ltr'>palen¹</span> <span class='ocrx_word' id='word_1_671' title='bbox 1477 4939 1596 4986; x_wconf 90' lang='lat' dir='ltr'>necnon</span> <span class='ocrx_word' id='word_1_672' title='bbox 1612 4921 1663 4996; x_wconf 93' lang='lat' dir='ltr'>qui</span> <span class='ocrx_word' id='word_1_673' title='bbox 1684 4919 1785 4994; x_wconf 89' lang='lat' dir='ltr'>aliquo</span> <span class='ocrx_word' id='word_1_674' title='bbox 1802 4936 1850 4979; x_wconf 86' lang='lat' dir='ltr'>ar·</span> 
     </span>
     <span class='ocr_line' id='line_1_56' title="bbox 284 4991 1851 5144; baseline -0.009 -71"><span class='ocrx_word' id='word_1_675' title='bbox 284 4991 357 5056; x_wconf 70' lang='lat'>‘¹⁰⁰¹</span> <span class='ocrx_word' id='word_1_676' title='bbox 375 4993 454 5072; x_wconf 74' lang='lat' dir='ltr'>qUOd</span> <span class='ocrx_word' id='word_1_677' title='bbox 473 5014 526 5069; x_wconf 72' lang='grc' dir='ltr'>Ρῐο</span> <span class='ocrx_word' id='word_1_678' title='bbox 554 5014 591 5074; x_wconf 81' lang='lat' dir='ltr'>e·,</span> <span class='ocrx_word' id='word_1_679' title='bbox 610 4996 644 5062; x_wconf 81' lang='lat' dir='ltr'>dr</span> <span class='ocrx_word' id='word_1_680' title='bbox 663 4999 975 5144; x_wconf 48' lang='lat' dir='ltr'>Kupriocommodo,</span> <span class='ocrx_word' id='word_1_681' title='bbox 990 5022 1051 5067; x_wconf 92' lang='lat' dir='ltr'>non</span> <span class='ocrx_word' id='word_1_682' title='bbox 1089 5003 1189 5070; x_wconf 90' lang='lat' dir='ltr'>tilicio</span> <span class='ocrx_word' id='word_1_683' title='bbox 1208 5002 1450 5082; x_wconf 77' lang='lat' dir='ltr'>pondus-auget,</span> <span class='ocrx_word' id='word_1_684' title='bbox 1470 5001 1520 5065; x_wconf 86' lang='lat' dir='ltr'>vel</span> <span class='ocrx_word' id='word_1_685' title='bbox 1542 4995 1752 5141; x_wconf 49' lang='lat' dir='ltr'>extensrofrem</span> <span class='ocrx_word' id='word_1_686' title='bbox 1770 5015 1851 5060; x_wconf 90' lang='lat' dir='ltr'>mer·</span> 
     </span>
     <span class='ocr_line' id='line_1_57' title="bbox 283 5076 1859 5224; baseline 0.003 -86"><span class='ocrx_word' id='word_1_687' title='bbox 283 5076 412 5140; x_wconf 76' lang='lat' dir='ltr'>omnino</span> <span class='ocrx_word' id='word_1_688' title='bbox 434 5094 487 5153; x_wconf 90' lang='lat' dir='ltr'>pro</span> <span class='ocrx_word' id='word_1_689' title='bbox 503 5077 665 5145; x_wconf 81' lang='lat' dir='ltr'>alio-retra</span> <span class='ocrx_word' id='word_1_690' title='bbox 707 5098 740 5144; x_wconf 86' lang='lat' dir='ltr'>re</span> <span class='ocrx_word' id='word_1_691' title='bbox 756 5080 835 5147; x_wconf 80' lang='lat' dir='ltr'>velit</span> <span class='ocrx_word' id='word_1_692' title='bbox 844 5124 860 5145; x_wconf 81' lang='grc'>..</span> <span class='ocrx_word' id='word_1_693' title='bbox 1028 5130 1035 5148; x_wconf 90' lang='lat'>.-</span> <span class='ocrx_word' id='word_1_694' title='bbox 1088 5086 1153 5164; x_wconf 84' lang='lat' dir='ltr'>ris,¹</span> <span class='ocrx_word' id='word_1_695' title='bbox 1167 5103 1198 5151; x_wconf 77' lang='lat' dir='ltr'>v·</span> <span class='ocrx_word' id='word_1_696' title='bbox 1207 5103 1240 5163; x_wconf 75' lang='lat' dir='ltr'>g..</span> <span class='ocrx_word' id='word_1_697' title='bbox 1252 5080 1391 5162; x_wconf 76' lang='lat' dir='ltr'>segetem·</span> <span class='ocrx_word' id='word_1_698' title='bbox 1402 5103 1477 5160; x_wconf 86' lang='lat' dir='ltr'>aqua</span> <span class='ocrx_word' id='word_1_699' title='bbox 1482 5076 1634 5224; x_wconf 53' lang='lat' dir='ltr'>fispergat</span> <span class='ocrx_word' id='word_1_700' title='bbox 1643 5124 1662 5157; x_wconf 89' lang='grc'>,.</span> <span class='ocrx_word' id='word_1_701' title='bbox 1687 5096 1795 5153; x_wconf 84' lang='lat' dir='ltr'>anam,</span> <span class='ocrx_word' id='word_1_702' title='bbox 1816 5077 1859 5142; x_wconf 90' lang='lat' dir='ltr'>li·-</span> 
     </span>
    </p>

    <p class='ocr_par' dir='ltr' id='par_1_6' title="bbox 1556 5175 1823 5241">
     <span class='ocr_line' id='line_1_58' title="bbox 1556 5175 1823 5241; baseline -0.007 -19"><span class='ocrx_word' id='word_1_703' title='bbox 1556 5180 1583 5241; x_wconf 79' lang='lat'>4-</span> <span class='ocrx_word' id='word_1_704' title='bbox 1736 5175 1823 5222; x_wconf 88' lang='lat' dir='ltr'>num·</span> 
     </span>
    </p>
   </div>
   <div class='ocr_carea' id='block_1_4' title="bbox 0 0 2218 6000">
    <p class='ocr_par' dir='ltr' id='par_1_7' title="bbox 0 0 2218 6000">
     <span class='ocr_line' id='line_1_59' title="bbox 0 0 2218 6000; baseline 0 7"><span class='ocrx_word' id='word_1_705' title='bbox 0 0 2218 6000; x_wconf 95' lang='lat' dir='ltr'> </span> 
     </span>
    </p>
   </div>
  </div>
 </body>
</html>
