4425 6000
530 523 1541 604 Tirenusremitit-truncamus
1718 552 1785 627 ¹05

259 632 372 720 npetu,
393 627 443 697 sed
459 623 571 705 semper
588 641 726 690 remanet
741 644 776 689 ae
793 643 863 688 cum
890 623 945 687 tasi
963 640 1036 687 one·
1072 623 1148 687 aiios
1162 624 1311 689 reddenda
1331 625 1373 689 est
1388 629 1513 694 domino
1531 624 1677 694 subeuius
1689 631 1758 694 iure
1771 649 1840 707 pes·
1880 634 1886 641 ’
1955 617 1957 621 ’

270 710 432 781 retransit
455 732 464 773 r
486 705 632 787 generalis
654 726 728 770 vero
747 700 930 773 transeundo
958 700 1038 766 bona
1071 703 1216 785 severat,
1230 703 1265 770 δι
1288 705 1324 769 ad
1340 728 1431 782 quem
1446 709 1577 774 clamat.
1600 708 1673 772 Non
1691 708 1839 772 enirnfie·

268 793 416 938 zebitoris
438 790 473 855 ad
490 787 585 851 alium
605 784 792 863 possessorem
813 778 1038 861 perit,quiaas·
1072 784 1098 847 ri
1130 784 1227 862 potest
1257 785 1346 849 alteri
1381 787 1539 852 resiitutio
1567 789 1604 852 de
1628 809 1668 853 eo
1690 791 1767 863 qmd
1794 784 1838 850 est

294 876 338 937 cit
355 866 587 940 debitoritbona
603 886 664 931 nou
683 880 771 942 prout
787 865 819 925 iu
840 860 888 941 se,
909 860 958 926 sed
969 883 1039 938 qua·
1074 862 1224 937 alienum,
1243 887 1313 929 curn
1329 866 1366 929 de
1387 872 1511 945 propriis
1522 864 1661 933 facienda
1686 867 1732 931 sit.
1750 864 1839 943 Quod

269 971 363 1018 renus
377 950 524 1015 debitoris
539 944 628 1024 suut,
644 944 681 1010 de
701 942 740 1008 ste
770 943 807 1007 ad
832 942 926 1036 allium
955 959 1039 1006 tran·
1073 942 1094 1005 st
1116 939 1198 1008 sorte
1215 949 1371 1024 ignoretur
1386 948 1526 1018 doninus
1543 952 1586 1014 rei
1605 969 1672 1025 quae
1694 966 1797 1014 manet
1809 950 1840 1008 in

273 1030 391 1096 seundo
410 1028 578 1093 liberantur
597 1047 614 1089 a
631 1026 685 1090 tali
704 1043 816 1089 onere.
835 1022 883 1087 Sic
906 1023 1036 1085 Salmat.
1074 1019 1124 1088 sua
1153 1024 1248 1103 specie
1269 1075 1278 1104 ,
1311 1043 1347 1091 ut
1368 1028 1434 1093 bec
1456 1028 1568 1105 vestis,
1596 1028 1652 1091 hoc
1681 1048 1756 1102 vas,
1775 1026 1839 1092 dte.

267 1132 342 1177 eum
356 1112 437 1174 eliis.
457 1106 596 1169 Tandem
615 1106 677 1169 alia
696 1100 764 1167 sunt
781 1121 821 1165 ex
838 1102 944 1166 desidio
956 1147 964 1179 ,
976 1102 1038 1166 alia
1074 1122 1147 1170 tune
1161 1106 1359 1184 expendenda
1377 1106 1420 1172 est
1449 1110 1483 1171 in
1500 1127 1642 1186 pauperes
1670 1155 1681 1185 ,
1715 1108 1835 1184 asiaque

268 1211 311 1256 ex
331 1186 509 1262 contrado,
527 1206 595 1260 quae
627 1205 666 1248 ex
689 1180 1039 1266 contradu,aiiagra·
1074 1188 1123 1263 pia
1141 1205 1250 1262 opera.
1930 1254 1932 1258 ,

271 1273 355 1336 tuita
392 1287 446 1335 ute
462 1267 657 1344 procedentia
678 1285 717 1327 ex
733 1260 851 1350 liberali
875 1259 1039 1339 promiffio·
1114 1267 1218 1339 Quare
1245 1269 1327 1330 inter
1353 1266 1527 1333 creditores
1576 1271 1703 1345 primurn
1734 1267 1835 1332 locum
1897 1243 1978 1361 ἔμ’*

269 1371 334 1428 ne,
350 1293 409 1413 aba
428 1341 555 1411 onerosa
570 1362 641 1409 orta
660 1362 699 1408 ex
711 1341 805 1407 titulo
822 1339 972 1420 oneroso,
988 1363 1039 1419 pu·
1075 1362 1161 1409 tenet
1184 1346 1325 1411 venditor
1340 1348 1461 1423 quando
1478 1345 1529 1411 sua
1549 1369 1595 1412 res
1617 1347 1743 1411 vendita
1771 1367 1836 1410 em·
1852 1323 1895 1425 ξξξ
1906 1322 1964 1439 ,223⁸

268 1447 308 1496 ta
327 1428 541 1504 exemptione
557 1427 617 1487 rei.
649 1503 655 1516 ·
749 1502 767 1516 ..
1074 1426 1370 1505 proriiammaneat
1391 1427 1426 1493 δι
1446 1429 1528 1491 illius
1569 1425 1966 1499 raeriumsosutumprtmurs

314 1507 474 1582 Advorte,
489 1504 569 1580 quod
588 1501 693 1567 debita
714 1501 782 1566 alus
805 1498 991 1577 preferenda
1004 1520 1039 1564 ea
1074 1525 1137 1568 non
1158 1505 1273 1580 sir‚nec
1312 1528 1347 1569 ro
1364 1528 1403 1573 ea
1421 1509 1528 1572 datum
1549 1526 1574 1571 rt
1592 1511 1717 1587 pignus,
1733 1504 1835 1582 necsi·
1850 1504 1938 1562 larun

266 1587 489 1666 intelliguntur
521 1605 568 1647 uae
585 1579 809 1675 solvendasunt
823 1580 918 1660 quoad
939 1597 1039 1645 totum
1073 1578 1198 1650 deiussro
1223 1531 1383 1663 predita,
1410 1608 1466 1651 nec
1490 1588 1631 1654 venditor
1654 1584 1683 1649 se
1711 1582 1837 1650 manife-
1853 1569 1979 1618 '‘m‘'

270 1668 432 1733 debitum.
452 1665 492 1727 Et
533 1685 577 1727 arc
592 1682 696 1726 omma
705 1667 825 1725 caeteris
847 1662 977 1726 aliorum
985 1680 1038 1803 {e-
1073 1662 1166 1729 stavit
1194 1684 1375 1730 contentum
1401 1668 1526 1734 deeius
1556 1660 1747 1743 promissione
1769 1689 1779 1745 3
1806 1667 1839 1728 in

269 1768 381 1813 uerum
398 1740 584 1832 preferenda
605 1741 675 1804 sunt
689 1782 697 1801 .
713 1740 846 1817 Quando
863 1762 938 1807 vero
955 1739 991 1802 de
1013 1742 1038 1801 i·
1075 1744 1129 1808 tasi
1149 1748 1232 1808 enim
1247 1745 1317 1809 casu
1340 1746 1479 1812 dominus
1508 1767 1571 1811 nou
1600 1743 1755 1812 transsulit
1783 1744 1839 1808 do·

268 1844 326 1893 eor
345 1830 440 1901 impar
462 1830 518 1898 sir,
538 1822 694 1887 adomnia
719 1821 774 1882 illa
801 1820 903 1885 debita
920 1821 1039 1884 solven·
1074 1826 1205 1887 minium
1219 1827 1251 1888 iu
1270 1843 1456 1903 emptorem,
1477 1825 1528 1892 sed
1545 1827 1620 1890 iilud
1642 1827 1717 1902 apud
1745 1820 1774 1887 se
1790 1843 1839 1888 re·

269 1902 548 1983 da,expsicabitur
581 1896 660 1964 iussa
691 1900 842 1976 quomodo
877 1900 905 1965 se
936 1919 1038 1981 gerere
1075 1907 1187 1980 tinuit,
1207 1923 1243 1968 ut
1259 1924 1298 1969 ex
1312 1925 1350 1970 ea
1367 1907 1417 1971 ves
1435 1910 1500 1973 eius
1523 1909 1635 1985 praetio
1648 1922 1719 1968 ante
1736 1924 1842 1980 quem·

268 1985 398 2051 debeat.
1072 2003 1199 2061 cumque
1221 1989 1373 2062 percipere
1393 1987 1490 2063 posset
1507 1986 1708 2058 solutionem,
1726 1984 1840 2047 ideirco

271 2113 276 2118 -
310 2064 425 2129 Debita
452 2080 538 2128 certa
566 2062 687 2124 caeteris
706 2058 824 2135 paribus
850 2059 1039 2139 praeserenda
1073 2062 1094 2126 si
1110 2079 1229 2139 emptor
1249 2056 1306 2129 fiat
1323 2068 1473 2143 impotens
1489 2066 1524 2129 ad
1551 2062 1746 2139 solvendum,
1766 2082 1842 2127 ven·

265 2143 344 2213 sunt
372 2146 525 2220 incertis;
549 2143 630 2206 itaut
664 2140 749 2216 plura
771 2140 882 2204 habens
905 2141 1039 2219 debita,
1072 2143 1155 2207 ditor
1174 2146 1354 2219 cuicumque
1375 2146 1437 2210 alio
1463 2145 1603 2209 creditori
1636 2139 1841 2220 praeferendus

264 2227 354 2303 prius
369 2244 405 2288 ea
425 2244 494 2300 quae
512 2237 598 2285 certa
619 2218 689 2283 suut
711 2217 871 2283 restituere
887 2221 975 2284 debet
993 2219 1037 2283 id·
1071 2221 1165 2288 estin
1189 2221 1339 2288 solutione
1367 2247 1421 2304 per
1449 2246 1515 2290 rem
1543 2223 1625 2288 suam
1652 2240 1839 2299 extantem3

266 2302 316 2369 esd
333 2303 520 2369 debitoribus
540 2303 624 2363 notis
646 2304 677 2360 in
702 2316 821 2377 totum,
842 2300 875 2365 dc
896 2297 1037 2378 posteasr
1074 2323 1128 2366 nee
1145 2302 1240 2379 potest
1259 2325 1298 2367 ex
1318 2325 1355 2369 ea
1375 2303 1443 2368 fieri
1460 2305 1571 2369 solutio
1599 2305 1651 2367 seu
1683 2299 1839 2365 restitutio

265 2384 384 2462 aliquid
404 2385 434 2448 ei
455 2378 578 2459 supersit
605 2378 707 2442 debita
736 2384 857 2445 incerta
883 2376 1038 2457 quousque
1072 2382 1164 2446 alteri
1181 2382 1324 2447 creditori
1347 2431 1355 2459 ,
1381 2386 1457 2448 alias
1472 2385 1541 2449 taiis
1564 2381 1716 2447 restitutio
1746 2377 1837 2446 fieret

266 2462 300 2527 se
318 2463 490 2529 extendunt
507 2459 567 2524 suae
583 2450 748 2523 sacristates
772 2482 779 2522 :
801 2459 844 2548 est
866 2464 1036 2523 communis
1071 2484 1089 2528 a
1109 2460 1246 2527 debitore
1266 2484 1326 2526 non
1343 2486 1382 2528 ex
1402 2485 1435 2528 re
1461 2466 1580 2541 propria
1602 2510 1610 2540 ,
1635 2457 1722 2526 sicuti
1750 2478 1837 2525 tene·
1862 2460 1876 2492 '⁶

263 2555 337 2610 c'um
353 2545 389 2606 S,
403 2543 553 2607 Antonin.
571 2539 669 2603 Caiet.
692 2538 813 2622 sylves.
841 2540 959 2616 Leffio,
975 2541 1036 2605 Lu·
1072 2560 1143 2621 tur,
1159 2541 1207 2604 sed
1226 2563 1263 2605 rar
1276 2544 1376 2608 aliena
1397 2586 1406 2605 .
1427 2545 1496 2609 Hoc
1514 2543 1602 2608 valde
1617 2562 1782 2619 congruum
1793 2559 1837 2602 ae·

290 2620 441 2700 masiisve
459 2645 468 2700 3
489 2623 559 2697 quia
579 2617 680 2684 debita
701 2641 785 2685 certa
801 2624 895 2699 magis
919 2624 1036 2700 proprie
1071 2625 1183 2699 quitari
1203 2619 1299 2685 visum
1316 2620 1375 2688 suit
1390 2623 1565 2703 Caietano,
1594 2620 1754 2705 Sylvesiro
1773 2619 1835 2683 &c-

265 2645 337 2768 sunt
360 2700 493 2779 debita,
517 2700 551 2764 dr
574 2697 740 2777 specifice,
766 2721 854 2776 quam
888 2704 1033 2764 incerta.
1069 2702 1160 2777 Qrod
1178 2698 1198 2761 sr
1216 2702 1359 2766 venditor
1381 2706 1431 2767 vel
1451 2708 1575 2781 pignus,
1596 2719 1650 2764 aut
1672 2696 1837 2762 fideiussio-

266 2783 353 2847 Nam
371 2804 442 2846 eum
462 2784 577 2842 incerta
598 2798 657 2839 non
677 2798 797 2842 certum
817 2778 948 2842 habeant
982 2780 1037 2842 do-
1070 2802 1140 2844 nem
1160 2780 1332 2845 obtinuerit
1355 2783 1404 2845 vel
1427 2781 1545 2847 securus
1565 2780 1601 2845 de
1628 2779 1688 2843 fide
1716 2796 1838 2855 empto-

265 2868 385 2933 minum
403 2860 554 2939 eroganda
579 2854 646 2920 sunt
667 2859 699 2919 in
717 2854 880 2921 Ecclesiam
899 2859 1035 2934 velpau·
1071 2863 1111 2923 ris
1132 2878 1300 2922 contentus
1321 2858 1380 2923 fuit
1408 2862 1445 2923 de
1476 2863 1563 2938 ipsius
1584 2857 1773 2937 promissione
1790 2857 1836 2921 so-

266 2962 375 3023 peret,
390 2942 444 3017 qui
463 2959 526 3003 non
545 2936 656 3001 habent
675 2954 797 3001 tautum
821 2941 868 3001 ius
891 2936 928 3002 ad
953 2935 1034 3003 bona
1067 2961 1105 3004 eo
1126 2942 1243 3015 praetii,
1273 2937 1515 3005 sustinentmulti
1529 2936 1713 3019 gravesou
1735 2936 1848 3004 utCo·.

266 3024 411 3088 debitoris
431 3017 511 3083 sicut
525 3017 697 3104 Creditorts
717 3020 794 3080 certi
815 3015 928 3082 ‚nuso
953 3023 1033 3082 enim
1069 3020 1337 3084 vanuanavarr.
1352 3022 1561 3100 AzonLugo,
1580 3020 1660 3095 aliiq.
1683 3038 1836 3082 exsecen-

267 3122 448 3184 pauperum,
468 3098 502 3162 ἃ
520 3099 656 3161 Eecsesrae
679 3095 719 3160 est
740 3099 876 3175 generice
898 3102 944 3162 ita
966 3099 1031 3162 utsi
1068 3096 1312 3164 rioribuscontra
1328 3100 1452 3164 Baunez
1465 3146 1475 3177 ,
1489 3102 1587 3165 Caiet.
1603 3097 1730 3181 sylvest.
1746 3117 1835 3178 ,tuuc

266 3180 444 3261 pauperibus
472 3178 648 3242 tribuantur
677 3198 739 3241 non
769 3177 939 3254 Ecclesia,
970 3196 1032 3242 non
1069 3177 1260 3243 venditorem
1288 3183 1335 3242 ius
1366 3200 1426 3244 non
1450 3180 1558 3244 habere
1580 3180 1766 3259 praelationis
1787 3175 1835 3240 su-

264 3258 400 3326 insertur
421 3258 625 3335 praeiudicium
647 3253 806 3333 Ecclesiae,
827 3256 1031 3322 &econtra
1067 3278 1121 3338 per
1146 3256 1222 3322 alios
1241 3260 1426 3325 creditores.
1447 3261 1487 3326 Et
1509 3259 1573 3324 haec
1607 3259 1761 3322 sententia
1781 3278 1835 3319 ve·

266 3340 463 3407 Ceterorum
476 3357 552 3402 vero
573 3337 653 3400 adio
671 3337 857 3401 creditorum
878 3335 919 3400 est
941 3334 1031 3414 speci·
1066 3342 1126 3402 rior
1148 3338 1299 3411 videtur.
1328 3340 1412 3415 Quia
1437 3361 1489 3417 per
1517 3334 1707 3405 contrastum
1728 3337 1836 3403 vendi·

266 3421 325 3488 srea
348 3418 519 3492 naturalis,
535 3415 568 3480 δε
585 3417 702 3480 civilis.
720 3412 843 3480 Dicitur
860 3435 1006 3482 notanter
1027 3464 1035 3492 ,
1067 3419 1161 3481 tionis
1184 3416 1368 3494 perfeetum,
1386 3420 1465 3496 quod
1483 3419 1521 3483 fit
1549 3418 1668 3497 quando
1697 3439 1743 3482 res
1769 3437 1834 3480 rra·
1927 3437 1930 3444 ·

263 3500 380 3574 seinse
396 3495 620 3575 paribus,quia
648 3496 668 3557 si
698 3496 776 3560 bona
799 3493 891 3560 debiti
921 3500 1030 3561 incerti
1067 3497 1132 3562 dita
1159 3494 1201 3558 est
1234 3502 1364 3575 emptori
1399 3548 1407 3573 ,
1441 3492 1636 3575 &praetium
1666 3500 1695 3560 ei
1733 3496 1832 3561 credi·

231 3598 376 3649 *extent
397 3586 428 3641 in
449 3573 634 3652 s‘uaspecie,
654 3573 688 3639 ἃ
709 3596 769 3638 non
791 3573 830 3639 sse
853 3575 934 3641 bona
964 3592 1031 3640 cer·
1066 3595 1163 3654 tum,
1190 3579 1262 3641 licet
1298 3599 1360 3640 non
1394 3576 1532 3643 solutum·
1551 3575 1720 3642 tranfertur
1736 3578 1835 3640 domi·

263 3657 456 3737 ta,·ressitui
476 3653 587 3718 debent
620 3658 651 3716 irr
679 3655 732 3717 tali
753 3653 824 3743 casu
848 3658 929 3733 prius
949 3656 1029 3721 bona
1066 3661 1150 3719 nium
1172 3658 1205 3718 in
1224 3676 1416 3737 emptorem,
1436 3676 1471 3722 ut
1481 3657 1516 3721 de
1530 3658 1583 3722 illa
1608 3655 1684 3722 sieut
1708 3656 1745 3719 de
1772 3676 1832 3719 cae·

262 3743 632 3813 inretimquamcerta,
661 3734 740 3795 itaut
762 3733 947 3821 srdomiuus
968 3756 1031 3800 non
1066 3739 1140 3801 teris
1173 3733 1230 3799 suis
1255 3738 1339 3800 bonis
1363 3735 1543 3801 censendum
1571 3736 1637 3814 sit,
1664 3733 1830 3811 exquibus

261 3824 462 3890 inveniatur,
480 3810 576 3874 danda
593 3806 667 3901 sunt·
682 3810 821 3874 Ecclesrae
839 3814 892 3875 vei
920 3836 1030 3893 paupe·
1064 3834 1183 3880 certum
1198 3815 1241 3879 esi
1263 3815 1385 3894 singuiis
1405 3818 1604 3880 creditoribus
1622 3837 1684 3878 non
1708 3814 1831 3891 privile·

260 3899 345 3967 ribus
362 3899 464 3974 potius
487 3911 576 3983 quam
596 3908 633 3952 ex
653 3887 725 3983 ¹ipsis
757 3890 885 3983 satisfiat
901 3895 1029 3958 credito·
1064 3896 1153 3975 giatis
1168 3893 1203 3960 dc
1223 3896 1444 3978 hypothecariis
1461 3918 1513 3973 pro
1533 3915 1601 3960 rata
1626 3898 1686 3959 esse
1713 3891 1830 3958 solven-

260 3980 346 4046 ribus
362 3978 474 4049 certisr
495 3991 564 4048 quta
579 3967 777 4034 creditoribus
793 3990 884 4033 cerus
907 3972 1028 4037 debitor
1063 3975 1133 4039 dum
1147 4022 1157 4053 ,
1171 3975 1205 4040 ὃ(
1225 3997 1288 4039 non
1307 3979 1363 4040 uni
1383 3980 1465 4053 prius
1482 3976 1673 4052 quamaliit.

258 4060 419 4136 obligatus
445 4052 487 4117 est
515 4048 673 4113 ressiruere
699 4050 846 4137 erqbonis
873 4056 1030 4131 propriis,
1104 4054 1171 4123 Nee
1188 4056 1275 4120 valet
1291 4056 1390 4120 dicere
1417 4054 1496 4131 quod
1522 4053 1674 4133 quousque
1691 4053 1831 4119 solvatur

259 4161 325 4204 non
344 4138 468 4212 asienis,
488 4131 588 4218 aliena
609 4146 713 4193 autem
730 4131 801 4197 suut
829 4132 907 4195 bona
937 4131 1029 4195 credi·
1064 4136 1208 4211 praetium
1225 4157 1270 4199 res
1293 4138 1418 4200 vendita
1428 4153 1535 4198 extans
1545 4135 1750 4219 hypothecam
1765 4139 1829 4195 vir-

263 4222 340 4283 turis
372 4218 508 4290 inserti,
533 4212 552 4274 ss
574 4210 671 4275 adbuc
692 4228 833 4281 ertentr
858 4216 928 4288 quia
956 4209 1028 4274 sem·
1049 4214 1198 4280 -euaiiter
1223 4233 1348 4278 maneat
1370 4236 1427 4291 pro
1452 4216 1638 4280 venditore.
1665 4217 1748 4278 Nam
1770 4215 1827 4276 hoe

262 4321 321 4378 per·
336 4298 600 4374 manentproprio
621 4290 780 4362 domiuo,
1063 4289 1172 4358 salsum
1189 4297 1231 4359 ess
1250 4301 1399 4374 praecipue
1416 4298 1447 4357 in
1467 4295 1536 4360 casu
1553 4293 1655 4359 nosiro
1671 4292 1829 4370 exposito,

303 4379 363 4443 Res
384 4380 483 4442 asiena
507 4376 602 4440 adhuc
622 4378 652 4437 in
674 4373 828 4439 secretam
857 4370 1026 4437 indubitan·
1062 4375 1182 4448 quando
1200 4375 1345 4439 venditor
1376 4372 1479 4438 babuit
1502 4395 1555 4440 aut
1575 4379 1696 4454 pignus,
1712 4390 1766 4436 aut
1791 4371 1829 4433 si·

259 4478 312 4526 ter
339 4461 451 4523 docent
469 4458 536 4521 DD.
554 4477 657 4520 omnes
674 4455 804 4520 dandam
824 4452 884 4519 effe
905 4453 1026 4518 eiusdo·
1061 4449 1343 4530 deiuffionem‚vel
1369 4455 1541 4519 voluntarie
1572 4477 1606 4519 ac
1637 4457 1729 4518 iibere
1759 4474 1828 4523 cou-

260 4543 371 4616 mino‚
398 4559 493 4615 neque
523 4537 604 4613 posse
630 4556 680 4611 per
709 4558 778 4600 eam
801 4532 939 4600 satisfieri
961 4537 1025 4598 tui·
1061 4531 1150 4598 sensit
1177 4537 1332 4608 experiare
1359 4532 1541 4598 solutionem
1570 4538 1671 4609 pretii
1700 4533 1737 4596 ab
1767 4552 1829 4595 em·

261 4640 390 4696 eumque
421 4620 483 4682 aiio
508 4616 652 4681 creditori
679 4619 774 4680 eriam
807 4618 1025 4694 privilegiato,
1063 4633 1168 4691 ptore.
1192 4613 1314 4676 Etenim
1333 4618 1430 4677 omnis
1456 4614 1625 4694 hypotheca
1644 4617 1707 4677 vim
1739 4611 1829 4678 habet

260 4706 330 4780 quia
361 4696 551 4775 quoadusque
588 4717 635 4759 res
665 4716 789 4763 maneat
814 4718 879 4774 ‚ac
905 4714 959 4770 pro
989 4714 1025 4760 ea
1060 4695 1111 4757 vei
1132 4714 1172 4759 ex
1201 4691 1396 4758 consensione
1432 4698 1584 4772 partium,
1622 4693 1708 4758 vela
1733 4693 1828 4770 seges

261 4782 408 4862 praetium
425 4801 484 4842 non
501 4779 537 4841 sit
554 4776 704 4854 solutum,
720 4782 800 4842 itaut
825 4776 944 4841 nussum
973 4776 1026 4839 do·
1061 4777 1092 4837 in
1111 4775 1168 4839 hoc
1180 4771 1256 4862 ,casu
1277 4774 1359 4837 nulia
1381 4793 1471 4839 extat
1489 4774 1539 4836 lex
1558 4825 1564 4848 ‚
1581 4773 1666 4838 nulla
1694 4775 1828 4847 partium

260 4865 388 4926 minium
405 4858 589 4924 translatum
608 4855 644 4920 stt
661 4860 691 4919 in
708 4858 1025 4933 debitorem,utcon·
1060 4852 1212 4918 consensio
1229 4850 1398 4918 intercessit
1422 4881 1431 4919 .·
1455 4858 1531 4928 imo,
1562 4859 1605 4918 ait
1626 4853 1746 4927 quidam
1767 4850 1826 4912 Re-

261 4945 353 5021 tingit
371 4942 523 5016 praecipue
545 4943 576 5002 in
598 4937 684 5001 rebus
706 4941 895 5020 pignoratis,
916 4934 1027 5012 deposs-
1060 4937 1201 5009 centior,
1224 4935 1365 4998 venditor
1383 4938 1511 5014 pignus,
1529 4954 1584 4998 aut
1607 4927 1832 4996 fideiussionem

261 5024 320 5097 tis,
340 5019 557 5096 commodatis,
577 5040 630 5097 per
654 5009 787 5100 furtum,
809 5015 1024 5096 rapinam,ves
1060 5012 1260 5105 accipiendo,
1292 5014 1342 5079 ves
1368 5015 1458 5080 sidem
1473 5017 1621 5090 emptoris
1651 5008 1800 5086 sequendo
1816 5038 1834 5082 ,·

222 5189 225 5197 Ι
259 5099 381 5170 usuram
396 5098 558 5183 surreptis,
577 5102 821 5172 deiuremture
838 5114 1026 5169 anttomnes
1061 5114 1096 5164 ac
1117 5083 1444 5188 promdsionem,eum
1460 5094 1530 5160 baec
1552 5114 1608 5171 pro
1627 5092 1727 5157 soluto
1743 5107 1833 5226 tpraes
