4425 6000
424 601 428 606 ,
544 516 1083 597 haemorrhousam
1115 517 1339 591 Dacicoor
1370 519 1473 592 Can.
1500 517 1600 594 Vlll.
1744 525 1822 620 389

303 639 361 688 aut
380 617 533 700 suspiceris
551 669 559 697 ,
575 642 611 686 ac
631 626 760 686 intrate
775 619 876 695 dicas,
899 617 997 684 forsan
1014 617 1070 681 hoc
1107 633 1157 682 tra
1174 620 1302 694 proximi
1321 615 1432 682 samam
1453 621 1484 680 in
1510 641 1543 683 re
1563 619 1674 698 gravi,
1699 618 1742 685 est
1763 643 1869 699 peccu-

303 702 378 768 secit
439 703 513 765 alias
543 701 590 765 bic
612 701 764 783 talisnon
784 700 961 776 assereret,
988 694 1071 760 sorte
1107 713 1174 761 tum
1211 697 1344 762 mortale
1371 719 1410 762 ex
1439 718 1550 776 genere
1577 698 1628 763 suo
1654 719 1762 766 contra
1786 701 1868 765 iusti·

307 802 370 847 non
392 751 485 857 sctit,
501 783 572 856 quia
587 783 636 845 vir
652 779 758 858 probus
781 777 842 855 est,
863 777 983 842 &alter
1005 775 1068 840 falli
1107 780 1203 846 tiam.
1233 778 1311 845 Haec
1337 774 1489 844 sententia
1518 782 1686 843 communis
1715 780 1758 843 est
1787 785 1869 846 inter

305 860 421 941 potest.
444 860 525 936 Nam
546 860 653 924 indicia
670 880 737 934 quae
760 856 832 923 satis
864 879 926 922 non
948 855 1068 922 suntad
1107 856 1263 935 theologos
1283 860 1372 922 iuxta
1392 859 1618 934 Scripturarum
1637 858 1819 938 dodltinam,
1834 860 1870 928 ὃ(

299 935 622 1016 ·iudicium,safficere
631 939 751 1015 poffunc
764 939 800 1001 ad
811 937 1070 1015 opinionem,s1c·
1107 940 1255 1013 praecipue
1271 937 1416 1002 Matrhaei
1439 958 1467 1016 7.
1495 939 1588 1003 Lucae
1606 942 1634 999 6.
1663 938 1713 1001 ubi
1732 940 1868 1004 Christus

302 1023 354 1084 uti
376 1040 444 1097 quae
464 1038 525 1083 non
542 1017 698 1083 sufficiunt
718 1018 756 1082 ad
774 1021 953 1094 opinionem
973 1065 983 1096 ,
1014 1035 1068 1080 aut
1106 1015 1253 1079 Dominus
1273 1021 1316 1080 ita
1336 1020 1475 1096 praecipit
1493 1042 1502 1078 .·
1519 1019 1621 1083 Nolite
1636 1018 1768 1082 indicare
1789 1067 1799 1097 ,
1827 1018 1868 1086 (5

301 1099 520 1175 suspicionem,
540 1096 611 1163 satis
630 1096 691 1162 else
711 1097 833 1175 poliunt
853 1098 890 1161 ad
905 1097 1069 1163 dubitatio·
1105 1118 1159 1158 non
1176 1094 1402 1174 iudicabimini;
1424 1097 1515 1160 nolite
1524 1099 1732 1177 condemnare,
1752 1097 1792 1163 (ἲ
1812 1115 1876 1164 non

301 1200 399 1242 nem:
430 1177 509 1241 unde
539 1182 653 1242 maiora
681 1178 792 1243 indicia
807 1177 1014 1242 desiderantur
1030 1176 1066 1241 ad
1102 1175 1386 1239 condemnabimini.
1416 1179 1477 1241 Hic
1493 1177 1644 1242 Christum
1667 1181 1748 1255 loqui
1769 1179 1805 1244 de
1823 1184 1868 1243 iu·
1965 1239 1980 1260 ,-

297 1257 430 1337 prudens
458 1255 602 1321 iudicium
636 1279 727 1334 quam
767 1257 803 1321 ad
842 1257 1066 1333 suspicionem,
1103 1256 1181 1320 dicio
1197 1262 1360 1321 temerario
1375 1258 1497 1327 dubium
1513 1255 1574 1320 e'lse
1595 1278 1658 1322 non
1679 1259 1802 1335 potest,
1831 1279 1868 1324 ut

300 1339 354 1403 vel
393 1336 635 1414 dubitationem,
673 1340 745 1413 quia
769 1338 834 1415 plus
867 1336 909 1402 eli
934 1338 1066 1402 iudicate
1104 1352 1190 1410 patet
1207 1358 1246 1400 ex
1262 1353 1438 1401 contextu:
1463 1336 1547 1416 Quid
1574 1352 1674 1401 autem
1701 1340 1793 1402 vides
1814 1337 1867 1417 fe·

286 1439 390 1494 ,quam
407 1415 545 1494 suspicari
566 1439 600 1482 ac
618 1416 774 1480 dubitare.
809 1420 812 1425 “
852 1464 857 1469 -
1095 1418 1209 1496 stueam
1240 1417 1366 1481 inoculo
1390 1415 1502 1496 fratris
1519 1417 1565 1478 tni
1579 1440 1591 1493 ,·
1624 1416 1737 1482 trabem
1767 1431 1868 1483 autem

338 1500 421 1562 Hinc
441 1497 601 1575 colligitur
623 1518 694 1560 cum
717 1495 797 1561 didio
820 1498 929 1582 Sylvio
955 1494 1067 1560 samam
1102 1517 1168 1573 quae
1184 1495 1216 1559 in
1235 1497 1315 1559 oculo
1335 1508 1384 1559 tuo
1399 1498 1454 1575 est:
1474 1495 1566 1576 (idest
1583 1515 1743 1573 peccatum
1760 1501 1886 1576 grave).

298 1579 338 1641 de
363 1595 490 1655 peccato
518 1577 644 1640 alterius
672 1576 852 1652 quandoque
878 1574 1023 1646 excusare
1049 1597 1065 1638 a
1089 1579 1160 1638 'non
1183 1574 1369 1657 consideras?
1402 1577 1442 1641 Et
1473 1577 1500 1639 S.
1523 1576 1651 1640 Iacobus
1681 1580 1737 1654 Ap.
1760 1584 1792 1641 in
1812 1579 1865 1643 sua

298 1662 478 1722 temeritate
497 1650 691 1733 suspicionis,
707 1652 757 1718 seu
778 1657 880 1721 iudicii
905 1656 1067 1736 ,quando
1101 1655 1217 1719 Canon.
1242 1654 1326 1733 epist.
1352 1677 1418 1734 cap.
1440 1679 1469 1735 4.
1496 1656 1580 1719 simul
1608 1659 1767 1735 coniungit
1791 1659 1868 1722 iudi·

298 1755 359 1813 que
377 1759 437 1802 non
457 1738 619 1814 excusare3
640 1731 786 1800 excusare
804 1736 949 1812 quidem,
969 1735 989 1797 li
1009 1737 1064 1801 hu·
1101 1736 1183 1797 cium
1204 1739 1401 1800 temerarium
1417 1759 1487 1801 cum
1503 1734 1709 1800 derrattione:
1732 1737 1795 1818 Qui
1813 1742 1866 1801 de·

298 1818 347 1879 ius
362 1813 452 1881 famae
471 1817 618 1880 habeatur
639 1812 744 1879 audior
763 1835 865 1879 certus
881 1815 941 1880 fide
960 1815 1065 1894 dignus
1102 1814 1195 1878 ttabit
1208 1814 1327 1894 fratis,
1343 1829 1397 1882 aut
1416 1815 1529 1880 iudicat
1543 1814 1672 1896 fratrem
1687 1818 1797 1895 suum,
1816 1819 1867 1881 de·

299 1900 351 1973 qui
371 1896 445 1959 nihil
465 1895 518 1957 nili
539 1896 739 1973 undequaque
749 1895 1064 1972 probabileretulerit;
1101 1894 1193 1956 trabit
1209 1897 1291 1972 legi,
1310 1893 1350 1961 (5
1375 1895 1487 1960 iudicat
1509 1898 1616 1974 legem.
1643 1896 1786 1974 Idemque
1815 1899 1866 1963 do·

299 1996 363 2039 non
382 1972 522 2040 excusare
541 1996 616 2039 vero
634 1974 656 2037 st
677 1975 780 2040 nullus
796 1993 899 2039 certus
913 1973 1062 2040 habeatur
1099 1992 1175 2038 cent
1194 1974 1241 2036 SS.
1263 1977 1387 2051 Patres,
1412 1975 1445 2040 ἃ
1467 1979 1616 2052 praecipue
1641 1976 1678 2037 D.
1705 1976 1765 2038 Tb.
1784 1997 1811 2037 2.
1835 1997 1863 2039 2..

299 2055 423 2131 aublor,
440 2073 494 2118 aut
511 2074 613 2120 certus
628 2053 770 2131 quidem,
789 2053 837 2118 led
860 2055 955 2132 levis,
973 2054 1010 2119 dc
1027 2055 1063 2118 lit
1100 2075 1127 2130 q.
1145 2057 1198 2116 60.
1213 2067 1272 2117 art.
1293 2070 1320 2134 3.
1342 2056 1383 2118 ad
1403 2075 1431 2115 2.
1449 2060 1498 2118 Ex
1514 2056 1564 2118 boc
1584 2055 1641 2133 ipso
1659 2056 1725 2131 (ait
1753 2057 1787 2117 S.
1803 2059 1865 2120 Do·
1965 2101 1966 2104 κ

299 2139 355 2210 qui
375 2134 465 2196 fidem
482 2154 543 2198 uon
562 2152 735 2196 mereatur.
753 2136 858 2207 Quare
1099 2133 1184 2206 tior)
1206 2135 1283 2210 quod
1300 2134 1410 2212 aliquis
1429 2136 1539 2198 malam
1556 2135 1715 2211 opinionem
1736 2136 1864 2201 babetde

339 2213 488 2276 iudicium
508 2212 588 2276 aliud
604 2212 647 2276 eli
669 2213 795 2290 prudens
810 2213 930 2289 quando
947 2210 1063 2277 scilioet
1099 2213 1158 2276 alio
1172 2215 1236 2289 fine
1251 2213 1344 2294 canffa
1355 2213 1512 2293 sufficienti
1538 2262 1546 2289 ,
1561 2211 1688 2278 indebite
1706 2217 1864 2280 contemnit

297 2295 412 2357 nititur
427 2289 641 2356 sufficientibus
671 2293 786 2356 indiciis
811 2291 862 2357 seu
886 2292 1064 2357 comesturis
1086 2292 1208 2370 'ipsum
1226 2288 1267 2358 (φ
1287 2293 1349 2356 ideo
1365 2293 1527 2356 iniuriatue
1549 2295 1592 2357 ei.
1610 2292 1703 2367 Quod
1720 2295 1864 2358 iudicium

298 2374 337 2437 ad
354 2373 557 2449 generandum
577 2369 699 2434 firmum
715 2369 863 2436 assensum
884 2373 920 2436 dc
940 2374 1063 2436 alterius
1101 2377 1296 2439 temerarium
1318 2392 1414 2451 grave
1439 2371 1475 2436 sit
1504 2370 1600 2437 scelus
1626 2368 1861 2438 manifestissime

297 2451 454 2531 probitate
481 2454 529 2515 vel
559 2450 780 2529 improbitate;
811 2452 893 2517 aliud
921 2472 999 2517 vero
1020 2451 1063 2516 est
1101 2467 1186 2527 patet
1206 2454 1302 2515 etiam
1321 2473 1360 2515 ex
1380 2450 1442 2529 ipsa
1463 2456 1599 2516 ratione.
1624 2452 1707 2515 Nam
1729 2455 1863 2531 pertale

296 2531 468 2607 imprudens
485 2531 535 2595 seu
551 2534 744 2596 temerarium
765 2533 926 2608 iudicium,
944 2531 1064 2609 quando
1100 2532 1244 2594 iudicium
1267 2529 1305 2594 fit
1333 2534 1435 2611 gravis
1464 2535 1573 2596 iniuria
1603 2536 1742 2609 proximo
1762 2581 1770 2608 ,
1793 2555 1862 2597 cum
1934 2565 1938 2572 ·

297 2608 411 2675 scilicet
432 2607 648 2675 sufficientibus
678 2611 794 2674 indiciis
816 2609 866 2675 seu
882 2608 1060 2676 conietluris
1099 2613 1235 2687 graviter
1254 2611 1385 2675 laedatur
1405 2614 1452 2676 ius
1477 2611 1555 2688 quod
1579 2608 1703 2688 quisque
1718 2612 1808 2676 habet
1825 2614 1862 2678 ad

298 2711 363 2754 non
385 2695 547 2754 innititur.
569 2689 710 2767 idemque
727 2691 821 2755 dicito
840 2692 878 2754 de
894 2691 1060 2755 dubitatio·
1099 2687 1210 2755 samam
1230 2738 1240 2768 ,
1263 2690 1315 2755 seu
1329 2691 1442 2755 bonam
1464 2689 1700 2756 aestimationem
1719 2690 1767 2755 sui
1786 2692 1862 2769 apud

298 2791 339 2834 ne
355 2817 365 2846 ,
383 2770 416 2834 bt
433 2770 597 2848 suspicione
616 2817 625 2846 ,
652 2789 759 2846 nempe
780 2770 941 2847 prudentes
962 2771 1021 2832 ell'e
1040 2767 1061 2832 si
1097 2790 1320 2845 quemcumque
1338 2770 1510 2844 hominem,
1525 2772 1621 2834 donec
1637 2790 1688 2846 per
1708 2770 1860 2835 sufficien-

297 2852 474 2913 innitantur
490 2847 706 2914 sufficientibus
725 2848 902 2914 coniebluris
919 2850 956 2912 ad
966 2851 1059 2913 tatio·
1099 2853 1144 2911 tia
1161 2846 1241 2927 signa
1261 2847 1463 2926 innotestat,
1490 2849 1541 2913 seu
1566 2848 1708 2924 probetur
1735 2852 1861 2928 malus,

298 2929 439 2993 nabilitet
459 2927 679 3005 dubitandum,
703 2930 754 2992 vel
770 2926 993 3006 suspicandum3
1017 2945 1062 2991 te·
1099 2932 1186 2991 iuxta
1207 2927 1280 2990 illud
1305 2928 1450 3007 :quisque
1467 2928 1688 3009 praesumendus
1704 2931 1742 3007 est
1756 2929 1860 3009 bonus,
1924 2943 1926 2947 ’

296 3014 441 3075 merarias
467 3008 592 3093 verosi
621 3008 730 3074 talibus
759 3010 876 3074 indiciis
895 3028 958 3074 non
979 3011 1061 3072 inni·
1096 3010 1185 3072 donec
1207 3005 1340 3092 probetur
1367 3012 1493 3087 malus,
1520 3030 1585 3084 cap.
1614 3009 1646 3072 in
1670 3013 1780 3074 eunbis
1813 3031 1859 3073 ra.

253 3118 261 3125 ·
294 3107 421 3156 tantur.
1010 3107 1016 3137 ⁵
1095 3088 1173 3161 caus.
1198 3109 1244 3150 11.
1262 3109 1287 3165 q.
1310 3104 1339 3167 3.
1362 3086 1402 3155 ib*
1423 3108 1488 3166 cap.
1521 3089 1754 3167 ludnm17.·de
1782 3108 1859 3168 pra·-

247 3173 276 3225 τῦ
334 3172 531 3250 Caereroquin
553 3173 718 3253 prudenter
734 3173 765 3235 in
787 3172 842 3236 hae
858 3173 988 3236 materia
1005 3192 1059 3235 no·
1090 3168 1201 3248 sumpt.
1224 3168 1262 3232 Et
1281 3168 1419 3244 equidem
1447 3166 1467 3228 si
1492 3172 1629 3247 graviter
1656 3168 1860 3236 noxiissimus
1927 3239 1933 3246 ,

247 3252 458 3331 untandum,
487 3254 567 3317 aliud
594 3253 655 3317 elie
679 3253 824 3316 iudicium
848 3251 885 3314 de
906 3252 1061 3328 persona,
1097 3254 1238 3324 proximo
1262 3247 1384 3323 quando
1411 3247 1487 3327 apud
1511 3249 1610 3314 alium'
1630 3267 1701 3311 eum
1731 3245 1860 3316 infama-

247 3318 279 3415 ²2]
295 3331 377 3395 aliud
386 3332 424 3396 de
439 3354 551 3411 opere;
570 3351 664 3410 puta,
684 3333 770 3396 audit
788 3336 854 3408 quis
870 3332 1001 3409 aliquem
1016 3334 1061 3395 io·
1095 3349 1161 3391 mm
1184 3376 1193 3404 ,
1212 3331 1256 3392 ita
1278 3328 1368 3404 plane
1388 3331 1525 3405 graviter
1540 3330 1568 3390 ei
1589 3348 1760 3419 nocemus,
1789 3349 1858 3394 cum

247 3431 277 3482 aa
293 3409 361 3476 cose
383 3414 577 3490 loquentem,
600 3412 634 3477 dc
653 3432 692 3475 ex
708 3414 860 3488 imperitia
880 3411 1005 3475 credens
1015 3428 1059 3474 ta·
1095 3408 1233 3493 eumdem
1253 3406 1332 3486 apud
1354 3406 1500 3485 nosipsos
1519 3427 1571 3484 per
1594 3406 1668 3471 talia
1687 3408 1859 3486 impruden·

295 3494 358 3557 lem
374 3490 470 3556 aslum
491 3494 551 3556 eise
574 3490 737 3555 secundum
757 3488 785 3553 se
805 3490 936 3553 mortale
957 3511 1059 3566 pecca·
1096 3489 1141 3550 tia
1157 3489 1267 3550 iudicia
1285 3483 1484 3552 insumamus.

295 3589 387 3649 tum,
407 3573 521 3635 iudicat
539 3593 628 3646 eum,
643 3573 695 3646 qui
710 3574 755 3634 ita
772 3568 890 3632 locutus
910 3567 971 3646 etl,
989 3590 1058 3647 pec·
1134 3567 1258 3632 Dicitur
1281 3583 1430 3631 notanter
1458 3565 1603 3631 indicium
1628 3568 1822 3634 temerarium
1849 3618 1859 3648 ,
1956 3637 1962 3645 ,

293 3652 374 3717 casle
400 3651 573 3720 mortaliter
599 3674 609 3710 .·
638 3669 700 3713 non
729 3651 859 3711 incurrit
882 3648 908 3708 is
938 3649 1059 3723 (inquit
1095 3641 1168 3706 idest
1188 3643 1309 3719 quando
1325 3648 1447 3709 motiva
1463 3646 1569 3723 quibus
1594 3650 1764 3725 innititur,
1796 3649 1857 3714 sint

292 3732 485 3804 caietanus)
509 3745 666 3804 peccatum
688 3727 790 3790 iudicii
812 3728 963 3789 temerarii
987 3773 995 3801 ,
1023 3724 1060 3787 de
1088 3723 1277 3785 notabiliter
1298 3722 1442 3787 distantia
1465 3724 1502 3789 ab
1523 3728 1559 3787 iis
1578 3772 1587 3801 ,
1603 3748 1672 3801 quae
1689 3729 1857 3792 neceliatio

293 3832 358 3889 quo
376 3807 418 3871 est
438 3808 607 3871 communis
627 3804 723 3870 sermo
741 3853 750 3881 ,
766 3807 910 3881 quoniam
931 3824 993 3868 non
1014 3805 1060 3877 iu·
1093 3798 1295 3867 faventino
1314 3803 1456 3876 prudenti
1476 3852 1484 3879 ,
1512 3820 1549 3867 ut
1580 3805 1639 3868 tale
1669 3801 1750 3869 ferat
1779 3808 1857 3869 iudi·

294 3893 378 3953 dicat
396 3887 571 3964 personam,
587 3883 634 3947 sed
650 3906 742 3963 opus,
764 3905 825 3948 non
847 3901 930 3948 errat
948 3884 1061 3947 iudicio
1093 3884 1189 3943 cium.
1210 3880 1304 3956 Qrod
1324 3881 1344 3943 sr
1363 3886 1482 3947 motiva
1503 3903 1608 3959 parum
1627 3883 1773 3950 dillenta
1796 3884 1812 3949 s
1831 3884 1857 3950 s-

291 3966 465 4047 personali,
485 3966 532 4030 sed
555 3966 668 4029 iudicio
689 3985 805 4030 terum.
837 3962 929 4026 Tunc
954 3981 1060 4026 autem
1094 3960 1284 4040 sicientibus,
1307 3980 1469 4036 peccatum
1489 3965 1551 4026 erit
1572 3965 1721 4043 veniale,
1747 3984 1857 4043 quate·

292 4053 457 4115 temerarie
490 4047 638 4111 iudicaret
661 4045 782 4123 quando
814 4040 891 4108 esset
914 4044 1060 4107 iudicium
1093 4061 1149 4102 nus
1170 4040 1248 4105 levis
1267 4044 1327 4105 en'r
1349 4046 1534 4106 temeritas:
1566 4045 1627 4106 imo
1651 4044 1798 4113 iudicium
1821 4048 1856 4110 de

291 4128 468 4209 personale,
489 4129 534 4191 ita
553 4126 630 4204 quod
652 4119 692 4191 ἐκ
707 4144 795 4206 parte
805 4124 989 4187 intentionis
1006 4119 1061 4184 seu
1094 4115 1228 4197 personis
1245 4120 1341 4196 potest
1363 4123 1541 4199 quandoque
1556 4122 1617 4185 else
1636 4121 1744 4188 sallum
1764 4174 1772 4201 ,
1792 4147 1856 4190 non

291 4212 387 4274 animi
410 4208 601 4284 loquentium
617 4206 764 4269 iudicaret
779 4224 830 4267 eos
847 4221 1060 4281 peccaremor·
1094 4203 1305 4277 temerarium,
1322 4201 1355 4265 bt
1372 4200 1541 4281 culpabile,
1563 4220 1597 4266 ut
1608 4205 1682 4267 exS.
1695 4203 1858 4283 Tiquad-

291 4289 404 4353 taliter
420 4286 533 4364 audens
551 4284 676 4350 definire
701 4289 732 4349 in
753 4281 867 4349 adibus
886 4280 982 4344 dubiis
1003 4297 1059 4345 aut
1093 4278 1142 4341 lib.
1166 4299 1211 4341 12.
1229 4294 1285 4343 art.
1311 4297 1356 4360 34
1375 4302 1446 4344 nam
1467 4284 1619 4358 proximus
1650 4287 1697 4349 ius
1714 4304 1777 4349 non
1800 4286 1855 4350 ha-

292 4364 463 4434 venialib'us
484 4368 689 4430 intentionem
705 4364 886 4429 mortalem.
908 4361 986 4425 Haec
1006 4360 1058 4423 do·
1093 4361 1144 4423 bet
1162 4378 1198 4422 ur
1215 4358 1314 4425 bonus
1332 4379 1475 4424 teneatur
1489 4361 1566 4438 apud
1590 4383 1661 4427 eum
1684 4414 1692 4441 ,
1721 4368 1769 4427 cui
1789 4368 1855 4430 eius

273 4446 386 4513 ilrina
401 4447 540 4510 Caietam
559 4445 655 4508 relata
675 4445 724 4508 hic
745 4466 762 4510 a
784 4438 975 4507 Tourneleio
995 4441 1060 4518 pla·
1092 4438 1299 4528 criminasatis
1316 4437 1529 4507 innotescunt.
1548 4443 1671 4507 Dicitur
1689 4464 1754 4506 cum
1766 4445 1860 4523 plena.

292 4520 972 4601 cuitComitolm&NataliAlexandro.l·lis
984 4542 1058 4596 prae·
1093 4519 1285 4583 advenientia
1306 4519 1379 4583 idest
1398 4522 1609 4586 voluntarium
1636 4520 1686 4587 seu
1710 4525 1855 4588 delibera·

293 4605 388 4671 millis
406 4605 460 4671 sit.
957 4674 962 4683 ἱ
1094 4598 1229 4676 ωηιγά
1247 4595 1430 4673 perfeetum.
1451 4600 1552 4687 Potest
1569 4602 1855 4670 enimelseveniale

295 4718 298 4728 ·
616 4691 644 4751 ς.
686 4683 755 4751 111.
1094 4698 1156 4744 nou
1175 4674 1269 4742 solum
1289 4683 1357 4755 quia
1380 4681 1508 4746 levisfit
1526 4684 1683 4761 materia,
1707 4683 1854 4749 &teme-

1093 4761 1169 4824 ritas
1186 4805 1196 4834 ,
1225 4754 1274 4821 sed
1294 4763 1478 4836 quinetiam
1499 4782 1559 4825 non
1589 4761 1663 4827 adsit
1692 4763 1780 4839 plena
1801 4763 1854 4827 ad·

1094 4841 1272 4903 vertentia:
1290 4842 1428 4915 quinimo
1445 4841 1531 4905 tiulla
1545 4844 1606 4906 erit
1622 4842 1770 4921 culpa,fi
1792 4843 1853 4907 hoc

1092 4941 1131 4983 ex
1149 4916 1210 4982 sola
1226 4921 1338 4981 mentis
1356 4920 1594 4996 promptitudine
1602 4926 1765 5001 contingat
1781 4965 1791 4998 ,
1807 4923 1853 4986 itt

261 4778 264 4781 ‚
314 4807 360 4868 De
379 4799 488 4868 iudicio
503 4798 678 4878 temerario,
696 4799 846 4878 opinione,
859 4795 1038 4878 suspicione,

532 4910 536 4918 ·
554 4883 594 4949 (5
610 4878 807 4946 dubitatione.

293 5039 309 5050 --
332 4997 480 5064 Iudicium
514 5000 710 5064 temerarium
744 4994 841 5059 solum
865 4992 1057 5070 opinatlvum
1092 5017 1128 5064 ut
1150 4998 1294 5061 iudicium
1310 5002 1504 5076 concipiatur
1521 4999 1584 5064 sine
1602 5001 1667 5065 ullo
1687 5000 1855 5065 deliberato

286 5097 363 5147 cum
380 5077 470 5153 plena
487 5079 684 5161 advertentis
703 5075 737 5143 dc
749 5072 1058 5155 deliberationecon·
1080 5077 1267 5145 'voluntatis
1285 5075 1449 5146 consensu:
1472 5078 1520 5145 ubi
1538 5098 1647 5153 tamen⁴
1658 5082 1788 5159 primum
1803 5082 1855 5156 qui

341 5158 467 5239 :Instit
489 5150 897 5226 Tbeol.Moral.Tom.1ll.
1019 5252 1022 5258 μ
1233 5245 1238 5253 ¹
1492 5157 1548 5224 Bb
1589 5174 1605 5240 3
1768 5161 1833 5224 ita¹
2016 5255 2021 5264 .
