4425 6000
400 473 476 555 iad
623 469 1640 552 Tenemur-2lurunirsbmcinuuie.

337 572 556 654 egrediendo,
581 593 677 651 aquo
696 590 730 640 ut
750 593 803 637 ote
827 572 996 637 valentiore
1015 588 1051 636 ut
1079 568 1107 637 se
1125 620 1127 631 .
1145 589 1212 637 tur.
1247 575 1327 648 Quia
1350 591 1478 652 uterque
1501 572 1647 639 aslionem
1670 574 1772 654 posuit
1835 600 1850 642 r
1879 572 1911 647 se

329 675 334 682 ·
391 656 517 720 enderet
534 652 702 730 compulsus
724 598 828 719 shislet
845 651 931 716 illum
947 652 1106 730 occidere,
1142 657 1371 733 generativam.
1386 656 1435 720 Sic
1455 660 1674 728 cenimuniter.
1695 655 1737 720 Et
1757 596 1909 737 siheospi·

338 738 411 811 quia
427 734 457 799 se
482 732 623 811 posuisset
645 736 821 799 voluntarie
842 735 872 793 in
893 733 995 795 causla
1027 731 1106 795 alte·
1145 733 1200 798 tali
1222 731 1361 808 exposita
1379 734 1415 798 sit
1437 734 1530 813 prolis
1550 752 1696 802 tenentur
1720 738 1907 811 parentessr

339 836 410 879 euni
428 812 607 890 occidendi,
626 817 705 879 unde
726 832 884 881 teneretur
900 808 1047 876 Ascanius
1070 812 1105 875 ad
1144 810 1215 877 satis
1237 815 1273 877 ad
1290 814 1317 876 id
1338 812 1398 878 fint
1418 812 1560 878 resarcire
1575 812 1745 895 impensas;
1761 815 1909 883 eumilo·

339 893 522 958 damnorum
537 895 608 959 inde
627 891 800 960 secutorum
808 889 1107 970 compensationem,
1143 889 1263 969 spitalia
1281 887 1409 958 fundata
1428 892 1486 961 sirit
1507 895 1543 958 ad
1566 895 1689 961 alendos
1712 911 1908 964 tantumo-

338 973 473 1039 dumodo
492 973 542 1039 hic
562 974 641 1038 alter
665 975 857 1040 moderamen
885 978 916 1034 in
947 972 975 1035 le
1002 968 1105 1035 desen·
1141 972 1183 1037 do
1204 993 1362 1049 pauperes.

338 1052 438 1121 dendo
454 1073 516 1117 non
534 1053 720 1134 excessisset,
739 1059 783 1120 ita
805 1072 901 1117 uteri
928 1052 985 1115 tali
1005 1048 1105 1115 exces-
1180 1052 1211 1114 Si
1228 1071 1333 1118 autem
1352 1053 1519 1118 defloratur
1535 1056 1585 1129 vi,
1607 1053 1698 1133 dolo,
1713 1057 1827 1135 minis,
1850 1059 1908 1122 im·

337 1128 373 1197 su
398 1134 565 1207 compulsus
594 1131 696 1199 fuisset
720 1133 866 1200 Ascanius
892 1133 976 1196 illurn
1009 1137 1104 1196 inter·
1142 1138 1282 1207 portunis
1317 1134 1473 1209 precibus,
1502 1125 1581 1198 falsis
1609 1132 1823 1215 suasoribus,
1856 1134 1907 1217 spe

335 1211 450 1293 ficere.
473 1214 587 1280 Verum
606 1216 678 1291 quia
698 1235 760 1281 non
781 1212 822 1277 esi
839 1212 998 1277 moraliter
1019 1210 1105 1289 possi·
1141 1213 1322 1276 Matrimoni
1345 1214 1473 1291 promissi
1496 1216 1645 1295 virginem
1655 1216 1689 1278 ad
1713 1215 1906 1291 sluprumin·

337 1289 398 1356 bile
415 1294 495 1357 clare
511 1293 732 1370 deprehendere
748 1316 823 1358 nuni
842 1296 992 1371 aggressus
1009 1296 1040 1355 in
1074 1294 1103 1355 le
1139 1291 1249 1370 duxit,
1267 1292 1459 1371 compensare
1474 1294 1562 1360 debet
1581 1298 1685 1359 omnia
1705 1295 1816 1361 damna
1837 1296 1906 1361 Vir·

339 1372 458 1446 tuendo
477 1376 658 1453 excesserit,
673 1393 710 1440 ut
726 1375 922 1439 necessarium
939 1372 1049 1437 sisium
1066 1370 1102 1436 sit
1143 1377 1228 1451 gini,
1248 1371 1282 1439 dt
1298 1374 1470 1451 parentibus
1491 1376 1560 1439 inde
1579 1373 1806 1446 obvenientia;
1836 1380 1905 1453 quit

337 1450 498 1531 aggressuri
519 1474 573 1531 pro
590 1453 631 1517 sni
652 1453 822 1519 defensione
843 1455 1008 1532 aggressum
1023 1456 1102 1517 occi·
1139 1450 1248 1516 iniiisse
1267 1452 1318 1516 illa
1337 1456 1381 1517 eis
1401 1454 1533 1531 attulit,
1552 1452 1587 1519 ἃ
1608 1471 1732 1519 tenetur
1753 1458 1804 1521 vel
1821 1477 1905 1523 eam·¹

336 1532 481 1609 dere‚&
500 1549 619 1599 certum
634 1535 671 1599 lit
690 1534 852 1601 Ascanium
870 1532 955 1597 fuisse
970 1536 1099 1611 primum
1137 1532 1206 1595 dem
1227 1532 1424 1607 ducere,vcl
1458 1533 1602 1611 sinolit,
1623 1533 1673 1596 vel
1697 1534 1737 1598 ob
1768 1536 1905 1615 aliquam

335 1610 481 1676 iniusluin
504 1613 722 1694 aggressorem,
742 1617 811 1679 ideo
832 1620 863 1677 in
885 1614 941 1678 tali
961 1612 1031 1679 casu
1046 1613 1100 1677 du·
1137 1632 1261 1689 gravem
1277 1613 1409 1676 caussam
1425 1631 1498 1687 puta
1513 1615 1554 1679 ob
1574 1614 1783 1691 disparitatem
1798 1616 1904 1681 condi·

335 1691 386 1755 bio
411 1689 558 1757 Ascanius
585 1710 713 1759 tenetur
733 1696 771 1758 ad
793 1694 902 1758 damna
919 1713 959 1755 ex
980 1694 1036 1758 tali
1051 1715 1100 1757 oc·
1139 1696 1232 1754 tionis
1248 1693 1298 1756 vel
1319 1691 1453 1770 dissidia,
1468 1716 1535 1768 quae
1553 1694 1592 1757 ob
1607 1694 1688 1757 tales
1705 1697 1837 1770 impares
1846 1718 1905 1763 riis·¹

334 1769 446 1836 cisione
462 1774 587 1838 secuta.
609 1772 701 1849 Quod
711 1772 805 1852 ipsum
820 1770 1020 1837 excusabilem
1036 1774 1101 1836 red·
1138 1771 1215 1847 ptias
1234 1775 1407 1851 orirentur,
1426 1772 1535 1838 ducere
1556 1790 1704 1849 nequeat,
1724 1773 1815 1839 debet
1836 1796 1903 1840 eam

333 1850 407 1915 dere
429 1851 526 1927 posset
543 1852 601 1916 hoc
620 1856 743 1917 unicum
763 1852 854 1929 esset,
880 1852 900 1914 si
925 1856 955 1913 in
971 1848 1100 1917 servore
1135 1848 1329 1927 compensare
1351 1852 1485 1916 addendo
1512 1851 1620 1916 saltem
1640 1851 1705 1915 doti
1733 1876 1804 1929 quae
1827 1856 1904 1920 alio·

334 1949 463 2010 pugnae,
488 1930 541 1995 seu
557 1939 632 1995 rixae
657 1932 802 1997 voluisset
830 1929 968 1997 desislere
991 1930 1025 1997 dt
1044 1933 1099 1996 hoc
1136 1933 1208 2006 quin
1227 1930 1327 1996 danda
1346 1928 1438 1996 esset.
1457 1932 1524 1995 Nec
1546 1930 1655 1997 abhoc
1672 1938 1902 2000 onereexime·

334 2008 432 2074 alteri
452 2009 662 2095 significasset,
686 2018 735 2090 qui
758 2009 893 2078 desistere
919 2010 1023 2075 nolens
1046 2036 1101 2087 pu·
1136 2026 1221 2074 retur
1242 2030 1335 2074 exeo
1357 2013 1436 2088 quod
1457 2013 1599 2077 damnum
1618 2029 1682 2077 uon
1705 2011 1902 2096 sequeretur,

333 2110 425 2167 gnam
440 2088 543 2156 suisset
560 2089 754 2167 prosecutus.
778 2093 869 2157 Tunc
889 2093 970 2155 eninr
984 2090 1095 2156 desine·
1135 2108 1193 2152 nec
1213 2092 1385 2167 parentibus
1405 2095 1474 2168 quia
1492 2113 1537 2155 res
1558 2091 1667 2157 mansit
1689 2090 1829 2175 secreta,
1848 2115 1902 2162 nee

265 2221 268 2228 .
332 2188 383 2234 ret
404 2171 467 2234 esse
495 2169 622 2235 iniullus
644 2194 752 2250 pugnae
769 2172 962 2249 prosecutor,
984 2170 1098 2236 undesi
1135 2168 1267 2248 puella,
1288 2174 1358 2247 quia
1374 2193 1459 2249 aeque
1479 2172 1650 2237 commodas
1670 2176 1792 2248 nuptias
1814 2181 1903 2238 inve·

333 2248 398 2315 alio
411 2250 504 2315 niodo
519 2255 677 2330 propriam
695 2257 794 2318 vitam
818 2251 869 2317 nih
897 2252 1026 2316 alterius
1048 2273 1097 2315 oc·
1135 2250 1215 2313 netit
1235 2267 1270 2313 ut
1296 2252 1417 2332 volunt
1435 2253 1514 2328 alii,·
1541 2256 1612 2330 quia
1631 2251 1710 2316 bona
1737 2250 1901 2332 superioris

332 2326 445 2393 cisione
465 2332 546 2393 tueri
571 2350 633 2395 non
655 2333 795 2398 valuisset
821 2334 964 2395 immunis
984 2330 1060 2397 esl'et
1082 2355 1098 2397 a
1134 2327 1248 2393 ordinis
1270 2330 1492 2407 compensanda
1517 2328 1588 2397 sunt
1604 2353 1657 2409 per
1680 2330 1762 2397 bona
1779 2330 1902 2397 inferio·

332 2409 423 2487 culpa
450 2426 542 2485 atque
562 2411 688 2487 proinde
716 2413 753 2476 ab
779 2433 873 2478 onere
900 2406 1098 2477 restitutionis
1136 2408 1175 2471 ris
1191 2406 1306 2474 ordinis
1331 2408 1402 2473 idesl
1424 2431 1476 2486 per
1500 2414 1659 2488 pecuniam
1676 2431 1730 2475 ant
1758 2412 1842 2476 aliud
1859 2414 1901 2496 εξ

334 2506 388 2563 pro
408 2505 534 2566 patrata
554 2488 722 2556 occifione,
1134 2485 1313 2568 quivalenr,
1333 2489 1366 2555 ἀ
1392 2494 1523 2554 maxime
1550 2491 1571 2554 ii
1595 2493 1740 2557 damnum
1760 2490 1899 2569 patiatur

1134 2566 1244 2632 mulier
1263 2590 1303 2632 ex
1322 2590 1359 2633 eo
1375 2571 1453 2647 quod
1469 2569 1631 2636 defloratio
1646 2572 1697 2635 illa
1718 2574 1834 2637 marito
1855 2574 1901 2636 in·

646 2657 673 2718 5.
716 2651 778 2716 lV.
1137 2650 1290 2713 notuerit.
1312 2648 1342 2711 Si
1371 2668 1478 2714 autem
1504 2651 1605 2728 pirella
1633 2648 1725 2717 instet
1755 2673 1811 2729 pro
1839 2671 1902 2716 rna·

1135 2728 1304 2807 trimonio,
1321 2749 1377 2794 nee
1397 2728 1494 2793 ullum
1522 2732 1666 2795 damnum
1684 2779 1694 2810 ,
1711 2748 1771 2796 aut
1796 2733 1901 2797 incon·

257 2850 263 2856 -
334 2812 380 2871 De
399 2806 521 2876 iniuriis
541 2810 574 2876 i'ii
602 2830 701 2893 corpus
721 2809 848 2891 proximi
872 2828 924 2891 per
947 2810 1097 2891 stupam,
1136 2810 1260 2871 veniens
1280 2830 1320 2873 ex
1342 2809 1452 2874 talibus
1470 2813 1582 2886 nuptiis
1599 2811 1827 2890 praevideatur,
1850 2809 1900 2876 vel

500 2912 535 2957 ec
553 2893 590 2957 de
607 2892 673 2958 ei'us
689 2891 927 2973 compensatione.
1132 2883 1172 2950 ob
1192 2888 1375 2952 conditionis
1396 2888 1602 2967 disparitatem
1621 2890 1681 2956 &o
1699 2889 1901 2970 probabilius,

1134 2972 1178 3032 ait
1198 2970 1319 3045 quidam
1335 2972 1437 3048 gravis
1457 2971 1641 3048 Recentior‚
1665 2970 1791 3037 videtur
1808 2969 1901 3047 deflo-

340 3091 344 3100 -
372 3050 436 3127 Qui
462 3050 524 3117 sine
545 3055 606 3133 vi,
634 3047 740 3136 stalple
760 3099 768 3130 ,
790 3055 972 3130 importunis
999 3054 1096 3129 preci·
1135 3065 1270 3114 satorem
1285 3049 1480 3127 obligandum
1500 3050 1561 3115 esse
1581 3052 1800 3116 matrimonio.
1861 3052 1901 3195 X

332 3126 406 3208 bus,
425 3131 478 3194 vel
494 3135 674 3209 nuptiarum
699 3130 907 3210 promissione,
930 3128 976 3195 sed
997 3132 1047 3195 vel
1068 3128 1096 3194 se
1173 3126 1204 3189 Si
1226 3126 1389 3194 defloratos
1419 3135 1470 3206 qui
1492 3128 1559 3194 solis
1583 3129 1750 3209 precibus,
1773 3129 1809 3199 ἀ
1835 3153 1876 3210 qu
1894 3132 1900 3212 J

332 3206 609 3286 offerentem,·vel
631 3209 719 3286 sacile
747 3217 865 3288 petenti
883 3212 1098 3276 assentientem
1136 3208 1204 3272 dem
1227 3207 1402 3288 urgentibus
1434 3207 1569 3285 stuprum
1595 3233 1614 3276 a
1641 3210 1740 3289 puella
1763 3210 1904 3283 obtinuit

333 3287 493 3379 Virginem
512 3289 675 3362 defloravit
696 3335 705 3369 ,
725 3292 761 3367 ad
787 3290 861 3366 nihil
889 3291 987 3381 eidem
1014 3307 1098 3355 tene·
1136 3287 1171 3350 sit
1204 3289 1252 3351 vir
1283 3309 1400 3366 magnae
1437 3290 1816 3375 austeritatis-gravitatis
1840 3291 1902 3358 &ri

333 3383 407 3446 tur;
428 3373 637 3448 qutawsensi
656 3361 922 3514 emirfeirum,
943 3375 1030 3435 iuxta
1052 3389 1098 3433 re·
1135 3366 1216 3446 quod
1237 3367 1396 3444 quamdam
1413 3369 1539 3448 speciem
1559 3388 1657 3436 metus
1686 3372 1904 3438 reverentialis

332 3447 437 3525 gulam
456 3468 514 3531 27,
527 3454 599 3521 iuris
612 3456 642 3516 in
662 3455 691 3514 6.
763 3454 792 3515 sa
802 3442 983 3529 fisini‘uri'e.
1003 3450 1032 3513 Si
1050 3468 1097 3515 ta·
1136 3450 1274 3531 incutere
1295 3446 1396 3527 l'olet‚
1417 3472 1487 3515 cuni
1508 3468 1583 3516 tunc
1611 3448 1711 3531 puella
1732 3473 1794 3516 non
1812 3453 1902 3526 plena

332 3544 410 3593 nien
423 3528 463 3596 sit
482 3529 606 3599 illasub
621 3532 770 3609 potestate
789 3552 969 3608 parentum,
990 3552 1023 3594 at
1043 3541 1102 3594 cu*
1137 3527 1385 3594 voluntarietate
1401 3530 1602 3608 assentiatur,
1627 3548 1751 3596 tenetur
1767 3529 1903 3596 deflora-

331 3626 390 3686 ra,
411 3626 535 3674 tenetur
566 3634 636 3693 erga
667 3608 946 3691 illosa'daliquiim
966 3612 1097 3676 honora·
1136 3627 1185 3673 tor
1205 3607 1349 3672 damnum
1365 3606 1525 3675 resarcire.
1548 3608 1629 3690 Quia
1645 3607 1805 3676 consensus
1825 3614 1903 3674 inix-

331 3692 410 3753 siem
431 3684 665 3763 satisfationem
691 3685 983 3770 persignadoloris
1002 3737 1011 3767 ‚
1031 3689 1096 3754 sub·
1136 3707 1186 3752 tus
1205 3708 1244 3750 ex
1273 3690 1487 3756 involuntario
1517 3689 1630 3768 semper
1652 3689 1796 3770 supponit
1821 3692 1903 3754 iiiiii·

332 3767 497 3849 missionis,
517 3777 677 3849 petitionis
699 3773 821 3848 veniae,
837 3766 865 3833 si-
880 3766 935 3835 hoc
959 3764 1014 3835 fiat
1036 3792 1097 3833 ma·
1137 3772 1233 3842 riam,
1252 3768 1453 3848 iniuslumqiie
1473 3771 1637 3848 damnum,
1657 3774 1691 3834 a'e
1713 3770 1840 3845 proinde
1863 3788 1903 3834 et

331 3843 473 3914 erisestum
488 3855 581 3924 iuittii¹
596 3845 696 3923 Caiet.
715 3849 1009 3929 Nevirnaliosque,
1029 3858 1097 3919 tinia
1136 3839 1250 3912 iustitia
1270 3849 1406 3915 debitum
1420 3850 1692 3925 compensationis.
1714 3847 1807 3913 Sectis
1830 3869 1903 3914 vcro

332 3927 466 3993 violavit
487 3931 534 3999 ius
547 3931 689 4005 cusiodiae
714 3930 796 4008 quod
815 3929 903 3995 habet
923 3950 995 4008 erga
1016 3930 1098 3995 illam
1135 3928 1294 3992 dicendum
1312 3929 1333 3991 si
1354 3930 1444 3994 homo
1466 3932 1537 3995 talis
1554 3930 1589 3993 fit
1609 3946 1644 3995 ut
1660 3927 1781 3995 nullam
1798 3929 1904 3995 valeat

332 4022 420 4083 puter
438 4008 473 4073 dc
502 4006 650 4079 familiam
679 4012 900 4073 inhonoravit.
931 4000 997 4072 lmo
1017 4005 1038 4070 si
1059 4011 1099 4072 ob
1136 4012 1275 4071 incutere
1294 4006 1524 4090 subieslionem,
1540 4011 1590 4075 vel
1608 4008 1735 4074 etiamsi
1757 4010 1828 4074 talis
1847 4005 1905 4085 sit,

332 4084 430 4151 talem
448 4083 598 4156 descitum
615 4109 669 4158 aut
687 4112 725 4155 au
745 4090 822 4154 enda
846 4091 922 4153 esset
942 4089 1017 4169 dos,
1043 4109 1097 4154 aut
1136 4085 1182 4150 sed
1203 4083 1272 4152 solis
1291 4089 1446 4154 blanditiis
1466 4111 1502 4153 ac
1531 4090 1667 4167 precibus
1696 4086 1820 4152 nullum
1841 4107 1905 4153 me·

330 4164 444 4231 nubere
462 4187 529 4238 non
551 4171 667 4246 pollet,
686 4113 852 4235 dehorator
872 4185 981 4244 utpote
1011 4170 1098 4233 realis
1136 4166 1452 4249 tumin'cutientibus,
1472 4166 1523 4234 vel
1539 4165 1711 4234 muneribus
1726 4189 1797 4233 earn
1805 4168 1842 4234 ad
1852 4186 1906 4233 vo·

329 4246 433 4311 mussa
454 4247 563 4312 horum
583 4249 845 4328 damnorumque
873 4252 935 4312 ianr
972 4251 1099 4314 raevide·
1140 4247 1292 4312 ltintatem
1312 4241 1395 4313 suam
1415 4250 1538 4313 duxerit
1557 4275 1567 4328 3
1588 4248 1652 4315 haec
1668 4251 1752 4312 enim
1767 4269 1829 4312 non
1851 4248 1906 4311 mi·

331 4343 366 4388 re
385 4324 489 4393 debuit
508 4372 516 4407 ,
535 4349 573 4392 ea
594 4330 752 4411 resarcire
770 4346 895 4396 tenetur
917 4270 975 4406 ,ἆ
996 4323 1100 4393 iisdem
1137 4344 1235 4391 nuunt
1258 4328 1489 4409 voluntarium,
1511 4352 1545 4394 ac
1563 4329 1629 4395 ideo
1646 4333 1690 4395 ita
1707 4325 1907 4400 consentien-

329 4404 440 4467 tedere
472 4429 536 4473 non
565 4427 689 4486 poterat
716 4409 816 4487 puella
850 4427 959 4488 utpote
985 4404 1100 4486 iuribus
1137 4411 1160 4470 ti
1184 4407 1270 4495 nulla
1285 4407 1323 4474 sit
1342 4414 1472 4475 iniuria.
1496 4403 1586 4474 Unde
1608 4411 1698 4473 horno
1719 4410 1749 4472 in
1773 4409 1831 4473 tali
1857 4431 1914 4472 ca*

331 4493 453 4556 suorum
478 4481 725 4568 parentums&
755 4482 930 4555 tuslodum.
957 4487 1100 4554 Tenetur
1137 4485 1170 4550 su
1191 4487 1287 4550 solum
1312 4488 1508 4555 teneretursi
1535 4491 1671 4570 lluprum
1689 4489 1778 4554 fieret
1849 4491 1906 4554 bli·

332 4570 446 4650 pariter
462 4567 525 4645 poll
546 4587 608 4633 tres
626 4590 725 4635 annos>
742 4590 794 4648 per
811 4591 894 4647 »quos
915 4582 977 4639 tres
1004 4591 1099 4635 annos
1135 4587 1205 4630 cum
1224 4572 1416 4641 compensare
1433 4571 1575 4634 iniuriam
1592 4569 1787 4647 parentibus,
1852 4571 1906 4633 da·

332 4666 457 4716 tenetur
475 4666 592 4725 miter,
608 4650 690 4716 alere
705 4649 845 4729 prolem,
867 4649 968 4716 donec
1000 4643 1100 4727 proles
1137 4665 1241 4708 mnum
1265 4650 1343 4722 quod
1363 4653 1428 4728 pati
1456 4644 1600 4715 deberent
1622 4655 1655 4713 in
1671 4670 1729 4725 ea,
1750 4669 1822 4711 cum
1842 4670 1907 4713 mi·

330 4727 419 4809 possit
438 4726 491 4793 sibi
511 4730 690 4810 providere,
709 4733 771 4805 imo
797 4731 864 4795 adi
936 4727 1004 4801 nsas
1051 4751 1099 4797 are
1137 4728 1192 4788 iori
1208 4725 1283 4791 dote
1295 4728 1381 4794 alteri
1403 4734 1434 4793 in
1456 4731 1509 4795 tali
1535 4730 1654 4794 desetlu
1674 4731 1736 4794 iarn
1756 4728 1907 4812 evulgato

328 4829 381 4880 tus
401 4806 423 4871 si
444 4811 593 4884 impeteris
613 4809 653 4874 sit
666 4826 771 4876 -rnttet
788 4812 825 4875 ad
834 4751 949 4887 eahssp
973 4755 1099 4889 lenset,
1136 4792 1294 4902 nubenda.

328 4909 386 4964 aue
405 4886 465 4967 ipse
485 4889 522 4954 ad
542 4888 618 4959 idse
634 4889 835 4970 obligaverit.
854 4880 894 4957 Et
912 4880 933 4968 si
948 4834 1013 4973 huo
1030 4912 1100 4956 eum
1174 4881 1237 4962 Qui
1259 4901 1336 4955 vero
1356 4887 1512 4970 Virginem
1534 4883 1727 4968 promissione
1746 4895 1844 4958 etiam
1871 4886 1909 4955 fi·

327 4971 436 5039 eadem
463 4988 530 5034 reni
557 4970 722 5040 habuerint
737 5014 752 5048 ,.
767 4988 804 5038 ut
832 4962 992 5043 dubitetur
1013 4972 1100 5035 cuius
1134 4958 1183 5031 sla
1200 4968 1389 5034 matrimonii
1414 4962 1603 5050 defloravit,
1621 4992 1658 5037 et
1681 4974 1837 5037 communi
1860 4985 1907 5053 teje

329 5050 371 5134 iit
389 5051 516 5132 proles,
541 5068 669 5131 uterque
691 5050 756 5125 haet
776 5067 870 5133 etiem
893 5044 990 5147 subire
1013 5067 1101 5133 tent,-
1136 5061 1227 5150 helui
1240 5059 1311 5136 eam
1332 5046 1444 5139 ducere
1451 5074 1464 5135 ς
1480 5054 1552 5135 quia
1568 5074 1639 5120 curn
1666 5050 1732 5123 baec
1752 5049 1907 5200 pronifiissip
