4425 6000
547 502 1565 584 Tener.nessrurrnrrscnr.unre.
1731 511 1812 612 48p

293 608 339 676 tsi
376 606 572 689 presumptio
600 607 634 675 &
666 608 829 675 veheruens
855 607 1059 680 eoniediura,
1096 599 1272 681 interiisti,
1291 604 1340 670 vel
1371 603 1502 681 aliquem
1524 602 1705 671 nominatim
1734 625 1859 673 excons-

298 712 361 757 non
391 692 432 757 ab·
453 692 516 757 alio
540 689 670 755 occisum
695 687 783 753 fuisse
801 736 809 765 ,
826 704 863 753 ut
887 707 951 752 non
972 690 1058 764 pauci
1094 684 1591 762 munitarum,re1mansiessum
1616 683 1783 754 usurarium
1803 703 1861 752 aut

295 794 366 835 cum
381 772 536 837 Bonacina
559 792 626 834 :ex
640 766 780 849 opposito
797 788 874 835 vero
892 766 913 832 st
933 772 1001 843 quis
1013 769 1060 829 in·
1074 812 1079 852 ,
1095 763 1287 829 Haereticum
1309 811 1318 840 ,
1338 764 1388 827 vel
1416 764 1597 842 Apossatam
1616 813 1625 842 ,
1649 788 1684 833 ac
1708 767 1862 833 Haeretici

295 854 442 917 veniatur
461 855 492 916 in
507 868 601 929 poteo
620 845 794 926 immersus,
815 865 872 912 aut
887 842 1061 923 laqueosus·
1095 838 1485 922 defensorem,sautorem,
1506 865 1713 923 receptorem,
1728 858 1860 926 peccant

295 929 418 1008 pensus,
439 952 560 998 veneno
577 949 630 994 aut
650 923 1060 1006 ferrornterlettusndve·
1096 924 1286 1000 mortaliter,
1306 921 1341 988 dt
1367 944 1406 987 eo
1430 922 1491 1003 ipso
1520 929 1665 991 maiorem
1696 933 1859 991 incurrunt
1894 994 1899 1005 ,

295 1028 369 1076 ιιιιιι
386 1012 567 1087 Navarms,
583 1010 715 1084 Bonae,
738 1004 935 1072 Reiffenstuel
953 1054 963 1085 ,
978 1007 1061 1072 Soci-
1095 1006 1465 1093 eucooununicationem3
1485 1004 1617 1070 Clemen.
1635 1027 1662 1070 ι.
1678 1009 1714 1072 dr
1723 1006 1860 1088 sepultu-

294 1111 354 1155 nus
369 1141 377 1169 ,
395 1091 431 1157 &
449 1091 500 1155 alii
519 1110 588 1154 -non
615 1089 796 1167 privandum
825 1087 977 1162 sepultura
1007 1086 1079 1151 Ec».
1096 1103 1163 1162 rrs;
1190 1081 1224 1147 δι
1243 1104 1310 1162 cap.
1325 1084 1523 1166 Quicumque.
1541 1086 1728 1162 Sepelientes
1750 1104 1859 1156 autem

292 1168 481 1247 clesraliica;
506 1168 559 1233 nisr
580 1169 702 1234 aliunde
721 1164 842 1232 constet
855 1164 982 1245 seipsum
1007 1151 1079 1240 vol
1095 1164 1171 1228 alios
1191 1163 1343 1240 sepultura
1369 1166 1530 1247 indignos,
1550 1187 1624 1243 quos
1649 1184 1742 1234 antea
1765 1178 1859 1230 nota·

293 1250 428 1314 luntarie
446 1251 480 1314 dt
501 1248 564 1326 sui,
580 1247 632 1314 seo
656 1251 784 1313 rationis
812 1264 986 1321 compotem
1008 1265 1059 1310 oc·
1095 1248 1212 1320 vimus,
1234 1262 1267 1310 ut
1289 1244 1441 1323 Suicidas,
1462 1245 1641 1311 decedentes
1657 1250 1689 1310 in
1710 1244 1857 1322 mortali,

291 1329 416 1394 cidisse.
440 1329 511 1395 Hoc
529 1334 612 1393 enim
632 1331 662 1391 in
683 1328 773 1392 dubio
789 1347 852 1390 non
878 1327 920 1390 esi
950 1324 1060 1403 praesu·
1095 1322 1231 1390 infantes
1254 1344 1316 1388 non
1335 1324 1527 1402 baptizatos,
1547 1326 1857 1408 Pagaoos,ludaeos,

291 1408 461 1486 mendum,·
477 1433 546 1476 cum
564 1413 597 1473 in
617 1408 711 1474 dubio
726 1404 892 1484 delittum,
911 1424 975 1469 tam
993 1426 1059 1483 gra·
1094 1422 1129 1467 ac
1150 1406 1380 1478 impenitentes
1400 1407 1431 1469 in
1454 1422 1582 1485 peccato
1604 1412 1749 1486 notorio,
1769 1403 1857 1468 Reli-

294 1511 334 1554 ve
351 1490 539 1570 praesertim,
562 1510 623 1554 non
634 1486 834 1565 praesumatur
857 1487 997 1550 l.Merito
1010 1504 1056 1563 μ.
1073 1515 1077 1580 3
1093 1481 1188 1561 giosos
1210 1487 1427 1562 proprietarios
1435 1484 1494 1550 dte.
1507 1503 1635 1562 peccant
1650 1487 1769 1565 quidem
1778 1505 1858 1548 mor·

289 1586 342 1648 pro
364 1567 466 1646 socio.
505 1569 588 1634 Tum
616 1572 686 1646 qrtia
715 1587 767 1643 per
792 1564 912 1630 insidias
937 1566 973 1630 ab
996 1568 1076 1630 alio·
1095 1563 1227 1652 taliter,
1255 1582 1365 1637 utpote
1387 1566 1418 1627 in
1439 1569 1524 1642 gravi
1550 1584 1582 1629 re
1607 1585 1729 1646 agentes
1746 1583 1855 1632 contra

290 1654 431 1725 potuerit
452 1651 484 1711 in
503 1668 648 1726 puteum,
666 1644 840 1711 velflirmcn
857 1649 981 1725 proiici,
1000 1643 1070 1710 ier·
1091 1641 1231 1708 Ecclesiae
1250 1644 1507 1722 prohibitionem,
1526 1643 1560 1709 ἀ
1577 1647 1700 1722 poliunt
1719 1646 1756 1713 ab
1783 1644 1856 1722 Epi·

291 1747 348 1804 ro,
369 1745 423 1793 aut
437 1743 558 1793 veneno
569 1727 716 1803 interfici,
729 1748 763 1791 ut
774 1727 849 1790 bene
866 1745 1057 1791 notanttum
1091 1722 1178 1802 scopo
1199 1744 1288 1798 poena
1312 1724 1473 1789 arbitraria
1490 1727 1586 1800 puniri
1601 1775 1610 1806 ,
1627 1744 1737 1804 utpote
1753 1731 1801 1803 qui
1814 1726 1856 1788 le·

292 1808 361 1870 aliis
380 1813 434 1871 cit.
456 1808 526 1870 DD.
546 1810 672 1888 Signum
689 1828 763 1871 vero
784 1804 934 1871 sufficiens
963 1804 1056 1883 suspi-
1089 1823 1161 1879 gum
1177 1801 1452 1869 Ecclefisslicarum
1472 1802 1703 1884 transgressores
1731 1803 1856 1870 multta-

258 1929 262 1934 -
290 1887 380 1950 candi
403 1936 410 1962 ,
439 1890 517 1960 ntrod
544 1890 574 1951 in
596 1889 651 1952 tali
669 1886 769 1960 casu,
792 1886 814 1948 ss
837 1904 889 1961 per
909 1884 938 1950 se
961 1887 1056 1962 ipsum
1091 1902 1124 1946 re
1146 1882 1263 1960 potest,
1287 1901 1469 1948 nontamen
1499 1903 1621 1960 poenam
1645 1889 1856 1950 excommuni-

288 1984 422 2029 mortem
443 1967 493 2027 libi
511 1968 676 2044 intulerit,
696 1967 724 2027 id
743 1962 851 2030 iecerit
874 1985 915 2029 ex
940 1966 1055 2030 aliena·
1088 1966 1217 2026 cationis
1237 1964 1418 2040 incurrunt;
1434 1984 1505 2028 cum
1522 1964 1593 2027 talis
1615 1965 1664 2030 lert
1692 1983 1728 2031 ut
1749 1985 1855 2042 poena·
1924 2043 1926 2048 Ι

289 2049 379 2109 tione
396 2050 527 2122 mentis,
547 2044 610 2120 esi,
631 2044 653 2107 sr
671 2063 764 2110 antea
784 2045 1009 2109 animadversus
1019 2044 1054 2108 srt
1090 2041 1128 2105 lis
1148 2039 1263 2105 nonsit
1280 2042 1472 2105 extendenda
1500 2042 1584 2107 ultra
1604 2043 1708 2121 casus,
1729 2043 1763 2110 dt
1786 2064 1854 2117 per·

282 2122 377 2203 defigi
401 2129 430 2188 in
448 2126 645 2192 Melancolia.
668 2125 746 2187 ltem
763 2122 783 2187 sr
802 2144 890 2187 mane
906 2120 1054 2188 consessus
1089 2119 1175 2212 sonas
1204 2121 1356 2201 expressas
1379 2123 1400 2187 l.
1427 2121 1665 2202 interpretatione
1688 2144 1736 2203 ῃ.
1758 2124 1795 2206 ff.
1815 2125 1855 2188 de

288 2201 344 2280 iit,
363 2206 635 2271 communicaverit
649 2204 700 2281 ,ἀ
717 2203 965 2278 posteavmlenra
976 2226 1054 2268 mor-
1084 2217 1193 2279 poertts.

291 2301 326 2347 te
343 2285 525 2350 inveniatur
546 2281 738 2348 intersestus.
756 2285 871 2347 Verum
888 2284 1054 2350 advertunt
1130 2281 1368 2347 Asarinum
1395 2302 1486 2355 poena
1512 2285 1610 2349 etiam
1633 2304 1673 2349 ex
1706 2282 1853 2363 praedrttu

288 2362 380 2439 aliqui
401 2383 436 2428 ut
454 2368 485 2428 in
509 2366 563 2429 tali
584 2364 693 2440 dubio,
710 2361 730 2425 sr
748 2364 905 2429 commode
915 2362 979 2427 fieri
990 2361 1054 2441 pos·
1088 2362 1221 2438 aliquem
1242 2358 1420 2438 sepelientes
1439 2361 1645 2441 excusantur,
1665 2363 1686 2427 sr
1706 2387 1747 2430 ex
1767 2368 1855 2444 igno·

287 2439 325 2504 (ιι
351 2443 528 2520 expelletur
550 2445 686 2520 Episcopi
709 2445 873 2507 iudicium.
1089 2445 1215 2520 rantia,
1245 2442 1297 2506 vel
1323 2446 1408 2519 gravi
1432 2462 1518 2507 metu
1538 2444 1636 2508 coadti
1664 2444 1693 2509 id
1712 2444 1852 2521 faciunt,

327 2520 467 2598 idemque
482 2523 642 2588 dicendum
669 2523 706 2587 de
732 2544 783 2588 reo
813 2542 874 2586 non
893 2520 1050 2600 eonfeslo,
1086 2521 1237 2586 Clement.
1264 2541 1289 2584 r.
1318 2523 1354 2586 de
1375 2519 1566 2601 sepulturis,
1600 2523 1686 2589 sicuti
1716 2530 1853 2590 etiama
1903 2555 1905 2560 ·

285 2618 342 2663 nec
355 2601 487 2680 legitime
502 2601 728 2681 contrement
747 2620 886 2667 mortuus
903 2623 936 2666 re
976 2607 1054 2666 ritur
1088 2603 1143 2665 tali
1164 2621 1255 2677 poena
1274 2605 1693 2680 eximuntur,quitempote
1724 2605 1852 2669 interdi-

286 2682 319 2741 in
347 2700 492 2756 carcere,
525 2682 643 2746 scilicet
670 2703 735 2747 non
752 2679 854 2745 slatim
873 2683 1054 2746 tenendum
1085 2682 1125 2744 ttr
1149 2678 1298 2757 sepeliunt
1307 2683 1338 2743 in
1355 2679 1469 2745 casabus
1493 2704 1511 2746 a
1529 2687 1616 2760 iure,
1633 2684 1684 2747 vei
1711 2685 1748 2747 ab
1767 2686 1852 2761 Apo-

286 2756 348 2822 elie
369 2761 526 2837 indignum
558 2759 760 2825 Ecclesiastica
788 2760 963 2837 sepultura·
980 2783 1054 2825 cum
1087 2760 1202 2824 stolicis
1211 2761 1377 2838 privilegiis
1396 2761 1556 2826 concellis.
1578 2765 1625 2826 Sic
1635 2763 1742 2828 Glossa
1764 2764 1852 2827 indi·

281 2838 359 2901 talis
377 2859 438 2901 non
455 2840 639 2904 sufficienter
659 2841 824 2919 probetur,
843 2843 925 2915 quod
942 2810 978 2905 lit
990 2861 1053 2906 ma·
1086 2838 1134 2903 sta
1153 2842 1297 2905 clement.
1315 2837 1403 2904 Verbo
1422 2860 1441 2902 a
1461 2841 1528 2913 iure
1546 2842 1698 2907 Reiffensi.
1720 2843 1850 2921 aliique.

282 2917 420 2994 los,aut
441 2939 457 2980 a
476 2917 606 2996 seipso,
628 2939 683 2984 aut
703 2942 720 2983 a
740 2921 889 2985 Damone
914 2920 1053 2995 occisus,
1087 2918 1223 2983 Nomine
1247 2918 1457 2998 sepelientium
1485 2925 1616 2986 veniunt
1640 2941 1752 2987 terram
1779 2943 1853 3003 ape·

283 3000 353 3073 quia
372 2999 486 3067 semper
508 2999 752 3076 praesumendum
777 2998 820 3064 cll
848 3021 901 3078 pro
925 3021 998 3076 reo,
1018 2999 1052 3066 dt
1087 3003 1221 3074 tientes,
1242 3003 1274 3063 in
1290 2999 1474 3077 sepulturam
1494 3006 1678 3082 mittentes,
1698 3021 1754 3068 aut
1777 3025 1851 3070 con·

286 3097 342 3151 pro
362 3080 537 3144 innocentia
551 3127 558 3142 .
574 3080 677 3145 Multa
697 3084 779 3144 enim
799 3080 868 3145 lunt
878 3084 988 3145 mortis
1000 3102 1051 3145 na·
1083 3080 1251 3156 cedentes,
1271 3082 1321 3145 vel
1336 3098 1549 3157 procurantes,
1570 3083 1850 3150 Anthemium.

285 3157 394 3220 ruralis
411 3179 444 3220 ar
463 3178 613 3236 omenta,
633 3179 668 3223 ιιι
686 3178 823 3235 tortura,
845 3164 1051 3235 carcer,vin·
1083 3158 1237 3224 Clement.
1264 3176 1286 3225 t.
1315 3181 1341 3223 ι.
1366 3163 1404 3225 de
1425 3160 1590 3239 sepulturis
1620 3185 1691 3227 cum
1716 3162 1852 3240 pluribtu

282 3179 1050 3329 crisa,trisittia&l11iulmodi;quiadicit&Au-
1084 3239 1168 3302 aliis.
1197 3239 1274 3304 stem
1297 3260 1524 3320 cooperantes,
1555 3243 1764 3320 associantes,
1797 3241 1852 3312 seu

281 3311 414 3390 gostinus
435 3318 472 3380 de
500 3319 597 3384 Civrt.
614 3321 669 3383 Dei
686 3320 707 3385 l.
727 3338 773 3397 19.
790 3339 851 3400 cap.
873 3324 903 3383 6.
920 3323 972 3400 etfi
994 3343 1050 3384 mn
1082 3318 1213 3384 Crucem
1234 3339 1412 3398 portantes,
1434 3319 1646 3387 &luminaria
1669 3366 1678 3385 .
1703 3324 1752 3388 Sic
1770 3322 1851 3389 idem

278 3406 371 3483 morte
385 3398 549 3487 punientur
565 3400 597 3464 in
614 3399 697 3482 ipfir,
716 3401 806 3464 etiam
833 3422 874 3487 ex
896 3400 961 3478 ipsis
988 3414 1048 3465 tor·
1082 3398 1217 3464 Anchar.
1238 3405 1309 3477 quia
1326 3420 1431 3465 omnes
1452 3398 1496 3464 isli
1525 3405 1711 3480 participant
1738 3405 1769 3467 in
1789 3407 1850 3468 cri·

277 3486 383 3536 mentrs
392 3484 737 3554 moriuntur.Quocirca
748 3485 777 3543 in
789 3481 867 3544 hisce
876 3481 989 3544 casibus
1000 3500 1048 3546 at·
1083 3482 1165 3542 mine
1184 3484 1293 3557 gravi.
1311 3481 1383 3557 Cap.
1406 3481 1562 3560 Nuper&
1582 3482 1670 3546 alibi.
1790 3488 1796 3501 '

277 3553 439 3643 tendendae
450 3557 519 3621 sunt
528 3579 634 3623 omnes
643 3559 1048 3624 circtrmslantiaetalismor·
1122 3558 1282 3622 Cadavera
1297 3565 1660 3639 excommunicatorum,
1684 3560 1850 3631 denuntia·

278 3647 338 3722 trs,
356 3633 490 3706 personae
516 3637 680 3716 videlicet,
703 3639 781 3717 loci,
800 3639 834 3704 dt
857 3643 999 3715 temporis
1009 3642 1048 3706 ad
1082 3653 1211 3714 torum,
1234 3638 1437 3719 Infidelinm,
1457 3638 1629 3705 sudaeorum
1654 3638 1786 3719 seilicet,
1812 3642 1848 3708 ὰ

274 3709 531 3790 dignoscendum,
550 3736 587 3778 an
602 3720 666 3792 quis
682 3718 740 3780 ase
750 3717 811 3792 ipso
828 3721 952 3782 rationis
962 3741 1044 3783 com·
1080 3718 1271 3793 paganorum
1292 3716 1409 3794 sepulta
1434 3720 1467 3780 in
1501 3719 1569 3784 loco
1597 3717 1682 3786 sacro
1699 3767 1708 3796 ,
1728 3719 1848 3787 etiamsi

273 3805 375 3867 pote,
394 3793 500 3857 velex
523 3799 677 3875 amentia,
696 3795 745 3860 seu
762 3798 1046 3863 mentisalienatio·
1080 3799 1112 3859 in
1133 3796 1194 3858 ossa
1219 3794 1373 3874 resoluta,
1393 3798 1555 3863 dummodo
1581 3797 1692 3863 secerni
1715 3798 1849 3881 possint,

273 3887 335 3945 oe,
357 3888 410 3934 aut
428 3872 464 3936 ab
480 3875 560 3947 alio,
581 3872 664 3940 seua
688 3877 835 3941 Damone
855 3877 891 3941 sit
919 3875 1044 3944 interse·
1078 3875 1190 3940 debent
1211 3878 1322 3940 iterum
1342 3876 1520 3957 exhumari3
1540 3879 1574 3943 ἀ
1592 3875 1723 3944 Ecclesia
1738 3878 1778 3944 ob
1797 3898 1846 3946 ta·

275 3944 408 4028 aunt<
428 3950 523 4019 srcan
541 3954 1042 4036 Ecclesiasticasepulturasrtpri·
1078 3955 1137 4019 lem
1164 3956 1354 4034 sepulturam
1390 3957 1509 4033 polluta
1542 3959 1759 4024 reconciliari.
1793 3959 1846 4024 Est

274 4028 415 4094 vatidus?
1077 4038 1247 4100 communis
1268 4037 1347 4112 apud
1371 4036 1440 4099 DD.
1458 4057 1498 4101 ex
1518 4059 1583 4114 cap.
1612 4039 1711 4104 Sacris
1734 4059 1782 4102 ra.
1806 4040 1845 4105 de

316 4104 396 4172 lrem
422 4112 620 4179 ecclesiastica
646 4116 782 4191 privandi
808 4115 876 4183 sunt
909 4116 1041 4195 sepulto·
1078 4117 1243 4194 itpulturis
1262 4113 1305 4183 ἐφ
1322 4133 1383 4196 rap.
1404 4115 1548 4196 consuluit
1569 4120 1604 4184 de
1619 4118 1766 4199 consecra.
1788 4124 1845 4185 Et·
1951 4126 1954 4131 '

271 4204 306 4248 ra
321 4188 378 4264 ,dt
397 4188 622 4261 dandiasrninae
632 4197 798 4275 Regulares
810 4219 914 4263 omnes
931 4199 1041 4264 utrius·
1076 4197 1188 4277 clefiae.
1208 4198 1313 4261 Donec
1336 4214 1440 4261 autem
1470 4198 1605 4274 praediila
1635 4204 1844 4264 excommuni-

271 4286 329 4340 que
351 4267 438 4335 sexus
460 4279 670 4355 proprietarii,
686 4276 706 4338 sr
724 4282 833 4340 moniti
851 4298 869 4339 a
896 4280 1038 4356 Superio·
1076 4295 1215 4341 catorum
1231 4324 1240 4348 ,
1259 4277 1309 4341 vel
1320 4276 1491 4342 infidelium
1504 4278 1843 4345 ,Cadaveraexhumen

271 4365 304 4408 re
322 4345 430 4440 absque
440 4354 674 4444 emendatione,
695 4357 924 4432 &poenirentia
942 4361 1039 4423 derel·
1076 4375 1147 4435 tur,
1168 4357 1201 4422 dt
1220 4355 1408 4420 Ecclesiaseu
1423 4356 1480 4422 Cae
1494 4361 1643 4422 aeterium
1664 4359 1841 4424 reconcilie-

272 4421 366 4521 serrnt
382 4451 449 4523 rap.
471 4434 608 4499 Menaria
625 4455 654 4497 a.
672 4459 735 4516 cap.
749 4438 839 4518 super
867 4439 991 4517 quodam
1007 4465 1036 4523 4.
1076 4456 1148 4514 tur,
1168 4457 1258 4501 nemo
1267 4435 1307 4499 ibi
1319 4437 1434 4513 sepeliri
1458 4435 1554 4513 potest
1572 4441 1841 4513 ,utcommuniter

267 4502 302 4569 dt
319 4506 410 4572 alrbr.
1073 4537 1112 4581 err
1133 4538 1199 4591 cap.
1221 4516 1312 4582 Unico
1327 4518 1363 4581 de
1377 4515 1499 4596 consecr.
1517 4519 1606 4582 Eccle.
1627 4521 1657 4580 in
1676 4522 1703 4580 d.

540 4647 544 4653 .
582 4603 609 4662 i.
652 4596 727 4660 111.
1116 4599 1382 4662 Excommunicari
1400 4595 1526 4662 absoluti
1552 4602 1581 4660 in
1604 4599 1739 4663 articulo
1758 4619 1840 4664 mor·

1076 4680 1116 4740 tis
1132 4681 1201 4753 qnia
1217 4678 1364 4770 dederunt
1389 4676 1469 4772 signa
1496 4679 1690 4754 poenitenriae
1705 4678 1739 4743 dt
1764 4696 1839 4755 μα·

335 4804 381 4849 us
402 4808 452 4866 qu
466 4789 605 4866 proauus
644 4806 699 4857 aar
719 4794 753 4859 u
774 4800 970 4879 scelestium
1073 4757 1203 4902 ssssgdss‘
1218 4755 1749 4914 gffiffiffffisselggsbssffifi⁸nffi
1769 4759 1838 4900 ξξξζ

557 4872 734 5003 φώκη·
1076 4922 1152 4994 rint,
1171 4916 1261 4980 datur
1287 4913 1421 4980 facultas
1442 4917 1479 4980 ab
1496 4916 1660 4996 Episcopo,
1679 4933 1715 4980 ut
1736 4917 1838 4981 trada-

282 4981 581 5081 ¹Omnes-ouantem
602 4996 735 5070 exempti
758 5043 767 5072 ,
794 4994 827 5058 dt
855 4997 1030 5076 privilegia·
1071 5016 1122 5064 tur
1152 4994 1365 5065 Ecclesiasticus
1384 4996 1557 5073 Sepulturae
1583 5017 1634 5075 per
1658 4998 1724 5060 eius
1755 4995 1836 5058 Con·

259 5075 308 5146 tt,
328 5084 379 5143 pur
401 5061 536 5135 scienter
557 5066 707 5155 sepeliunt
734 5076 864 5154 aliquem
890 5093 1027 5159 tempore
1067 5076 1247 5157 fessarum.
1269 5076 1362 5143 Sacra
1380 5075 1537 5161 congreg.¹
1554 5077 1706 5143 immunis.
1729 5077 1770 5166 in¹
1787 5074 1835 5138 Si·

1036 5177 1047 5207 P
1686 5173 1792 5239 gemla

264 4706 311 4766 De
327 4705 433 4786 culpa,
448 4707 494 4798 ⁸&
511 4727 594 4787 pene
608 4709 813 4871 sefelientium
835 4717 868 4781 ip
881 4718 937 4782 loco
952 4716 1038 4798 sacro
