4425 6000
1260 339 1306 384 ⁴3⁵*

387 567 391 575 .
435 522 512 595 3¹2
673 492 975 568 'serenos
1005 491 1633 584 Cour·rtncr'.Cai=.xv11s.

298 644 301 650 ·
387 618 454 664 tam
471 596 554 661 suam
573 592 727 671 impendat
744 595 776 655 in
796 593 922 658 alterius
938 592 1107 656 utilitatem
1121 587 1157 651 si·
1194 592 1276 669 dati3
1296 590 1348 655 sed
1364 590 1425 654 boc
1444 590 1629 674 intelligitur
1651 614 1704 672 pro
1723 590 1791 659 foro
1810 610 1968 679 externo,

387 700 428 741 ne
444 678 544 754 aliquo
567 673 619 739 suo
649 671 817 745 interesse,
842 675 904 734 imo
930 693 999 736 cum
1021 671 1157 746 damn03
1193 691 1254 736 non
1272 691 1347 737 vero
1363 669 1578 736 conscientian.
1610 674 1732 737 Etenim
1747 697 1787 738 ex
1805 675 1861 742 hoc
1881 680 1962 756 quod

385 758 494 835 dignm
510 759 547 836 esi
563 755 642 819 enim
660 753 805 897 asperamus
826 752 960 816 mercede
979 750 1056 830 sua.
1083 750 1156 813 Non
1193 752 1244 817 sabi
1263 752 1326 816 tale
1342 771 1452 813 munus
1477 749 1522 813 est
1545 750 1716 827 impostum
1738 775 1800 818 non
1823 755 1861 818 lit
1887 779 1963 824 con·

389 837 488 915 potest
507 855 611 900 tamen
631 853 662 900 te
691 837 877 897 amentarius
899 851 1015 907 necper
1033 830 1079 907 l'e,
1101 851 1155 894 nec
1193 834 1314 896 ditionis
1334 833 1403 894 aliis
1423 830 1602 906 deterioris,
1623 850 1658 897 ut
1681 839 1728 898 ait
1748 834 1786 896 D.
1806 835 1865 899 Th.
1884 856 1913 901 a..
1931 859 1958 901 a.

388 937 441 994 per
462 914 675 990 interpositam
695 912 854 993 personam
873 911 984 988 aliquid
1000 930 1101 974 emere
1122 910 1161 973 de
1194 937 1221 989 q.
1244 930 1295 992 32.
1310 930 1373 974 arr.v
1391 927 1419 985 9.
1443 911 1479 972 ad
1503 926 1528 987 3.

388 995 477 1062 rebus
497 994 651 1059 desunili.
727 1018 731 1024 ·
1233 995 1328 1056 Sicuti
1346 991 1501 1067 haeredes,
1520 1008 1701 1057 executores
1730 1015 1848 1073 quoque
1870 995 1963 1063 tella·

427 1074 531 1145 Potest
549 1073 712 1153 Episcopus
735 1124 743 1152 ,
769 1071 855 1136 srcuti
877 1073 970 1135 etiam
995 1069 1085 1134 iudex
1103 1067 1159 1132 sae·
1196 1087 1368 1136 mentorum
1391 1086 1539 1133 tenentur
1554 1077 1617 1135 cito
1633 1071 1817 1138 testamenta
1834 1082 1964 1156 exequi,

387 1157 527 1232 culatis,
547 1177 617 1219 cum
638 1153 673 1218 lit
694 1154 797 1218 caussa
818 1155 910 1215 mixti
931 1150 991 1216 sori
1015 1200 1023 1228 ‚
1052 1166 1160 1226 cogere
1197 1156 1347 1232 praecipue
1363 1150 1462 1227 quoad
1484 1150 1585 1289 lesgata
1607 1152 1646 1215 ad·
1661 1158 1724 1227 pias
1739 1153 1854 1219 caussas
1880 1204 1891 1233 ‚
1918 1162 1964 1222 ita

388 1235 651 1301 Testamentarios
683 1236 719 1297 ad
741 1235 959 1317 exectrtionem
981 1230 1159 1296 tellamenti
1196 1251 1232 1296 ut
1255 1230 1479 1309 srnegligeotes
1512 1247 1560 1294 rnt
1581 1252 1643 1323 non
1664 1233 1747 1298 letus
1769 1257 1804 1299 at
1828 1236 1961 1313 haeredes

388 1320 483 1381 etiam
507 1331 579 1380 ante
597 1336 711 1379 annum
729 1311 910 1378 transattum
933 1310 1042 1375 saltem
1060 1306 1161 1386 quoad
1197 1313 1369 1377 mortaliter
1390 1326 1532 1386 peccent.
1556 1310 1599 1374 Et‘
1617 1315 1637 1373 lr
1660 1335 1736 1378 unns
1756 1337 1796 1379 ex
1816 1336 1965 1381 exesum.

389 1399 439 1473 pia
456 1396 575 1474 legata.
594 1398 684 1461 Licet
706 1392 837 1458 testator
856 1392 996 1467 ordinet,
1018 1412 1056 1452 ue
1073 1387 1163 1452 tesia·
1199 1395 1277 1458 ribus
1297 1390 1333 1453 sit
1351 1409 1515 1465 mortuus,
1542 1392 1593 1454 vel
1624 1396 1655 1455 in
1671 1412 1793 1458 remoto
1815 1397 1964 1461 1000031.

339 1543 342 1549 ,
389 1478 556 1539 mentarius
577 1475 777 1552 adstringatur
807 1472 842 1537 ad
863 1475 1015 1534 rationem
1037 1470 1162 1534 redden·
1199 1473 1277 1549 ilat,
1293 1472 1342 1534 vel
1363 1471 1472 1546 exequi
1494 1470 1592 1544 nolit,
1609 1473 1730 1548 possunt
1752 1475 1827 1551 alii,
1848 1480 1963 1540 imper.

389 1557 457 1619 dam
473 1555 532 1618 iuae
547 1553 829 1629 administrationis,
844 1569 911 1614 tum
923 1549 1163 1628 Episcopustum
1200 1558 1260 1615 iam
1277 1555 1384 1614 unicus
1404 1572 1443 1613 ex
1462 1550 1510 1612 bis
1530 1556 1637 1627 exequi
1659 1553 1895 1618 teliamentum.
1913 1557 1963 1621 Est

388 1634 482 1698 iudex
504 1633 655 1699 saeculatis
673 1635 728 1697 boc
749 1654 809 1697 non
829 1629 967 1694 obstante
983 1627 1163 1720 possunttad
1200 1635 1367 1720 communis
1385 1651 1425 1692 ex
1441 1651 1506 1705 cap.
1528 1631 1689 1710 ert'gr'osur
1717 1647 1901 1700 executura.
1929 1639 1964 1702 ab

389 1715 420 1776 id
437 1736 508 1779 eum
524 1736 654 1793 cogere:
677 1713 829 1777 Authent.
840 1713 930 1775 Licet
942 1730 1007 1784 cap.
1020 1709 1057 1771 de
1066 1705 1162 1784 Epist.
1200 1714 1309 1792 restam.
1327 1730 1360 1774 m
1379 1712 1409 1773 6.
1428 1715 1454 1774 5.
1472 1707 1562 1788 sane.
1657 1755 1660 1759 ι

388 1792 423 1860 &
453 1795 526 1859 Cler.
568 1814 628 1872 cap.
658 1797 726 1857 Tua
761 1790 840 1854 nobis
868 1791 905 1852 de
942 1791 1063 1867 Testem.
1094 1790 1163 1862 quia
1240 1792 1342 1854 Nemo
1364 1811 1403 1853 ex
1440 1791 1654 1855 executoribus
1680 1810 1791 1869 praeter
1817 1794 1966 1861 summum

390 1891 494 1950 petere
518 1876 631 1938 horum
654 1877 807 1938 rationem
828 1866 871 1931 est
891 1866 1164 1947 officiumpublicae
1201 1869 1413 1947 Pontificem,
1447 1872 1602 1945 nequidem
1629 1873 1767 1954 Episcopi
1796 1877 1967 1954 ordinarie,

388 1952 549 2031 potestatis
568 1953 740 2016 ·induslttm
771 1952 806 2013 ad
837 1949 950 2022 bonum
974 1966 1165 2025 commune,
1201 1949 1248 2016 sed
1279 1948 1373 2015 solum
1392 1966 1429 2011 ut
1449 1950 1577 2027 delegati
1597 1952 1726 2017 &sedis
1744 1955 1865 2032 possum
1886 1978 1966 2020 com.

388 2033 467 2109 quod
483 2035 635 2110 impedire
656 2036 761 2109 nequit
782 2027 911 2093 testator
927 2028 1022 2090 Glols.
1041 2026 1113 2089 Abb.
1132 2023 1164 2088 ἀ
1201 2048 1321 2093 mutate
1340 2028 1440 2091 relisla
1457 2030 1493 2092 ad
1506 2033 1569 2106 pias
1589 2033 1706 2097 caussas
1727 2036 1759 2097 in
1781 2037 1858 2101 alios
1877 2037 1964 2113 usus,

389 2112 519 2177 Covarr.
542 2116 687 2191 Nam‚ut
704 2112 870 2174 advertunt
882 2106 1059 2184 Theologi,
1070 2124 1165 2182 quao-
1202 2130 1237 2174 ιιι
1255 2128 1345 2173 antea
1360 2112 1565 2201 notavimus,
1581 2118 1719 2188 quamvis
1739 2114 1904 2180 evidentes
1919 2115 1966 2179 es.

391 2192 431 2255 do
452 2191 584 2258 teliator
604 2193 728 2259 ordinat
758 2194 789 2252 in
814 2187 867 2251 suo
887 2185 1099 2262 testamento,
1126 2204 1164 2247 oe
1202 2193 1268 2253 sent
1297 2190 1461 2267 meliores,
1492 2191 1613 2265 quando
1641 2194 1784 2257 voluntas
1811 2193 1968 2260 testatoris

390 2273 430 2335 ab
449 2292 564 2352 uxore,
587 2272 732 2348 autaiio,
747 2267 1027 2352 atellamentario,
1040 2266 1090 2328 vel
1112 2261 1164 2328 sua
1200 2271 1375 2345 commode,
1392 2290 1428 2332 ac
1448 2266 1521 2333 iuste
1541 2272 1656 2347 impleri
1679 2274 1792 2349 potell.
1817 2275 1867 2340 lta
1888 2298 1968 2341 com·

388 2356 516 2430 negotia
538 2370 668 2434 agente,
689 2351 748 2416 vel.
764 2350 864 2412 altera
877 2344 1002 2423 persona
1023 2349 1165 2424 exigatur
1200 2353 1336 2413 munirer
1351 2368 1391 2411 ex
1410 2369 1535 2423 capnos
1550 2350 1883 2431 quidem3'..dr·tr(iarrr.
1900 2358 1975 2421 cle·

390 2435 475 2494 ratio
492 2435 676 2512 agendorum
695 2479 703 2505 ,
720 2450 782 2493 non
795 2431 842 2503 ,eis
863 2426 901 2489 ob
921 2426 950 2486 id
970 2426 1165 2500 conceditur,
1200 2434 1336 2492 mentina
1357 2428 1426 2506 quia
1446 2430 1587 2509 contingit
1615 2452 1642 2493 a.
1669 2434 1705 2496 dr
1726 2435 1903 2516 err'gr'pfir:
1937 2439 1967 2499 ip

384 2511 444 2571 'vel
462 2511 580 2589 legatur
596 2511 708 2587 aliquid
733 2530 772 2573 ex
793 2502 1083 2597 bonisteliatoris;
1115 2502 1164 2566 sed
1203 2510 1365 2588 prophanis
1387 2529 1461 2573 vero
1478 2514 1597 2586 poliunt
1628 2530 1822 2577 commutare
1847 2518 1879 2577 in
1899 2518 1967 2581 evi.

392 2585 492 2653 sensiis
507 2591 553 2654 eli
565 2591 644 2668 qnod
666 2595 696 2653 in
718 2588 775 2653 hoc
784 2587 955 2653 committit
968 2605 1073 2649 eorum
1089 2603 1164 2647 con·
1201 2590 1308 2654 denter
1323 2588 1429 2651 melius
1447 2588 1570 2652 ultimas
1591 2592 1772 2655 voluntates
1781 2593 1967 2660 solummodo

391 2667 528 2734 scienriae
551 2720 558 2747 ,
579 2692 614 2735 ut
639 2673 806 2734 veritatem
823 2663 984 2731 declarent
1004 2714 1012 2742 ,
1035 2664 1069 2729 δι
1085 2662 1164 2739 quod
1201 2669 1327 2747 supremi
1343 2669 1525 2745 Principes,
1555 2668 1603 2732 seu
1624 2672 1677 2733 Ma
1702 2673 1825 2736 istratus
1848 2720 1858 2750 ,
1881 2675 1966 2753 idque

392 2748 445 2810 ³¹st
470 2747 550 2813 stent
580 2753 705 2815 iliorum
720 2746 799 2813 disto
822 2796 835 2824 2<
855 2766 911 2811 ¹¹0⁶
942 2744 981 2809 Ob
997 2744 1024 2807 id
1049 2747 1164 2822 peterit
1202 2745 1317 2813 nonnisi
1345 2752 1490 2827 exigente
1517 2751 1616 2813 caussa
1643 2694 1760 2827 publica
1785 2754 1969 2819 necessitatis

391 2825 640 2894 testamentarius
655 2852 724 2893 cum
746 2828 848 2903 aliquo
868 2823 988 2899 debito,
1008 2825 1058 2888 uel
1074 2822 1165 2885 rede·
1201 2828 1372 2906 reipublicae
1395 2877 1404 2904 ,
1433 2830 1502 2903 quia
1520 2834 1642 2904 privato
1669 2828 1858 2896 subditorum
1874 2835 1970 2897 domi.

393 2901 487 2971 filllffl
507 2931 659 2989 manere,
689 2907 738 2973 sed
762 2924 887 2971 tenetur
917 2906 949 2968 in
978 2904 1164 2975 conscientia
1201 2914 1254 2972 nio
1280 2912 1419 2984 Princeps
1452 2909 1648 2984 prmiudicare
1677 2914 1811 2988 nequit,
1847 2911 1901 2974 nist
1929 2911 1967 2976 sic

390 2983 554 3055 ststifflefe
578 2988 743 3057 haefedibus
774 2986 913 3073 quidquid,
944 2982 1083 3049 testatori
1114 2983 1165 3045 de·
1200 2993 1340 3069 exigente
1360 2988 1496 3065 dominio
1518 2988 1750 3056 altoinbonum
1769 2993 1969 3060 necessarium

431 3066 502 3133 bat.
565 3070 595 3121 Γ
1201 3070 1391 3149 reipublicae.
1460 3122 1461 3126 ,

435 3149 521 3214 Num
537 3174 613 3217 vero
633 3155 754 3229 quando
771 3153 984 3227 relinquuntur
1004 3145 1161 3213 testamen·

393 3234 536 3371 πὲεητὲἓίί
558 3232 702 3375 ldieligiosr
728 3228 1163 3373 exemigti's90ffinqt0⁶⁰ffpeffi
1508 3242 1535 3302 ς,
1578 3236 1653 3301 xv,
1753 3303 1761 3326 ⁸

382 3314 412 3370 'a
449 3327 480 3371 re
521 3332 559 3374 en
581 3333 629 3375 am
650 3316 800 3376 rationem
870 3314 969 3387 icopo
1024 3312 1050 3374 ci
1080 3320 1168 3371 ete·'
1402 3350 1407 3361 .
1445 3351 1450 3363 .
1674 3348 1679 3361 .
1850 3352 1855 3364 .
1909 3356 1913 3364 .

393 3381 536 3458 stantenti
567 3396 782 3466 executione,
807 3336 1052 3456 corbtrouertstur
1080 3391 1164 3451 inter
1220 3359 1265 3416 De
1286 3365 1502 3417 “numum
1512 3398 1521 3429 ⁵
1537 3349 1951 3433 &C‘ffa'mb‘i'id‘i‘iff‘

393 3463 571 3547 theologos.
594 3472 722 3537 Certum
738 3492 842 3537 tamen
863 3469 906 3533 eli
922 3472 1000 3548 quod
1016 3490 1085 3533 cum
1103 3468 1164 3531 Re·
1240 3472 1431 3535 Renunciare
1448 3469 1621 3534 hereditati
1643 3466 1756 3534 suturae
1778 3470 1971 3537 retitumeli

358 3618 361 3623 g
394 3542 503 3623 iigiosrs
524 3567 559 3612 ut
581 3552 745 3627 plurimum
770 3550 974 3616 instituantur·
1002 3547 1165 3614 testamen·
1200 3570 1239 3612 ex
1260 3555 1331 3630 Lrg.
1353 3553 1402 3626 qui
1414 3546 1577 3630 superstitis
1593 3568 1641 3628 94
1662 3549 1693 3611 ff.
1714 3551 1750 3614 de
1772 3551 1886 3630 acquir.
1907 3553 1968 3616 har·

392 3627 465 3688 tarii
478 3626 607 3708 Clerici,
631 3633 679 3695 vel
699 3634 797 3706 iaici,
824 3629 918 3710 potest
935 3626 1094 3705 Episcopus
1113 3627 1165 3691 hos
1200 3631 1260 3693 red.
1284 3631 1395 3696 haeredi
1418 3630 1606 3705 necessario,
1641 3633 1742 3693 itaut
1767 3629 1970 3696 sirenuncier

394 3707 575 3782 compellere
591 3710 721 3776 censuris
752 3712 788 3775 ad
811 3709 991 3775 reddendam
1012 3713 1166 3773 rationem
1203 3713 1233 3772 in
1254 3727 1343 3789 toto,
1368 3708 1419 3772 vei
1438 3713 1470 3771 in
1491 3727 1579 3786 parte
1599 3712 1658 3771 iuri
1676 3706 1892 3790 successionis,
1920 3709 1971 3777 iett

394 3789 591 3854 executionis
602 3790 866 3869 testamentaria,
884 3813 954 3855 cum
977 3789 1006 3852 hi
1024 3809 1086 3853 non
1106 3786 1165 3851 lint
1203 3791 1408 3869 haereditatis,
1429 3811 1497 3865 quae
1517 3790 1554 3854 ad
1570 3785 1665 3865 ipsum
1691 3808 1879 3864 perventura
1899 3788 1971 3868 est,

276 3882 290 3905 ⁸
393 3867 525 3940 exempti
545 3868 582 3933 ab
597 3876 662 3934 eius
679 3871 903 3935 iurisdisiione.
1202 3873 1289 3934 irrita
1310 3868 1356 3933 est
1373 3871 1518 3932 omnino.
1550 3868 1754 3948 Excipiuntut
1780 3885 1888 3935 tamen
1910 3890 1972 3935 tres

351 3971 354 3978 ·
434 3944 566 4018 Quando
599 3953 629 4011 in
660 3950 844 4016 testamento
867 3952 1046 4015 conceditur
1071 3945 1165 4013 telia-
1202 3950 1316 4026 caius,
1345 3947 1497 4027 inquibus
1520 3949 1604 4012 valet
1626 3947 1793 4012 huiusmodi
1808 3953 1971 4015 renuncia·

394 4026 547 4089 mentario
577 4025 707 4095 facultas
737 4029 930 4095 distribuendi
950 4032 1066 4107 aliquas
1086 4030 1167 4093 elee-
1203 4033 1275 4095 tio:
1295 4027 1465 4108 primttspii
1487 4031 1663 4092 iuramento
1672 4027 1839 4093 firmetur:
1861 4047 1970 4109 excep.

393 4098 533 4192 m9synas
552 4108 584 4170 in
602 4131 762 4188 pauperes,
787 4132 847 4174 non
865 4110 961 4188 potest
981 4130 1034 4175 eas
1043 4112 1096 4174 uni
1108 4107 1162 4172 soii
1202 4109 1346 4190 quamvis-
1357 4114 1502 4188 passum:
1530 4108 1674 4173 secundus
1696 4155 1705 4185 ,
1733 4105 1754 4169 sr
1782 4107 1865 4173 filius
1893 4109 1972 4174 aduc

394 4180 554 4276 tribuere,
578 4192 649 4264 quia
669 4188 768 4254 sensus
789 4190 1006 4256 colnmissronis
1025 4209 1065 4254 ex
1084 4210 1166 4255 com·
1204 4210 1291 4266 patre
1308 4192 1438 4254 visente
1457 4193 1607 4267 integrato
1616 4192 1809 4277 portionem,
1825 4209 1893 4266 quae
1906 4192 1971 4252 iure

393 4281 479 4323 munt
500 4271 679 4344 acceptione
695 4269 738 4334 est
762 4319 770 4346 ,
798 4275 881 4334 utin
900 4274 1001 4347 plures
1023 4289 1166 4347 pauperes
1203 4271 1254 4334 irbi
1273 4268 1466 4345 competebat
1479 4319 1487 4346 ,
1501 4268 1685 4333 consecutus
1703 4269 1771 4333 litt·
1784 4272 1900 4333 tertius
1920 4318 1931 4347 ‚
1950 4265 1973 4329 st

392 4359 443 4403 eas
472 4342 629 4412 distribuat
646 4375 657 4411 .·
674 4356 788 4427 poterit
809 4370 910 4415 tamen
936 4350 1173 4427 praeferremus,
1204 4355 1235 4412 in
1251 4348 1318 4413 astu
1338 4347 1400 4426 ipso
1418 4347 1546 4423 teliapdi
1568 4350 1628 4411 iuri
1648 4346 1848 4412 successionis·
1860 4367 1977 4413 renun-

394 4417 541 4489 maiuerit
567 4429 647 4493 intra
676 4432 858 4506 qualitatem
895 4451 1005 4496 eorum
1031 4431 1166 4508 indigen·
1202 4433 1296 4508 ciet,
1328 4426 1419 4492 autst
1441 4431 1472 4492 in
1499 4425 1682 4493 testamento
1697 4428 1823 4492 condito
1844 4445 1975 4505 preter-

396 4501 476 4592 θῆαι
505 4505 636 4599 Quando
665 4512 737 4573 talis
765 4509 938 4574 distributio
959 4514 1166 4576 committitur
1193 4529 1309 4592 eatur,
1324 4511 1358 4574 ἀ
1373 4505 1456 4574 suam
1477 4511 1716 4585 praeteritionem
1737 4505 1901 4583 approbet.
1924 4507 1981 4569 sie·

395 4597 460 4643 trus
490 4584 646 4662 arbitrio,
676 4592 791 4665 poterit
810 4592 952 4655 easdare
980 4594 1077 4655 etiam
1099 4588 1165 4654 suis
1202 4596 1287 4667 iura,
1306 4609 1374 4665 quae
1396 4587 1501 4666 paffim
1520 4586 1909 4653 citanturaDodloribus.
1928 4586 1977 4649 lr-

395 4665 531 4737 ⁶⁰8oatis
545 4664 589 4739 ,si
611 4663 727 4733 fuerint
749 4690 897 4747 pauperes
911 4693 926 4746 ς.
942 4675 1060 4747 poterit
1075 4669 1165 4734 tella·
1202 4675 1300 4735 ritant
1315 4669 1430 4745 pariter
1449 4672 1515 4732 iura
1532 4668 1667 4744 quodvis·
1684 4666 1805 4748 pastum
1825 4717 1834 4746 ,
1867 4687 1994 4743 quam·-
2024 4686 2027 4693 ·

394 4744 619 4820 mentatius,st
644 4745 686 4811 sitr
700 4749 848 4815 Praelatus
868 4751 1048 4829 Reputans,
1070 4751 1165 4826 appli-
1201 4770 1331 4825 cumque
1350 4753 1587 4814 conventionem
1601 4797 1619 4826 ,,
1646 4766 1701 4813 aut
1725 4747 1975 4825 obligationem,

394 4839 464 4883 care
482 4820 537 4887 suo
552 4824 763 4903 Monaslerio;
780 4833 893 4905 poterit
910 4832 986 4894 alius
1007 4847 1166 4906 executor,
1204 4832 1276 4893 licet
1292 4831 1468 4895 iuramento
1482 4828 1638 4895 firmatam
1654 4831 1735 4893 circa
1757 4825 1986 4891 haereditatem·

396 4896 417 4993 ξι
440 4920 512 4992 uere
533 4902 570 4967 ist
580 4927 718 4994 pauper,
737 4912 831 4973 eriam
850 4905 1167 4992 sibisecundumsuam
1203 4910 1332 4974 alicuius
1361 4905 1497 4986 personat
1525 4911 1663 4974 viventis
1688 4910 1791 4998 alteri¹
1808 4905 1976 4996 terendam

395 4977 596 5060 indigentiam
625 4989 776 5063 applicare
800 5038 808 5064 ,
832 4988 903 5053 licet
930 4989 1099 5066 oppositum
1120 4984 1167 5050 vi·
1202 4991 1281 5068 Leg..
1297 4990 1352 5053 uli.
1372 4989 1432 5053 cori
1453 4988 1598 5067 depastis
1625 4988 1722 5067 3qur'a
1737 4985 1905 5066 huiusmodi
1922 5005 1979 5063 pa·

339 5142 345 5151 ,
395 5056 505 5126 deatut
526 5068 647 5146 praeripi
667 5070 701 5133 iu
716 5072 785 5148 Leg.
795 5070 824 5149 fi
842 5069 1024 5134 mandavero
1039 5067 1166 5134 si'man·
1203 5066 1308 5136 iiioner
1323 5071 1394 5146 (ait
1416 5069 1491 5146 lex)
1507 5067 1610 5147 odiosae
1630 5068 1681 5151 effe
1702 5065 1900 5134 videntur&
1911 5066 1979 5145 ple·

1885 5167 1936 5212 nae
