<?xml version="1.0" encoding="UTF-8"?>
<!DOCTYPE html PUBLIC "-//W3C//DTD XHTML 1.0 Transitional//EN"
    "http://www.w3.org/TR/xhtml1/DTD/xhtml1-transitional.dtd">
<html xmlns="http://www.w3.org/1999/xhtml" xml:lang="en" lang="en">
 <head>
  <title>
</title>
<meta http-equiv="Content-Type" content="text/html;charset=utf-8" />
  <meta name='ocr-system' content='tesseract 3.04.00' />
  <meta name='ocr-capabilities' content='ocr_page ocr_carea ocr_par ocr_line ocrx_word'/>
</head>
<body>
  <div class='ocr_page' id='page_1' title='image "./institutionesth00boragoog/institutionesth00boragoog_0046.png"; bbox 0 0 4425 6000; ppageno 0'>
   <div class='ocr_carea' id='block_1_1' title="bbox 325 455 1887 729">
    <p class='ocr_par' dir='ltr' id='par_1_1' title="bbox 325 455 1887 729">
     <span class='ocr_line' id='line_1_1' title="bbox 402 455 1564 562; baseline -0.005 -14"><span class='ocrx_word' id='word_1_1' title='bbox 402 497 426 548; x_wconf 84' lang='grc' dir='ltr'>ο</span> <span class='ocrx_word' id='word_1_2' title='bbox 628 455 1564 562; x_wconf 56' lang='lat' dir='ltr'>triennarum-rr[rimanti.</span> 
     </span>
     <span class='ocr_line' id='line_1_2' title="bbox 325 565 1887 648; baseline 0 -10"><span class='ocrx_word' id='word_1_3' title='bbox 325 573 422 639; x_wconf 90' lang='lat' dir='ltr'>titulo</span> <span class='ocrx_word' id='word_1_4' title='bbox 436 567 584 646; x_wconf 85' lang='lat' dir='ltr'>amiserit,</span> <span class='ocrx_word' id='word_1_5' title='bbox 604 565 678 633; x_wconf 89' lang='lat' dir='ltr'>idest</span> <span class='ocrx_word' id='word_1_6' title='bbox 695 586 757 648; x_wconf 76' lang='lat' dir='ltr'>nun</span> <span class='ocrx_word' id='word_1_7' title='bbox 767 568 934 632; x_wconf 90' lang='lat' dir='ltr'>voluntate</span> <span class='ocrx_word' id='word_1_8' title='bbox 951 568 1082 644; x_wconf 87' lang='lat' dir='ltr'>propria,</span> <span class='ocrx_word' id='word_1_9' title='bbox 1119 566 1296 642; x_wconf 83' lang='lat' dir='ltr'>retinenda,</span> <span class='ocrx_word' id='word_1_10' title='bbox 1314 566 1458 634; x_wconf 82' lang='lat' dir='ltr'>videlicet</span> <span class='ocrx_word' id='word_1_11' title='bbox 1475 589 1548 633; x_wconf 88' lang='lat' dir='ltr'>num</span> <span class='ocrx_word' id='word_1_12' title='bbox 1568 569 1600 630; x_wconf 91' lang='lat' dir='ltr'>in</span> <span class='ocrx_word' id='word_1_13' title='bbox 1629 582 1751 647; x_wconf 86' lang='lat' dir='ltr'>totum,</span> <span class='ocrx_word' id='word_1_14' title='bbox 1775 570 1826 637; x_wconf 83' lang='lat' dir='ltr'>rel</span> <span class='ocrx_word' id='word_1_15' title='bbox 1849 570 1887 638; x_wconf 73' lang='lat' dir='ltr'>irs</span> 
     </span>
     <span class='ocr_line' id='line_1_3' title="bbox 325 645 1885 729; baseline -0.001 -11"><span class='ocrx_word' id='word_1_16' title='bbox 325 674 380 718; x_wconf 91' lang='lat' dir='ltr'>nec</span> <span class='ocrx_word' id='word_1_17' title='bbox 397 650 474 716; x_wconf 91' lang='lat' dir='ltr'>iullo</span> <span class='ocrx_word' id='word_1_18' title='bbox 489 645 875 725; x_wconf 68' lang='lat' dir='ltr'>indicimutsupporitur,</span> <span class='ocrx_word' id='word_1_19' title='bbox 891 646 1009 723; x_wconf 80' lang='lat' dir='ltr'>quiade</span> <span class='ocrx_word' id='word_1_20' title='bbox 1026 645 1082 710; x_wconf 91' lang='lat' dir='ltr'>hoc</span> <span class='ocrx_word' id='word_1_21' title='bbox 1108 649 1344 724; x_wconf 85' lang='lat' dir='ltr'>partemiurrta</span> <span class='ocrx_word' id='word_1_22' title='bbox 1366 665 1510 712; x_wconf 86' lang='lat' dir='ltr'>naturam</span> <span class='ocrx_word' id='word_1_23' title='bbox 1530 646 1590 714; x_wconf 81' lang='lat' dir='ltr'>suae</span> <span class='ocrx_word' id='word_1_24' title='bbox 1611 653 1823 729; x_wconf 72' lang='lat' dir='ltr'>paupertatis,</span> <span class='ocrx_word' id='word_1_25' title='bbox 1844 671 1885 718; x_wconf 85' lang='lat' dir='ltr'>ut</span> 
     </span>
    </p>
   </div>
   <div class='ocr_carea' id='block_1_2' title="bbox 207 724 1881 808">
    <p class='ocr_par' dir='ltr' id='par_1_2' title="bbox 207 724 1881 808">
     <span class='ocr_line' id='line_1_4' title="bbox 207 724 1881 808; baseline -0.004 -11"><span class='ocrx_word' id='word_1_26' title='bbox 207 781 211 786; x_wconf 79' lang='grc'><em>.</em></span> <span class='ocrx_word' id='word_1_27' title='bbox 325 733 502 797; x_wconf 87' lang='lat' dir='ltr'>nullatenus</span> <span class='ocrx_word' id='word_1_28' title='bbox 527 725 645 804; x_wconf 75' lang='lat' dir='ltr'>constat</span> <span class='ocrx_word' id='word_1_29' title='bbox 669 777 685 808; x_wconf 92' lang='lat'>,.</span> <span class='ocrx_word' id='word_1_30' title='bbox 704 747 765 790; x_wconf 92' lang='lat' dir='ltr'>non</span> <span class='ocrx_word' id='word_1_31' title='bbox 797 747 836 791; x_wconf 85' lang='lat' dir='ltr'>ex</span> <span class='ocrx_word' id='word_1_32' title='bbox 861 726 968 802; x_wconf 82' lang='lat' dir='ltr'>aliqua·</span> <span class='ocrx_word' id='word_1_33' title='bbox 991 724 1082 805; x_wconf 80' lang='lat' dir='ltr'>lege,</span> <span class='ocrx_word' id='word_1_34' title='bbox 1105 725 1228 789; x_wconf 72' lang='lat' dir='ltr'>stricti</span> <span class='ocrx_word' id='word_1_35' title='bbox 1247 725 1334 802; x_wconf 76' lang='lat' dir='ltr'>possit</span> <span class='ocrx_word' id='word_1_36' title='bbox 1371 728 1537 792; x_wconf 84' lang='lat' dir='ltr'>etiam-alii</span> <span class='ocrx_word' id='word_1_37' title='bbox 1567 747 1711 806; x_wconf 75' lang='lat' dir='ltr'>pauperes</span> <span class='ocrx_word' id='word_1_38' title='bbox 1741 729 1881 808; x_wconf 87' lang='lat' dir='ltr'>aliquali·</span> 
     </span>
    </p>
   </div>
   <div class='ocr_carea' id='block_1_3' title="bbox 236 777 1889 2876">
    <p class='ocr_par' dir='ltr' id='par_1_3' title="bbox 236 777 1889 2876">
     <span class='ocr_line' id='line_1_5' title="bbox 324 777 1586 889; baseline -0.007 -13"><span class='ocrx_word' id='word_1_39' title='bbox 324 815 396 889; x_wconf 88' lang='lat' dir='ltr'>quia</span> <span class='ocrx_word' id='word_1_40' title='bbox 415 811 503 877; x_wconf 85' lang='lat' dir='ltr'>nulla</span> <span class='ocrx_word' id='word_1_41' title='bbox 518 810 679 875; x_wconf 86' lang='lat' dir='ltr'>invenitur</span> <span class='ocrx_word' id='word_1_42' title='bbox 699 828 755 870; x_wconf 90' lang='lat' dir='ltr'>nec</span> <span class='ocrx_word' id='word_1_43' title='bbox 783 806 1000 882; x_wconf 83' lang='lat' dir='ltr'>Municipalis,</span> <span class='ocrx_word' id='word_1_44' title='bbox 1026 824 1082 869; x_wconf 87' lang='lat' dir='ltr'>nec</span> <span class='ocrx_word' id='word_1_45' title='bbox 1119 825 1168 870; x_wconf 91' lang='lat' dir='ltr'>ter</span> <span class='ocrx_word' id='word_1_46' title='bbox 1184 806 1242 871; x_wconf 89' lang='lat' dir='ltr'>hoc</span> <span class='ocrx_word' id='word_1_47' title='bbox 1254 777 1410 872; x_wconf 78' lang='lat' dir='ltr'>bentsrcio·</span> <span class='ocrx_word' id='word_1_48' title='bbox 1424 804 1586 872; x_wconf 82' lang='lat' dir='ltr'>fruantur.</span> 
     </span>
     <span class='ocr_line' id='line_1_6' title="bbox 325 885 1881 968; baseline -0.002 -11"><span class='ocrx_word' id='word_1_49' title='bbox 325 895 363 957; x_wconf 90' lang='lat' dir='ltr'>de</span> <span class='ocrx_word' id='word_1_50' title='bbox 383 890 611 960; x_wconf 84' lang='lat' dir='ltr'>iureGentium</span> <span class='ocrx_word' id='word_1_51' title='bbox 624 935 634 966; x_wconf 97' lang='lat'>,</span> <span class='ocrx_word' id='word_1_52' title='bbox 661 904 716 951; x_wconf 90' lang='lat' dir='ltr'>nec</span> <span class='ocrx_word' id='word_1_53' title='bbox 741 887 990 961; x_wconf 83' lang='lat' dir='ltr'>naturalis,quae</span> <span class='ocrx_word' id='word_1_54' title='bbox 1020 904 1082 947; x_wconf 92' lang='lat' dir='ltr'>rem</span> <span class='ocrx_word' id='word_1_55' title='bbox 1107 917 1112 924; x_wconf 41' lang='lat'>¹</span> <span class='ocrx_word' id='word_1_56' title='bbox 1157 888 1251 950; x_wconf 84' lang='lat' dir='ltr'>Porro</span> <span class='ocrx_word' id='word_1_57' title='bbox 1266 908 1333 964; x_wconf 80' lang='lat' dir='ltr'>quae</span> <span class='ocrx_word' id='word_1_58' title='bbox 1353 886 1431 950; x_wconf 71' lang='lat' dir='ltr'>dista</span> <span class='ocrx_word' id='word_1_59' title='bbox 1453 885 1522 950; x_wconf 91' lang='lat' dir='ltr'>sunt</span> <span class='ocrx_word' id='word_1_60' title='bbox 1546 886 1692 951; x_wconf 88' lang='lat' dir='ltr'>derebus</span> <span class='ocrx_word' id='word_1_61' title='bbox 1714 889 1881 968; x_wconf 86' lang='lat' dir='ltr'>intentis,</span> 
     </span>
     <span class='ocr_line' id='line_1_7' title="bbox 327 964 1878 1041; baseline -0.002 -5"><span class='ocrx_word' id='word_1_62' title='bbox 327 973 467 1038; x_wconf 85' lang='lat' dir='ltr'>amissam</span> <span class='ocrx_word' id='word_1_63' title='bbox 482 967 767 1034; x_wconf 67' lang='lat' dir='ltr'>saciatinuentoris</span> <span class='ocrx_word' id='word_1_64' title='bbox 805 986 873 1029; x_wconf 90' lang='lat' dir='ltr'>cum</span> <span class='ocrx_word' id='word_1_65' title='bbox 894 968 1082 1041; x_wconf 79' lang='lat' dir='ltr'>caeteroquin</span> <span class='ocrx_word' id='word_1_66' title='bbox 1118 965 1175 1029; x_wconf 89' lang='lat' dir='ltr'>dici</span> <span class='ocrx_word' id='word_1_67' title='bbox 1196 966 1417 1030; x_wconf 88' lang='lat' dir='ltr'>etiamdebent</span> <span class='ocrx_word' id='word_1_68' title='bbox 1441 966 1480 1028; x_wconf 93' lang='lat' dir='ltr'>de</span> <span class='ocrx_word' id='word_1_69' title='bbox 1509 964 1593 1030; x_wconf 86' lang='lat' dir='ltr'>bonis</span> <span class='ocrx_word' id='word_1_70' title='bbox 1610 969 1734 1031; x_wconf 87' lang='lat' dir='ltr'>incertis</span> <span class='ocrx_word' id='word_1_71' title='bbox 1755 966 1819 1033; x_wconf 84' lang='lat' dir='ltr'>stre</span> <span class='ocrx_word' id='word_1_72' title='bbox 1837 987 1878 1033; x_wconf 83' lang='lat' dir='ltr'>ex</span> 
     </span>
     <span class='ocr_line' id='line_1_8' title="bbox 323 1015 1880 1126; baseline -0.001 -12"><span class='ocrx_word' id='word_1_73' title='bbox 323 1057 372 1116; x_wconf 87' lang='lat' dir='ltr'>itu</span> <span class='ocrx_word' id='word_1_74' title='bbox 392 1050 536 1116; x_wconf 78' lang='lat' dir='ltr'>naturate</span> <span class='ocrx_word' id='word_1_75' title='bbox 551 1048 586 1114; x_wconf 76' lang='grc' dir='ltr'>δι</span> <span class='ocrx_word' id='word_1_76' title='bbox 600 1050 738 1126; x_wconf 73' lang='lat' dir='ltr'>gentium</span> <span class='ocrx_word' id='word_1_77' title='bbox 763 1015 924 1110; x_wconf 78' lang='lat' dir='ltr'>sdatttetint</span> <span class='ocrx_word' id='word_1_78' title='bbox 944 1064 998 1121; x_wconf 87' lang='lat' dir='ltr'>pro</span> <span class='ocrx_word' id='word_1_79' title='bbox 1018 1044 1084 1106; x_wconf 85' lang='lat' dir='ltr'>the·</span> <span class='ocrx_word' id='word_1_80' title='bbox 1118 1044 1227 1110; x_wconf 70' lang='lat' dir='ltr'>delibo</span> <span class='ocrx_word' id='word_1_81' title='bbox 1248 1092 1257 1123; x_wconf 94' lang='lat'>,</span> <span class='ocrx_word' id='word_1_82' title='bbox 1280 1044 1344 1109; x_wconf 81' lang='lat' dir='ltr'>slve</span> <span class='ocrx_word' id='word_1_83' title='bbox 1369 1066 1410 1108; x_wconf 87' lang='lat' dir='ltr'>ex</span> <span class='ocrx_word' id='word_1_84' title='bbox 1431 1044 1589 1118; x_wconf 73' lang='lat' dir='ltr'>contradict</span> <span class='ocrx_word' id='word_1_85' title='bbox 1611 1083 1628 1125; x_wconf 92' lang='lat'>,·</span> <span class='ocrx_word' id='word_1_86' title='bbox 1644 1046 1790 1111; x_wconf 85' lang='lat' dir='ltr'>videlicet</span> <span class='ocrx_word' id='word_1_87' title='bbox 1815 1047 1880 1114; x_wconf 73' lang='lat' dir='ltr'>hac</span> 
     </span>
     <span class='ocr_line' id='line_1_9' title="bbox 324 1124 1881 1208; baseline -0.003 -13"><span class='ocrx_word' id='word_1_88' title='bbox 324 1132 441 1208; x_wconf 86' lang='lat' dir='ltr'>lauris,</span> <span class='ocrx_word' id='word_1_89' title='bbox 460 1129 498 1193; x_wconf 89' lang='lat' dir='ltr'>ad</span> <span class='ocrx_word' id='word_1_90' title='bbox 517 1150 592 1206; x_wconf 89' lang='lat' dir='ltr'>quos</span> <span class='ocrx_word' id='word_1_91' title='bbox 612 1124 748 1205; x_wconf 78' lang='lat' dir='ltr'>spedlare·</span> <span class='ocrx_word' id='word_1_92' title='bbox 773 1125 922 1199; x_wconf 82' lang='lat' dir='ltr'>debcant,</span> <span class='ocrx_word' id='word_1_93' title='bbox 944 1124 1083 1201; x_wconf 90' lang='lat' dir='ltr'>quando,</span> <span class='ocrx_word' id='word_1_94' title='bbox 1119 1144 1237 1201; x_wconf 89' lang='lat' dir='ltr'>quoque</span> <span class='ocrx_word' id='word_1_95' title='bbox 1256 1125 1392 1190; x_wconf 91' lang='lat' dir='ltr'>naturali</span> <span class='ocrx_word' id='word_1_96' title='bbox 1417 1127 1487 1190; x_wconf 86' lang='lat' dir='ltr'>iure</span> <span class='ocrx_word' id='word_1_97' title='bbox 1503 1128 1533 1187; x_wconf 91' lang='lat' dir='ltr'>in</span> <span class='ocrx_word' id='word_1_98' title='bbox 1562 1137 1734 1203; x_wconf 84' lang='lat' dir='ltr'>pauperes,</span> <span class='ocrx_word' id='word_1_99' title='bbox 1747 1126 1881 1205; x_wconf 82' lang='lat' dir='ltr'>aliosque</span> 
     </span>
     <span class='ocr_line' id='line_1_10' title="bbox 324 1198 1879 1288; baseline -0.003 -12"><span class='ocrx_word' id='word_1_100' title='bbox 324 1210 360 1276; x_wconf 81' lang='lat' dir='ltr'>dc</span> <span class='ocrx_word' id='word_1_101' title='bbox 387 1227 538 1288; x_wconf 86' lang='lat' dir='ltr'>quantum</span> <span class='ocrx_word' id='word_1_102' title='bbox 563 1208 693 1271; x_wconf 89' lang='lat' dir='ltr'>dandum</span> <span class='ocrx_word' id='word_1_103' title='bbox 717 1202 755 1268; x_wconf 86' lang='lat' dir='ltr'>stt</span> <span class='ocrx_word' id='word_1_104' title='bbox 784 1206 965 1277; x_wconf 90' lang='lat' dir='ltr'>inventori,</span> <span class='ocrx_word' id='word_1_105' title='bbox 995 1198 1081 1267; x_wconf 87' lang='lat' dir='ltr'>srcuti</span> <span class='ocrx_word' id='word_1_106' title='bbox 1118 1209 1182 1281; x_wconf 82' lang='lat' dir='ltr'>piot</span> <span class='ocrx_word' id='word_1_107' title='bbox 1200 1202 1269 1269; x_wconf 86' lang='lat' dir='ltr'>usus</span> <span class='ocrx_word' id='word_1_108' title='bbox 1287 1205 1348 1269; x_wconf 86' lang='lat' dir='ltr'>elle</span> <span class='ocrx_word' id='word_1_109' title='bbox 1367 1202 1590 1269; x_wconf 85' lang='lat' dir='ltr'>distribuenda.</span> <span class='ocrx_word' id='word_1_110' title='bbox 1611 1205 1694 1270; x_wconf 86' lang='lat' dir='ltr'>Nam</span> <span class='ocrx_word' id='word_1_111' title='bbox 1709 1206 1811 1285; x_wconf 87' lang='lat' dir='ltr'>bona,</span> <span class='ocrx_word' id='word_1_112' title='bbox 1829 1207 1879 1271; x_wconf 88' lang='lat' dir='ltr'>vel</span> 
     </span>
     <span class='ocr_line' id='line_1_11' title="bbox 240 1282 1881 1364; baseline -0.002 -11"><span class='ocrx_word' id='word_1_113' title='bbox 240 1349 244 1364; x_wconf 84' lang='grc'><em>,</em></span> <span class='ocrx_word' id='word_1_114' title='bbox 325 1293 422 1354; x_wconf 83' lang='lat' dir='ltr'>etiam</span> <span class='ocrx_word' id='word_1_115' title='bbox 438 1296 521 1352; x_wconf 87' lang='lat' dir='ltr'>circa</span> <span class='ocrx_word' id='word_1_116' title='bbox 542 1285 715 1352; x_wconf 84' lang='lat' dir='ltr'>mobilia&amp;</span> <span class='ocrx_word' id='word_1_117' title='bbox 732 1282 897 1348; x_wconf 82' lang='lat' dir='ltr'>immobilia</span> <span class='ocrx_word' id='word_1_118' title='bbox 916 1283 1081 1345; x_wconf 73' lang='lat' dir='ltr'>danturle-</span> <span class='ocrx_word' id='word_1_119' title='bbox 1117 1284 1222 1349; x_wconf 90' lang='lat' dir='ltr'>debita</span> <span class='ocrx_word' id='word_1_120' title='bbox 1235 1286 1357 1349; x_wconf 86' lang='lat' dir='ltr'>incerta</span> <span class='ocrx_word' id='word_1_121' title='bbox 1375 1282 1498 1347; x_wconf 85' lang='lat' dir='ltr'>suntad</span> <span class='ocrx_word' id='word_1_122' title='bbox 1519 1283 1612 1350; x_wconf 80' lang='lat' dir='ltr'>instar</span> <span class='ocrx_word' id='word_1_123' title='bbox 1632 1306 1735 1349; x_wconf 89' lang='lat' dir='ltr'>rerum</span> <span class='ocrx_word' id='word_1_124' title='bbox 1763 1288 1881 1352; x_wconf 81' lang='lat' dir='ltr'>insen·</span> 
     </span>
     <span class='ocr_line' id='line_1_12' title="bbox 236 1360 1876 1449; baseline -0.001 -16"><span class='ocrx_word' id='word_1_125' title='bbox 236 1367 242 1384; x_wconf 93' lang='lat'><em>&#39;</em></span> <span class='ocrx_word' id='word_1_126' title='bbox 324 1391 376 1449; x_wconf 83' lang='lat' dir='ltr'>ges</span> <span class='ocrx_word' id='word_1_127' title='bbox 391 1370 594 1432; x_wconf 85' lang='lat' dir='ltr'>decernentes·</span> <span class='ocrx_word' id='word_1_128' title='bbox 606 1363 759 1429; x_wconf 83' lang='lat' dir='ltr'>beneficio</span> <span class='ocrx_word' id='word_1_129' title='bbox 775 1360 1013 1441; x_wconf 68' lang='lat' dir='ltr'>prescriptionis</span> <span class='ocrx_word' id='word_1_130' title='bbox 1030 1381 1083 1425; x_wconf 72' lang='lat' dir='ltr'>eo-</span> <span class='ocrx_word' id='word_1_131' title='bbox 1119 1382 1387 1442; x_wconf 89' lang='lat' dir='ltr'>tarum,.quatum</span> <span class='ocrx_word' id='word_1_132' title='bbox 1416 1365 1555 1428; x_wconf 83' lang='lat' dir='ltr'>dominus</span> <span class='ocrx_word' id='word_1_133' title='bbox 1580 1363 1718 1444; x_wconf 79' lang='lat' dir='ltr'>cognosci</span> <span class='ocrx_word' id='word_1_134' title='bbox 1739 1368 1876 1446; x_wconf 83' lang='lat' dir='ltr'>nequit,</span> 
     </span>
     <span class='ocr_line' id='line_1_13' title="bbox 325 1437 1880 1523; baseline -0.003 -10"><span class='ocrx_word' id='word_1_135' title='bbox 325 1472 392 1513; x_wconf 89' lang='lat' dir='ltr'>rum</span> <span class='ocrx_word' id='word_1_136' title='bbox 407 1449 575 1512; x_wconf 87' lang='lat' dir='ltr'>dominium</span> <span class='ocrx_word' id='word_1_137' title='bbox 597 1447 632 1510; x_wconf 90' lang='lat' dir='ltr'>ad</span> <span class='ocrx_word' id='word_1_138' title='bbox 653 1446 739 1508; x_wconf 90' lang='lat' dir='ltr'>illum</span> <span class='ocrx_word' id='word_1_139' title='bbox 757 1437 916 1508; x_wconf 72' lang='lat' dir='ltr'>transferri</span> <span class='ocrx_word' id='word_1_140' title='bbox 932 1488 941 1516; x_wconf 93' lang='lat'>,</span> <span class='ocrx_word' id='word_1_141' title='bbox 959 1444 1011 1517; x_wconf 86' lang='lat' dir='ltr'>qui</span> <span class='ocrx_word' id='word_1_142' title='bbox 1032 1461 1084 1517; x_wconf 87' lang='lat' dir='ltr'>per</span> <span class='ocrx_word' id='word_1_143' title='bbox 1117 1444 1152 1509; x_wconf 88' lang='lat'>&amp;</span> <span class='ocrx_word' id='word_1_144' title='bbox 1170 1444 1277 1507; x_wconf 85' lang='lat' dir='ltr'>eadem</span> <span class='ocrx_word' id='word_1_145' title='bbox 1292 1465 1348 1521; x_wconf 90' lang='lat' dir='ltr'>pro</span> <span class='ocrx_word' id='word_1_146' title='bbox 1364 1444 1424 1506; x_wconf 89' lang='lat' dir='ltr'>illis</span> <span class='ocrx_word' id='word_1_147' title='bbox 1440 1441 1483 1506; x_wconf 86' lang='lat' dir='ltr'>esl</span> <span class='ocrx_word' id='word_1_148' title='bbox 1509 1448 1613 1520; x_wconf 90' lang='lat' dir='ltr'>ratio,</span> <span class='ocrx_word' id='word_1_149' title='bbox 1629 1443 1768 1523; x_wconf 81' lang='lat' dir='ltr'>idemque</span> <span class='ocrx_word' id='word_1_150' title='bbox 1789 1445 1830 1509; x_wconf 87' lang='lat' dir='ltr'>de</span> <span class='ocrx_word' id='word_1_151' title='bbox 1845 1444 1880 1509; x_wconf 88' lang='lat' dir='ltr'>il·</span> 
     </span>
     <span class='ocr_line' id='line_1_14' title="bbox 325 1520 1874 1608; baseline -0.001 -16"><span class='ocrx_word' id='word_1_152' title='bbox 325 1548 447 1592; x_wconf 87' lang='lat' dir='ltr'>certum</span> <span class='ocrx_word' id='word_1_153' title='bbox 467 1527 618 1592; x_wconf 85' lang='lat' dir='ltr'>llaturum</span> <span class='ocrx_word' id='word_1_154' title='bbox 649 1544 770 1600; x_wconf 84' lang='lat' dir='ltr'>tempus</span> <span class='ocrx_word' id='word_1_155' title='bbox 789 1543 826 1587; x_wconf 89' lang='lat' dir='ltr'>ea</span> <span class='ocrx_word' id='word_1_156' title='bbox 854 1521 1033 1597; x_wconf 82' lang='lat' dir='ltr'>polledctit.</span> <span class='ocrx_word' id='word_1_157' title='bbox 1054 1520 1083 1582; x_wconf 87' lang='lat' dir='ltr'>l·</span> <span class='ocrx_word' id='word_1_158' title='bbox 1119 1526 1156 1588; x_wconf 88' lang='lat' dir='ltr'>lis</span> <span class='ocrx_word' id='word_1_159' title='bbox 1172 1522 1263 1589; x_wconf 86' lang='lat' dir='ltr'>debet</span> <span class='ocrx_word' id='word_1_160' title='bbox 1279 1526 1342 1588; x_wconf 84' lang='lat' dir='ltr'>elle</span> <span class='ocrx_word' id='word_1_161' title='bbox 1356 1522 1502 1587; x_wconf 89' lang='lat' dir='ltr'>iudicium</span> <span class='ocrx_word' id='word_1_162' title='bbox 1524 1569 1532 1584; x_wconf 90' lang='lat'><strong>.</strong></span> <span class='ocrx_word' id='word_1_163' title='bbox 1557 1522 1644 1586; x_wconf 84' lang='lat' dir='ltr'>Bona</span> <span class='ocrx_word' id='word_1_164' title='bbox 1672 1529 1782 1608; x_wconf 86' lang='lat' dir='ltr'>enim,</span> <span class='ocrx_word' id='word_1_165' title='bbox 1805 1545 1874 1602; x_wconf 85' lang='lat' dir='ltr'>quae</span> 
     </span>
     <span class='ocr_line' id='line_1_15' title="bbox 324 1599 1879 1686; baseline -0.001 -18"><span class='ocrx_word' id='word_1_166' title='bbox 324 1613 409 1686; x_wconf 76' lang='lat' dir='ltr'>gitur</span> <span class='ocrx_word' id='word_1_167' title='bbox 428 1629 498 1670; x_wconf 91' lang='lat' dir='ltr'>cum</span> <span class='ocrx_word' id='word_1_168' title='bbox 518 1610 568 1669; x_wconf 87' lang='lat' dir='ltr'>ius</span> <span class='ocrx_word' id='word_1_169' title='bbox 581 1603 701 1667; x_wconf 78' lang='lat' dir='ltr'>nullutn</span> <span class='ocrx_word' id='word_1_170' title='bbox 721 1605 765 1666; x_wconf 87' lang='lat' dir='ltr'>rei</span> <span class='ocrx_word' id='word_1_171' title='bbox 774 1602 938 1678; x_wconf 83' lang='lat' dir='ltr'>deperditae</span> <span class='ocrx_word' id='word_1_172' title='bbox 959 1599 1083 1676; x_wconf 89' lang='lat' dir='ltr'>sletpto</span> <span class='ocrx_word' id='word_1_173' title='bbox 1119 1604 1198 1668; x_wconf 89' lang='lat' dir='ltr'>tradi</span> <span class='ocrx_word' id='word_1_174' title='bbox 1219 1616 1381 1679; x_wconf 78' lang='lat' dir='ltr'>nequeunt·</span> <span class='ocrx_word' id='word_1_175' title='bbox 1395 1606 1520 1678; x_wconf 90' lang='lat' dir='ltr'>proptio</span> <span class='ocrx_word' id='word_1_176' title='bbox 1536 1602 1680 1677; x_wconf 90' lang='lat' dir='ltr'>domino,</span> <span class='ocrx_word' id='word_1_177' title='bbox 1703 1621 1760 1669; x_wconf 90' lang='lat' dir='ltr'>aut</span> <span class='ocrx_word' id='word_1_178' title='bbox 1784 1605 1879 1670; x_wconf 84' lang='lat' dir='ltr'>credi·</span> 
     </span>
     <span class='ocr_line' id='line_1_16' title="bbox 323 1680 1881 1764; baseline -0.002 -15"><span class='ocrx_word' id='word_1_179' title='bbox 323 1688 506 1764; x_wconf 79' lang='lat' dir='ltr'>inventore,</span> <span class='ocrx_word' id='word_1_180' title='bbox 522 1681 570 1750; x_wconf 86' lang='lat' dir='ltr'>sed</span> <span class='ocrx_word' id='word_1_181' title='bbox 590 1684 705 1759; x_wconf 84' lang='lat' dir='ltr'>semper</span> <span class='ocrx_word' id='word_1_182' title='bbox 723 1702 778 1759; x_wconf 88' lang='lat' dir='ltr'>pto</span> <span class='ocrx_word' id='word_1_183' title='bbox 793 1682 914 1745; x_wconf 90' lang='lat' dir='ltr'>domino</span> <span class='ocrx_word' id='word_1_184' title='bbox 938 1682 988 1756; x_wconf 93' lang='lat' dir='ltr'>qui</span> <span class='ocrx_word' id='word_1_185' title='bbox 1010 1699 1082 1743; x_wconf 89' lang='lat' dir='ltr'>eam</span> <span class='ocrx_word' id='word_1_186' title='bbox 1107 1686 1199 1759; x_wconf 89' lang='lat' dir='ltr'>tori,</span> <span class='ocrx_word' id='word_1_187' title='bbox 1220 1684 1277 1746; x_wconf 87' lang='lat' dir='ltr'>vel</span> <span class='ocrx_word' id='word_1_188' title='bbox 1295 1685 1363 1746; x_wconf 84' lang='lat' dir='ltr'>eius</span> <span class='ocrx_word' id='word_1_189' title='bbox 1377 1680 1566 1759; x_wconf 71' lang='lat' dir='ltr'>lateamus,</span> <span class='ocrx_word' id='word_1_190' title='bbox 1588 1682 1721 1747; x_wconf 89' lang='lat' dir='ltr'>naturali</span> <span class='ocrx_word' id='word_1_191' title='bbox 1744 1689 1813 1749; x_wconf 85' lang='lat' dir='ltr'>iure</span> <span class='ocrx_word' id='word_1_192' title='bbox 1827 1685 1881 1746; x_wconf 84' lang='lat' dir='ltr'>im·</span> 
     </span>
     <span class='ocr_line' id='line_1_17' title="bbox 306 1759 1880 1847; baseline -0.003 -16"><span class='ocrx_word' id='word_1_193' title='bbox 306 1764 442 1847; x_wconf 67' lang='lat' dir='ltr'>amiso,</span> <span class='ocrx_word' id='word_1_194' title='bbox 460 1764 482 1828; x_wconf 90' lang='lat' dir='ltr'>st</span> <span class='ocrx_word' id='word_1_195' title='bbox 512 1764 611 1829; x_wconf 88' lang='lat' dir='ltr'>eidem</span> <span class='ocrx_word' id='word_1_196' title='bbox 631 1762 749 1826; x_wconf 87' lang='lat' dir='ltr'>rellitui</span> <span class='ocrx_word' id='word_1_197' title='bbox 775 1777 936 1837; x_wconf 83' lang='lat' dir='ltr'>nequeat,</span> <span class='ocrx_word' id='word_1_198' title='bbox 948 1764 979 1821; x_wconf 91' lang='lat' dir='ltr'>in</span> <span class='ocrx_word' id='word_1_199' title='bbox 1002 1760 1085 1824; x_wconf 87' lang='lat' dir='ltr'>elee-</span> <span class='ocrx_word' id='word_1_200' title='bbox 1118 1763 1206 1841; x_wconf 84' lang='lat' dir='ltr'>pendi</span> <span class='ocrx_word' id='word_1_201' title='bbox 1221 1761 1335 1827; x_wconf 85' lang='lat' dir='ltr'>debent</span> <span class='ocrx_word' id='word_1_202' title='bbox 1348 1759 1511 1826; x_wconf 90' lang='lat' dir='ltr'>secundum</span> <span class='ocrx_word' id='word_1_203' title='bbox 1532 1760 1730 1826; x_wconf 84' lang='lat' dir='ltr'>voluntatem</span> <span class='ocrx_word' id='word_1_204' title='bbox 1749 1767 1816 1828; x_wconf 90' lang='lat' dir='ltr'>eius</span> <span class='ocrx_word' id='word_1_205' title='bbox 1834 1783 1880 1826; x_wconf 88' lang='lat' dir='ltr'>ra·</span> 
     </span>
     <span class='ocr_line' id='line_1_18' title="bbox 323 1838 1880 1921; baseline -0.002 -12"><span class='ocrx_word' id='word_1_206' title='bbox 323 1844 391 1909; x_wconf 82' lang='lat' dir='ltr'>mos</span> <span class='ocrx_word' id='word_1_207' title='bbox 408 1866 462 1909; x_wconf 87' lang='lat' dir='ltr'>nas</span> <span class='ocrx_word' id='word_1_208' title='bbox 483 1842 604 1909; x_wconf 54' lang='lat' dir='ltr'>aliosvev</span> <span class='ocrx_word' id='word_1_209' title='bbox 620 1848 690 1919; x_wconf 85' lang='lat' dir='ltr'>pios</span> <span class='ocrx_word' id='word_1_210' title='bbox 706 1838 774 1904; x_wconf 86' lang='lat' dir='ltr'>usus</span> <span class='ocrx_word' id='word_1_211' title='bbox 793 1839 836 1903; x_wconf 85' lang='lat' dir='ltr'>est</span> <span class='ocrx_word' id='word_1_212' title='bbox 855 1839 1082 1916; x_wconf 82' lang='lat' dir='ltr'>impendenda,</span> <span class='ocrx_word' id='word_1_213' title='bbox 1118 1841 1295 1907; x_wconf 85' lang='lat' dir='ltr'>tionabilem</span> <span class='ocrx_word' id='word_1_214' title='bbox 1317 1841 1481 1919; x_wconf 83' lang='lat' dir='ltr'>prudenter</span> <span class='ocrx_word' id='word_1_215' title='bbox 1503 1843 1715 1918; x_wconf 68' lang='lat' dir='ltr'>presumptum</span> <span class='ocrx_word' id='word_1_216' title='bbox 1726 1889 1735 1921; x_wconf 92' lang='lat'>,</span> <span class='ocrx_word' id='word_1_217' title='bbox 1757 1841 1791 1907; x_wconf 79' lang='lat' dir='ltr'>dt</span> <span class='ocrx_word' id='word_1_218' title='bbox 1819 1861 1880 1906; x_wconf 89' lang='lat' dir='ltr'>me·</span> 
     </span>
     <span class='ocr_line' id='line_1_19' title="bbox 322 1866 1879 1999; baseline -0.003 -10"><span class='ocrx_word' id='word_1_219' title='bbox 322 1944 358 1989; x_wconf 92' lang='lat' dir='ltr'>ut</span> <span class='ocrx_word' id='word_1_220' title='bbox 378 1866 487 1987; x_wconf 78' lang='lat' dir='ltr'>saltem</span> <span class='ocrx_word' id='word_1_221' title='bbox 504 1925 594 1989; x_wconf 85' lang='lat' dir='ltr'>cedat</span> <span class='ocrx_word' id='word_1_222' title='bbox 615 1926 651 1984; x_wconf 89' lang='lat' dir='ltr'>in</span> <span class='ocrx_word' id='word_1_223' title='bbox 667 1918 854 1997; x_wconf 86' lang='lat' dir='ltr'>spiritualem</span> <span class='ocrx_word' id='word_1_224' title='bbox 883 1921 997 1984; x_wconf 89' lang='lat' dir='ltr'>domini</span> <span class='ocrx_word' id='word_1_225' title='bbox 1019 1921 1082 1983; x_wconf 74' lang='lat' dir='ltr'>uti&#39;·</span> <span class='ocrx_word' id='word_1_226' title='bbox 1118 1924 1187 1987; x_wconf 89' lang='lat' dir='ltr'>liori</span> <span class='ocrx_word' id='word_1_227' title='bbox 1207 1921 1298 1986; x_wconf 87' lang='lat' dir='ltr'>modo</span> <span class='ocrx_word' id='word_1_228' title='bbox 1315 1942 1375 1997; x_wconf 90' lang='lat' dir='ltr'>quo</span> <span class='ocrx_word' id='word_1_229' title='bbox 1395 1920 1490 1995; x_wconf 86' lang='lat' dir='ltr'>potell</span> <span class='ocrx_word' id='word_1_230' title='bbox 1507 1920 1605 1984; x_wconf 86' lang='lat' dir='ltr'>eidem</span> <span class='ocrx_word' id='word_1_231' title='bbox 1619 1921 1737 1998; x_wconf 65' lang='lat' dir='ltr'>reddiq-</span> <span class='ocrx_word' id='word_1_232' title='bbox 1751 1923 1879 1999; x_wconf 86' lang='lat' dir='ltr'>ideoque</span> 
     </span>
     <span class='ocr_line' id='line_1_20' title="bbox 322 1997 1880 2085; baseline 0 -19"><span class='ocrx_word' id='word_1_233' title='bbox 322 2007 461 2080; x_wconf 85' lang='lat' dir='ltr'>litatem,</span> <span class='ocrx_word' id='word_1_234' title='bbox 477 2001 511 2068; x_wconf 65' lang='grc' dir='ltr'>ἃ</span> <span class='ocrx_word' id='word_1_235' title='bbox 541 2005 677 2081; x_wconf 81' lang='lat' dir='ltr'>legitime</span> <span class='ocrx_word' id='word_1_236' title='bbox 702 1998 892 2077; x_wconf 71' lang='lat' dir='ltr'>presumitur</span> <span class='ocrx_word' id='word_1_237' title='bbox 919 2000 994 2062; x_wconf 84' lang='lat' dir='ltr'>hanc</span> <span class='ocrx_word' id='word_1_238' title='bbox 1021 2000 1083 2062; x_wconf 81' lang='lat' dir='ltr'>elle</span> <span class='ocrx_word' id='word_1_239' title='bbox 1118 2001 1252 2066; x_wconf 85' lang='lat' dir='ltr'>distribui</span> <span class='ocrx_word' id='word_1_240' title='bbox 1274 2004 1313 2085; x_wconf 83' lang='lat' dir='ltr'>in</span> <span class='ocrx_word' id='word_1_241' title='bbox 1327 1997 1537 2081; x_wconf 87' lang='lat' dir='ltr'>eleemosynas</span> <span class='ocrx_word' id='word_1_242' title='bbox 1557 1998 1733 2080; x_wconf 88' lang='lat' dir='ltr'>pauperibus</span> <span class='ocrx_word' id='word_1_243' title='bbox 1755 1997 1880 2079; x_wconf 59' lang='lat' dir='ltr'>,etios-</span> 
     </span>
     <span class='ocr_line' id='line_1_21' title="bbox 322 2079 1877 2159; baseline -0.002 -13"><span class='ocrx_word' id='word_1_244' title='bbox 322 2085 440 2146; x_wconf 89' lang='lat' dir='ltr'>domini</span> <span class='ocrx_word' id='word_1_245' title='bbox 472 2083 689 2156; x_wconf 82' lang='lat' dir='ltr'>voluntatem,</span> <span class='ocrx_word' id='word_1_246' title='bbox 706 2079 855 2144; x_wconf 77' lang='lat' dir='ltr'>videlicet</span> <span class='ocrx_word' id='word_1_247' title='bbox 873 2095 909 2142; x_wconf 93' lang='lat' dir='ltr'>ut</span> <span class='ocrx_word' id='word_1_248' title='bbox 929 2097 976 2142; x_wconf 92' lang='lat' dir='ltr'>res</span> <span class='ocrx_word' id='word_1_249' title='bbox 992 2099 1089 2156; x_wconf 88' lang='lat' dir='ltr'>quam</span> <span class='ocrx_word' id='word_1_250' title='bbox 1118 2084 1258 2159; x_wconf 81' lang='lat' dir='ltr'>quepios</span> <span class='ocrx_word' id='word_1_251' title='bbox 1276 2081 1380 2157; x_wconf 57' lang='lat' dir='ltr'>ulus-,1</span> <span class='ocrx_word' id='word_1_252' title='bbox 1395 2081 1446 2155; x_wconf 89' lang='lat' dir='ltr'>qui</span> <span class='ocrx_word' id='word_1_253' title='bbox 1463 2084 1491 2143; x_wconf 90' lang='lat' dir='ltr'>ei</span> <span class='ocrx_word' id='word_1_254' title='bbox 1511 2128 1520 2155; x_wconf 89' lang='lat'>,</span> <span class='ocrx_word' id='word_1_255' title='bbox 1545 2079 1594 2143; x_wconf 89' lang='lat' dir='ltr'>vel</span> <span class='ocrx_word' id='word_1_256' title='bbox 1615 2079 1784 2146; x_wconf 74' lang='lat' dir='ltr'>heredibus</span> <span class='ocrx_word' id='word_1_257' title='bbox 1795 2128 1805 2159; x_wconf 97' lang='lat'>,</span> <span class='ocrx_word' id='word_1_258' title='bbox 1825 2080 1877 2146; x_wconf 82' lang='lat' dir='ltr'>rel</span> 
     </span>
     <span class='ocr_line' id='line_1_22' title="bbox 321 2155 1879 2300; baseline -0.003 -74"><span class='ocrx_word' id='word_1_259' title='bbox 321 2181 501 2238; x_wconf 84' lang='lat' dir='ltr'>recuperare</span> <span class='ocrx_word' id='word_1_260' title='bbox 521 2177 670 2237; x_wconf 86' lang='lat' dir='ltr'>nequeat,</span> <span class='ocrx_word' id='word_1_261' title='bbox 693 2161 737 2221; x_wconf 89' lang='lat' dir='ltr'>ita</span> <span class='ocrx_word' id='word_1_262' title='bbox 765 2158 983 2237; x_wconf 79' lang='lat' dir='ltr'>expendatur,</span> <span class='ocrx_word' id='word_1_263' title='bbox 1009 2157 1082 2222; x_wconf 82' lang='lat' dir='ltr'>idesi</span> <span class='ocrx_word' id='word_1_264' title='bbox 1109 2161 1295 2240; x_wconf 75' lang='lat' dir='ltr'>reipublicae</span> <span class='ocrx_word' id='word_1_265' title='bbox 1317 2155 1447 2236; x_wconf 79' lang='lat' dir='ltr'>prosint.</span> <span class='ocrx_word' id='word_1_266' title='bbox 1469 2159 1547 2223; x_wconf 89' lang='lat' dir='ltr'>Cum</span> <span class='ocrx_word' id='word_1_267' title='bbox 1563 2176 1667 2224; x_wconf 90' lang='lat' dir='ltr'>autem</span> <span class='ocrx_word' id='word_1_268' title='bbox 1695 2161 1879 2300; x_wconf 54' lang='lat' dir='ltr'>hecapfli·</span> 
     </span>
     <span class='ocr_line' id='line_1_23' title="bbox 323 2237 1881 2319; baseline -0.001 -14"><span class='ocrx_word' id='word_1_269' title='bbox 323 2244 435 2319; x_wconf 83' lang='lat' dir='ltr'>aptiori</span> <span class='ocrx_word' id='word_1_270' title='bbox 451 2240 542 2305; x_wconf 91' lang='lat' dir='ltr'>modo</span> <span class='ocrx_word' id='word_1_271' title='bbox 561 2241 630 2318; x_wconf 82' lang='lat' dir='ltr'>libi,</span> <span class='ocrx_word' id='word_1_272' title='bbox 647 2239 871 2315; x_wconf 75' lang='lat' dir='ltr'>&amp;reipublicae</span> <span class='ocrx_word' id='word_1_273' title='bbox 890 2238 1029 2302; x_wconf 89' lang='lat' dir='ltr'>utiliori.</span> <span class='ocrx_word' id='word_1_274' title='bbox 1117 2245 1217 2318; x_wconf 85' lang='lat' dir='ltr'>tatio,</span> <span class='ocrx_word' id='word_1_275' title='bbox 1233 2238 1296 2304; x_wconf 82' lang='lat' dir='ltr'>five</span> <span class='ocrx_word' id='word_1_276' title='bbox 1318 2244 1467 2306; x_wconf 82' lang='lat' dir='ltr'>inventor</span> <span class='ocrx_word' id='word_1_277' title='bbox 1489 2258 1557 2303; x_wconf 84' lang='lat' dir='ltr'>eam</span> <span class='ocrx_word' id='word_1_278' title='bbox 1583 2238 1634 2302; x_wconf 86' lang='lat' dir='ltr'>libi</span> <span class='ocrx_word' id='word_1_279' title='bbox 1664 2237 1799 2319; x_wconf 88' lang='lat' dir='ltr'>fecerit,</span> <span class='ocrx_word' id='word_1_280' title='bbox 1831 2258 1881 2306; x_wconf 80' lang='lat' dir='ltr'>tte</span> 
     </span>
     <span class='ocr_line' id='line_1_24' title="bbox 364 2317 1882 2397; baseline 0.001 -15"><span class='ocrx_word' id='word_1_281' title='bbox 364 2321 432 2384; x_wconf 88' lang='lat' dir='ltr'>Nec</span> <span class='ocrx_word' id='word_1_282' title='bbox 462 2322 548 2385; x_wconf 85' lang='lat' dir='ltr'>valet</span> <span class='ocrx_word' id='word_1_283' title='bbox 572 2320 672 2385; x_wconf 87' lang='lat' dir='ltr'>dicere</span> <span class='ocrx_word' id='word_1_284' title='bbox 705 2322 808 2396; x_wconf 89' lang='lat' dir='ltr'>potius</span> <span class='ocrx_word' id='word_1_285' title='bbox 837 2319 921 2394; x_wconf 85' lang='lat' dir='ltr'>polle</span> <span class='ocrx_word' id='word_1_286' title='bbox 944 2317 1083 2393; x_wconf 84' lang='lat' dir='ltr'>praesumi</span> <span class='ocrx_word' id='word_1_287' title='bbox 1119 2322 1188 2385; x_wconf 86' lang='lat' dir='ltr'>aliis</span> <span class='ocrx_word' id='word_1_288' title='bbox 1202 2320 1384 2397; x_wconf 88' lang='lat' dir='ltr'>pauperibus</span> <span class='ocrx_word' id='word_1_289' title='bbox 1397 2319 1458 2383; x_wconf 81' lang='lat' dir='ltr'>dcc.</span> <span class='ocrx_word' id='word_1_290' title='bbox 1477 2318 1555 2384; x_wconf 86' lang='lat' dir='ltr'>hanc</span> <span class='ocrx_word' id='word_1_291' title='bbox 1572 2319 1708 2384; x_wconf 87' lang='lat' dir='ltr'>includat</span> <span class='ocrx_word' id='word_1_292' title='bbox 1731 2320 1882 2384; x_wconf 82' lang='lat' dir='ltr'>conditio·</span> 
     </span>
     <span class='ocr_line' id='line_1_25' title="bbox 323 2399 1881 2482; baseline 0 -19"><span class='ocrx_word' id='word_1_293' title='bbox 323 2404 519 2464; x_wconf 89' lang='lat' dir='ltr'>voluntatem</span> <span class='ocrx_word' id='word_1_294' title='bbox 539 2401 600 2465; x_wconf 87' lang='lat' dir='ltr'>elle</span> <span class='ocrx_word' id='word_1_295' title='bbox 616 2400 812 2474; x_wconf 87' lang='lat' dir='ltr'>amittentis,</span> <span class='ocrx_word' id='word_1_296' title='bbox 829 2414 863 2460; x_wconf 93' lang='lat' dir='ltr'>ut</span> <span class='ocrx_word' id='word_1_297' title='bbox 886 2416 940 2461; x_wconf 80' lang='lat' dir='ltr'>res·</span> <span class='ocrx_word' id='word_1_298' title='bbox 954 2414 1082 2467; x_wconf 76' lang='lat' dir='ltr'>metuat</span> <span class='ocrx_word' id='word_1_299' title='bbox 1119 2422 1207 2479; x_wconf 86' lang='lat' dir='ltr'>nem,</span> <span class='ocrx_word' id='word_1_300' title='bbox 1228 2399 1409 2466; x_wconf 78' lang='lat' dir='ltr'>srdominus</span> <span class='ocrx_word' id='word_1_301' title='bbox 1423 2418 1493 2462; x_wconf 89' lang='lat' dir='ltr'>non·</span> <span class='ocrx_word' id='word_1_302' title='bbox 1505 2409 1705 2482; x_wconf 82' lang='lat' dir='ltr'>compareat,</span> <span class='ocrx_word' id='word_1_303' title='bbox 1723 2399 1800 2463; x_wconf 89' lang='lat' dir='ltr'>alias</span> <span class='ocrx_word' id='word_1_304' title='bbox 1820 2417 1881 2463; x_wconf 85' lang='lat' dir='ltr'>non</span> 
     </span>
     <span class='ocr_line' id='line_1_26' title="bbox 323 2467 1881 2557; baseline 0 -13"><span class='ocrx_word' id='word_1_305' title='bbox 323 2498 413 2557; x_wconf 89' lang='lat' dir='ltr'>penes</span> <span class='ocrx_word' id='word_1_306' title='bbox 434 2483 631 2546; x_wconf 84' lang='lat' dir='ltr'>inventorem</span> <span class='ocrx_word' id='word_1_307' title='bbox 650 2478 691 2540; x_wconf 84' lang='lat' dir='ltr'>ob</span> <span class='ocrx_word' id='word_1_308' title='bbox 719 2474 802 2552; x_wconf 88' lang='lat' dir='ltr'>spem</span> <span class='ocrx_word' id='word_1_309' title='bbox 827 2497 897 2541; x_wconf 91' lang='lat' dir='ltr'>eam</span> <span class='ocrx_word' id='word_1_310' title='bbox 922 2467 1083 2553; x_wconf 69' lang='lat' dir='ltr'>sffipuandb</span> <span class='ocrx_word' id='word_1_311' title='bbox 1110 2478 1193 2544; x_wconf 80' lang='lat' dir='ltr'>latis</span> <span class='ocrx_word' id='word_1_312' title='bbox 1206 2477 1382 2544; x_wconf 89' lang='lat' dir='ltr'>consultum</span> <span class='ocrx_word' id='word_1_313' title='bbox 1398 2479 1474 2542; x_wconf 90' lang='lat' dir='ltr'>ellet</span> <span class='ocrx_word' id='word_1_314' title='bbox 1493 2477 1574 2543; x_wconf 92' lang='lat' dir='ltr'>bono</span> <span class='ocrx_word' id='word_1_315' title='bbox 1590 2478 1726 2556; x_wconf 88' lang='lat' dir='ltr'>domini,</span> <span class='ocrx_word' id='word_1_316' title='bbox 1743 2477 1881 2556; x_wconf 85' lang='lat' dir='ltr'>sequitur</span> 
     </span>
     <span class='ocr_line' id='line_1_27' title="bbox 321 2554 1887 2637; baseline -0.001 -14"><span class='ocrx_word' id='word_1_317' title='bbox 321 2562 534 2637; x_wconf 84' lang='lat' dir='ltr'>recuperandi,</span> <span class='ocrx_word' id='word_1_318' title='bbox 553 2580 616 2623; x_wconf 87' lang='lat' dir='ltr'>non</span> <span class='ocrx_word' id='word_1_319' title='bbox 646 2559 720 2623; x_wconf 87' lang='lat' dir='ltr'>alias</span> <span class='ocrx_word' id='word_1_320' title='bbox 743 2555 882 2635; x_wconf 84' lang='lat' dir='ltr'>dilltalri,</span> <span class='ocrx_word' id='word_1_321' title='bbox 898 2554 932 2621; x_wconf 83' lang='lat' dir='ltr'>dt</span> <span class='ocrx_word' id='word_1_322' title='bbox 953 2556 1082 2633; x_wconf 83' lang='lat' dir='ltr'>impendi</span> <span class='ocrx_word' id='word_1_323' title='bbox 1118 2561 1196 2637; x_wconf 87' lang='lat' dir='ltr'>quod</span> <span class='ocrx_word' id='word_1_324' title='bbox 1217 2559 1342 2625; x_wconf 91' lang='lat' dir='ltr'>domino</span> <span class='ocrx_word' id='word_1_325' title='bbox 1361 2575 1585 2634; x_wconf 87' lang='lat' dir='ltr'>comparente,</span> <span class='ocrx_word' id='word_1_326' title='bbox 1610 2558 1640 2620; x_wconf 80' lang='lat' dir='ltr'>sr&#39;</span> <span class='ocrx_word' id='word_1_327' title='bbox 1657 2578 1703 2623; x_wconf 90' lang='lat' dir='ltr'>res</span> <span class='ocrx_word' id='word_1_328' title='bbox 1723 2576 1813 2624; x_wconf 84' lang='lat' dir='ltr'>extet</span> <span class='ocrx_word' id='word_1_329' title='bbox 1829 2557 1887 2623; x_wconf 86' lang='lat' dir='ltr'>vel·</span> 
     </span>
     <span class='ocr_line' id='line_1_28' title="bbox 321 2634 1824 2720; baseline -0.001 -19"><span class='ocrx_word' id='word_1_330' title='bbox 321 2642 435 2715; x_wconf 88' lang='lat' dir='ltr'>inpios</span> <span class='ocrx_word' id='word_1_331' title='bbox 455 2636 544 2718; x_wconf 80' lang='lat' dir='ltr'>usus,</span> <span class='ocrx_word' id='word_1_332' title='bbox 558 2661 618 2717; x_wconf 93' lang='lat' dir='ltr'>quo</span> <span class='ocrx_word' id='word_1_333' title='bbox 632 2642 662 2703; x_wconf 90' lang='lat' dir='ltr'>ei</span> <span class='ocrx_word' id='word_1_334' title='bbox 685 2635 810 2702; x_wconf 86' lang='lat' dir='ltr'>tollitur</span> <span class='ocrx_word' id='word_1_335' title='bbox 830 2639 927 2700; x_wconf 88' lang='lat' dir='ltr'>omnis</span> <span class='ocrx_word' id='word_1_336' title='bbox 945 2634 1084 2712; x_wconf 86' lang='lat' dir='ltr'>lptseam</span> <span class='ocrx_word' id='word_1_337' title='bbox 1119 2644 1150 2701; x_wconf 91' lang='lat' dir='ltr'>in</span> <span class='ocrx_word' id='word_1_338' title='bbox 1172 2636 1227 2717; x_wconf 91' lang='lat' dir='ltr'>se,</span> <span class='ocrx_word' id='word_1_339' title='bbox 1246 2639 1298 2703; x_wconf 88' lang='lat' dir='ltr'>vel</span> <span class='ocrx_word' id='word_1_340' title='bbox 1319 2640 1351 2700; x_wconf 90' lang='lat' dir='ltr'>in</span> <span class='ocrx_word' id='word_1_341' title='bbox 1372 2641 1490 2715; x_wconf 88' lang='lat' dir='ltr'>pretio,</span> <span class='ocrx_word' id='word_1_342' title='bbox 1509 2642 1537 2701; x_wconf 93' lang='lat' dir='ltr'>ei</span> <span class='ocrx_word' id='word_1_343' title='bbox 1558 2637 1746 2703; x_wconf 88' lang='lat' dir='ltr'>rellituenda</span> <span class='ocrx_word' id='word_1_344' title='bbox 1768 2635 1824 2720; x_wconf 82' lang='lat' dir='ltr'>stt.</span> 
     </span>
     <span class='ocr_line' id='line_1_29' title="bbox 320 2716 1888 2796; baseline 0.001 -15"><span class='ocrx_word' id='word_1_345' title='bbox 320 2719 451 2792; x_wconf 84' lang='lat' dir='ltr'>amplius</span> <span class='ocrx_word' id='word_1_346' title='bbox 482 2720 609 2787; x_wconf 83' lang='lat' dir='ltr'>habendi</span> <span class='ocrx_word' id='word_1_347' title='bbox 632 2740 652 2795; x_wconf 67' lang='grc'>,·’</span> <span class='ocrx_word' id='word_1_348' title='bbox 670 2719 744 2793; x_wconf 87' lang='lat' dir='ltr'>quia</span> <span class='ocrx_word' id='word_1_349' title='bbox 771 2719 806 2777; x_wconf 90' lang='lat' dir='ltr'>in</span> <span class='ocrx_word' id='word_1_350' title='bbox 826 2737 860 2779; x_wconf 85' lang='lat' dir='ltr'>re</span> <span class='ocrx_word' id='word_1_351' title='bbox 875 2735 939 2779; x_wconf 88' lang='lat' dir='ltr'>tam</span> <span class='ocrx_word' id='word_1_352' title='bbox 966 2718 1084 2781; x_wconf 82' lang='lat' dir='ltr'>incerta</span> <span class='ocrx_word' id='word_1_353' title='bbox 1159 2719 1288 2784; x_wconf 90' lang='lat' dir='ltr'>Certum</span> <span class='ocrx_word' id='word_1_354' title='bbox 1307 2717 1349 2782; x_wconf 85' lang='lat' dir='ltr'>eli</span> <span class='ocrx_word' id='word_1_355' title='bbox 1367 2716 1447 2796; x_wconf 88' lang='lat' dir='ltr'>apud</span> <span class='ocrx_word' id='word_1_356' title='bbox 1464 2737 1569 2783; x_wconf 89' lang='lat' dir='ltr'>omnes</span> <span class='ocrx_word' id='word_1_357' title='bbox 1582 2763 1591 2793; x_wconf 93' lang='lat'>,</span> <span class='ocrx_word' id='word_1_358' title='bbox 1606 2717 1888 2794; x_wconf 78' lang='lat' dir='ltr'>quod‘stdominus&#39;</span> 
     </span>
     <span class='ocr_line' id='line_1_30' title="bbox 320 2791 1889 2876; baseline 0 -15"><span class='ocrx_word' id='word_1_359' title='bbox 320 2801 437 2862; x_wconf 89' lang='lat' dir='ltr'>certior</span> <span class='ocrx_word' id='word_1_360' title='bbox 465 2800 499 2865; x_wconf 71' lang='grc' dir='ltr'><strong>ἃ</strong></span> <span class='ocrx_word' id='word_1_361' title='bbox 519 2798 730 2863; x_wconf 85' lang='lat' dir='ltr'>rationabilior</span> <span class='ocrx_word' id='word_1_362' title='bbox 762 2793 805 2858; x_wconf 80' lang='lat' dir='ltr'>est</span> <span class='ocrx_word' id='word_1_363' title='bbox 836 2791 1084 2874; x_wconf 80' lang='lat' dir='ltr'>praesumptisds</span> <span class='ocrx_word' id='word_1_364' title='bbox 1127 2801 1169 2862; x_wconf 91' lang='lat' dir='ltr'>rei</span> <span class='ocrx_word' id='word_1_365' title='bbox 1192 2802 1330 2863; x_wconf 79' lang='lat' dir='ltr'>inventas</span> <span class='ocrx_word' id='word_1_366' title='bbox 1348 2808 1543 2876; x_wconf 76' lang='lat' dir='ltr'>compareat,</span> <span class='ocrx_word' id='word_1_367' title='bbox 1562 2816 1633 2861; x_wconf 90' lang='lat' dir='ltr'>cum</span> <span class='ocrx_word' id='word_1_368' title='bbox 1657 2797 1754 2862; x_wconf 91' lang='lat' dir='ltr'>adbuc</span> <span class='ocrx_word' id='word_1_369' title='bbox 1786 2817 1834 2861; x_wconf 88' lang='lat' dir='ltr'>res</span> <span class='ocrx_word' id='word_1_370' title='bbox 1851 2816 1889 2861; x_wconf 59' lang='lat' dir='ltr'>ed</span> 
     </span>
    </p>
   </div>
   <div class='ocr_carea' id='block_1_4' title="bbox 224 2871 1890 2955">
    <p class='ocr_par' dir='ltr' id='par_1_4' title="bbox 224 2871 1890 2955">
     <span class='ocr_line' id='line_1_31' title="bbox 224 2871 1890 2955; baseline -0.004 -11"><span class='ocrx_word' id='word_1_371' title='bbox 224 2935 228 2944; x_wconf 94' lang='lat'><em>.</em></span> <span class='ocrx_word' id='word_1_372' title='bbox 319 2876 549 2946; x_wconf 85' lang='lat' dir='ltr'>eiusconlensu</span> <span class='ocrx_word' id='word_1_373' title='bbox 571 2882 604 2941; x_wconf 90' lang='lat' dir='ltr'>iu</span> <span class='ocrx_word' id='word_1_374' title='bbox 625 2878 681 2942; x_wconf 90' lang='lat' dir='ltr'>tall</span> <span class='ocrx_word' id='word_1_375' title='bbox 701 2871 898 2940; x_wconf 83' lang='lat' dir='ltr'>usuittorum</span> <span class='ocrx_word' id='word_1_376' title='bbox 913 2874 1085 2951; x_wconf 78' lang='lat' dir='ltr'>bonorum,</span> <span class='ocrx_word' id='word_1_377' title='bbox 1119 2877 1303 2955; x_wconf 85' lang='lat' dir='ltr'>xillit,s1ve</span> <span class='ocrx_word' id='word_1_378' title='bbox 1325 2882 1355 2940; x_wconf 90' lang='lat' dir='ltr'>in</span> <span class='ocrx_word' id='word_1_379' title='bbox 1375 2876 1543 2953; x_wconf 84' lang='lat' dir='ltr'>toto,srve</span> <span class='ocrx_word' id='word_1_380' title='bbox 1572 2880 1603 2938; x_wconf 92' lang='lat' dir='ltr'>in</span> <span class='ocrx_word' id='word_1_381' title='bbox 1631 2897 1738 2955; x_wconf 88' lang='lat' dir='ltr'>parte,</span> <span class='ocrx_word' id='word_1_382' title='bbox 1758 2875 1823 2941; x_wconf 85' lang='lat' dir='ltr'>slve</span> <span class='ocrx_word' id='word_1_383' title='bbox 1851 2878 1890 2938; x_wconf 87' lang='lat' dir='ltr'>in·</span> 
     </span>
    </p>
   </div>
   <div class='ocr_carea' id='block_1_5' title="bbox 319 2946 1914 3911">
    <p class='ocr_par' dir='ltr' id='par_1_5' title="bbox 319 2946 1914 3911">
     <span class='ocr_line' id='line_1_32' title="bbox 319 2946 1878 3038; baseline 0.001 -18"><span class='ocrx_word' id='word_1_384' title='bbox 319 2958 391 3021; x_wconf 89' lang='lat' dir='ltr'>dum</span> <span class='ocrx_word' id='word_1_385' title='bbox 403 2957 476 3024; x_wconf 73' lang='lat' dir='ltr'>bec</span> <span class='ocrx_word' id='word_1_386' title='bbox 496 2955 633 3036; x_wconf 82' lang='lat' dir='ltr'>suntiplr</span> <span class='ocrx_word' id='word_1_387' title='bbox 652 2960 782 3036; x_wconf 85' lang='lat' dir='ltr'>penitus</span> <span class='ocrx_word' id='word_1_388' title='bbox 806 2946 923 3019; x_wconf 70' lang='lat' dir='ltr'>incerta</span> <span class='ocrx_word' id='word_1_389' title='bbox 936 2975 1003 3032; x_wconf 73' lang='lat' dir='ltr'>,ac</span> <span class='ocrx_word' id='word_1_390' title='bbox 1018 2956 1085 3020; x_wconf 89' lang='lat' dir='ltr'>nul·</span> <span class='ocrx_word' id='word_1_391' title='bbox 1120 2958 1163 3033; x_wconf 86' lang='lat' dir='ltr'>le,</span> <span class='ocrx_word' id='word_1_392' title='bbox 1184 2957 1294 3025; x_wconf 79' lang='lat' dir='ltr'>sivein</span> <span class='ocrx_word' id='word_1_393' title='bbox 1312 2962 1426 3036; x_wconf 85' lang='lat' dir='ltr'>pretio,</span> <span class='ocrx_word' id='word_1_394' title='bbox 1446 2956 1509 3024; x_wconf 81' lang='lat' dir='ltr'>slve</span> <span class='ocrx_word' id='word_1_395' title='bbox 1526 2956 1605 3036; x_wconf 82' lang='lat' dir='ltr'>aptrd</span> <span class='ocrx_word' id='word_1_396' title='bbox 1620 2976 1797 3038; x_wconf 83' lang='lat' dir='ltr'>emptores,</span> <span class='ocrx_word' id='word_1_397' title='bbox 1816 2947 1878 3021; x_wconf 86' lang='lat' dir='ltr'>live</span> 
     </span>
     <span class='ocr_line' id='line_1_33' title="bbox 320 3033 1880 3116; baseline -0.001 -16"><span class='ocrx_word' id='word_1_398' title='bbox 320 3038 384 3100; x_wconf 88' lang='lat' dir='ltr'>lam</span> <span class='ocrx_word' id='word_1_399' title='bbox 410 3054 523 3103; x_wconf 79' lang='lat' dir='ltr'>coruus</span> <span class='ocrx_word' id='word_1_400' title='bbox 570 3037 736 3103; x_wconf 84' lang='lat' dir='ltr'>robahilem</span> <span class='ocrx_word' id='word_1_401' title='bbox 763 3033 859 3098; x_wconf 86' lang='lat' dir='ltr'>habet·</span> <span class='ocrx_word' id='word_1_402' title='bbox 877 3033 985 3111; x_wconf 87' lang='lat' dir='ltr'>spem,</span> <span class='ocrx_word' id='word_1_403' title='bbox 1011 3056 1083 3098; x_wconf 85' lang='lat' dir='ltr'>cum</span> <span class='ocrx_word' id='word_1_404' title='bbox 1121 3038 1199 3114; x_wconf 85' lang='lat' dir='ltr'>apud</span> <span class='ocrx_word' id='word_1_405' title='bbox 1220 3058 1383 3116; x_wconf 81' lang='lat' dir='ltr'>pauperes,</span> <span class='ocrx_word' id='word_1_406' title='bbox 1399 3036 1450 3101; x_wconf 89' lang='lat' dir='ltr'>vel</span> <span class='ocrx_word' id='word_1_407' title='bbox 1468 3037 1547 3112; x_wconf 91' lang='lat' dir='ltr'>apud</span> <span class='ocrx_word' id='word_1_408' title='bbox 1567 3039 1649 3112; x_wconf 90' lang='lat' dir='ltr'>pium</span> <span class='ocrx_word' id='word_1_409' title='bbox 1680 3038 1810 3114; x_wconf 88' lang='lat' dir='ltr'>locum,</span> <span class='ocrx_word' id='word_1_410' title='bbox 1840 3039 1880 3101; x_wconf 90' lang='lat' dir='ltr'>ei·</span> 
     </span>
     <span class='ocr_line' id='line_1_34' title="bbox 320 3108 1890 3194; baseline 0 -15"><span class='ocrx_word' id='word_1_411' title='bbox 320 3136 381 3192; x_wconf 87' lang='lat' dir='ltr'>per·</span> <span class='ocrx_word' id='word_1_412' title='bbox 404 3118 499 3181; x_wconf 81' lang='lat' dir='ltr'>talem</span> <span class='ocrx_word' id='word_1_413' title='bbox 524 3140 544 3182; x_wconf 94' lang='lat' dir='ltr'>u</span> <span class='ocrx_word' id='word_1_414' title='bbox 643 3132 766 3180; x_wconf 85' lang='lat' dir='ltr'>certum</span> <span class='ocrx_word' id='word_1_415' title='bbox 795 3133 901 3176; x_wconf 87' lang='lat' dir='ltr'>eorum</span> <span class='ocrx_word' id='word_1_416' title='bbox 921 3108 1086 3189; x_wconf 76' lang='lat' dir='ltr'>profrttum</span> <span class='ocrx_word' id='word_1_417' title='bbox 1119 3118 1188 3182; x_wconf 88' lang='lat' dir='ltr'>dem</span> <span class='ocrx_word' id='word_1_418' title='bbox 1209 3115 1327 3182; x_wconf 85' lang='lat' dir='ltr'>rellitui</span> <span class='ocrx_word' id='word_1_419' title='bbox 1348 3116 1463 3181; x_wconf 82' lang='lat' dir='ltr'>debet..·</span> <span class='ocrx_word' id='word_1_420' title='bbox 1473 3117 1517 3193; x_wconf 80' lang='lat' dir='ltr'>¹Et</span> <span class='ocrx_word' id='word_1_421' title='bbox 1534 3115 1555 3180; x_wconf 86' lang='lat' dir='ltr'>st</span> <span class='ocrx_word' id='word_1_422' title='bbox 1573 3118 1710 3194; x_wconf 85' lang='lat' dir='ltr'>impensa·</span> <span class='ocrx_word' id='word_1_423' title='bbox 1722 3116 1820 3183; x_wconf 86' lang='lat' dir='ltr'>suerit</span> <span class='ocrx_word' id='word_1_424' title='bbox 1830 3134 1890 3181; x_wconf 90' lang='lat' dir='ltr'>an··</span> 
     </span>
     <span class='ocr_line' id='line_1_35' title="bbox 319 3192 1883 3273; baseline -0.006 -2"><span class='ocrx_word' id='word_1_425' title='bbox 319 3196 486 3273; x_wconf 82' lang='lat' dir='ltr'>percipiat:</span> <span class='ocrx_word' id='word_1_426' title='bbox 508 3217 547 3263; x_wconf 80' lang='lat' dir='ltr'>eo</span> <span class='ocrx_word' id='word_1_427' title='bbox 569 3196 622 3261; x_wconf 61' lang='lat' dir='ltr'>vel</span> <span class='ocrx_word' id='word_1_428' title='bbox 642 3199 775 3259; x_wconf 68' lang='lat' dir='ltr'>*mxime</span> <span class='ocrx_word' id='word_1_429' title='bbox 797 3192 876 3268; x_wconf 71' lang='lat' dir='ltr'>quod</span> <span class='ocrx_word' id='word_1_430' title='bbox 904 3193 1089 3268; x_wconf 78' lang='lat' dir='ltr'>quotidiana</span> <span class='ocrx_word' id='word_1_431' title='bbox 1122 3215 1155 3262; x_wconf 87' lang='lat' dir='ltr'>te</span> <span class='ocrx_word' id='word_1_432' title='bbox 1174 3196 1307 3262; x_wconf 85' lang='lat' dir='ltr'>debitam</span> <span class='ocrx_word' id='word_1_433' title='bbox 1327 3193 1551 3272; x_wconf 78' lang='lat' dir='ltr'>inquisitionem</span> <span class='ocrx_word' id='word_1_434' title='bbox 1565 3246 1574 3272; x_wconf 85' lang='lat'>,</span> <span class='ocrx_word' id='word_1_435' title='bbox 1587 3212 1714 3261; x_wconf 87' lang='lat' dir='ltr'>tenerur</span> <span class='ocrx_word' id='word_1_436' title='bbox 1733 3201 1883 3264; x_wconf 85' lang='lat' dir='ltr'>inventor</span> 
     </span>
     <span class='ocr_line' id='line_1_36' title="bbox 320 3271 1884 3355; baseline 0.001 -18"><span class='ocrx_word' id='word_1_437' title='bbox 320 3277 514 3351; x_wconf 77' lang='lat' dir='ltr'>experientia</span> <span class='ocrx_word' id='word_1_438' title='bbox 536 3272 726 3340; x_wconf 85' lang='lat' dir='ltr'>demonstrat</span> <span class='ocrx_word' id='word_1_439' title='bbox 753 3271 836 3334; x_wconf 79' lang='lat' dir='ltr'>banc</span> <span class='ocrx_word' id='word_1_440' title='bbox 857 3272 920 3355; x_wconf 79' lang='lat' dir='ltr'>elle</span> <span class='ocrx_word' id='word_1_441' title='bbox 946 3292 1087 3337; x_wconf 78' lang='lat' dir='ltr'>commu-</span> <span class='ocrx_word' id='word_1_442' title='bbox 1120 3297 1191 3340; x_wconf 89' lang='lat' dir='ltr'>eam</span> <span class='ocrx_word' id='word_1_443' title='bbox 1205 3278 1330 3341; x_wconf 90' lang='lat' dir='ltr'>domino</span> <span class='ocrx_word' id='word_1_444' title='bbox 1350 3280 1381 3339; x_wconf 91' lang='lat' dir='ltr'>in</span> <span class='ocrx_word' id='word_1_445' title='bbox 1400 3279 1500 3353; x_wconf 89' lang='lat' dir='ltr'>ptetio</span> <span class='ocrx_word' id='word_1_446' title='bbox 1528 3276 1637 3341; x_wconf 84' lang='lat' dir='ltr'>saltem</span> <span class='ocrx_word' id='word_1_447' title='bbox 1667 3298 1720 3353; x_wconf 87' lang='lat' dir='ltr'>pm</span> <span class='ocrx_word' id='word_1_448' title='bbox 1740 3297 1884 3355; x_wconf 89' lang='lat' dir='ltr'>compen·</span> 
     </span>
     <span class='ocr_line' id='line_1_37' title="bbox 321 3352 1900 3435; baseline 0.002 -19"><span class='ocrx_word' id='word_1_449' title='bbox 321 3372 400 3416; x_wconf 86' lang='lat' dir='ltr'>nem·</span> <span class='ocrx_word' id='word_1_450' title='bbox 424 3353 581 3419; x_wconf 87' lang='lat' dir='ltr'>hominum</span> <span class='ocrx_word' id='word_1_451' title='bbox 610 3355 817 3418; x_wconf 80' lang='lat' dir='ltr'>intentionem</span> <span class='ocrx_word' id='word_1_452' title='bbox 836 3352 1088 3435; x_wconf 56' lang='lat' dir='ltr'>,stertentum</span> <span class='ocrx_word' id='word_1_453' title='bbox 1121 3354 1249 3422; x_wconf 82' lang='lat' dir='ltr'>satione·</span> <span class='ocrx_word' id='word_1_454' title='bbox 1265 3353 1424 3420; x_wconf 79' lang='lat' dir='ltr'>restituere</span> <span class='ocrx_word' id='word_1_455' title='bbox 1445 3402 1463 3433; x_wconf 77' lang='lat'>‚.</span> <span class='ocrx_word' id='word_1_456' title='bbox 1479 3357 1718 3432; x_wconf 81' lang='lat' dir='ltr'>quia-inventor</span> <span class='ocrx_word' id='word_1_457' title='bbox 1742 3360 1900 3421; x_wconf 81' lang='lat' dir='ltr'>iniuriam·</span> 
     </span>
     <span class='ocr_line' id='line_1_38' title="bbox 322 3426 1885 3520; baseline 0.001 -23"><span class='ocrx_word' id='word_1_458' title='bbox 322 3430 519 3498; x_wconf 80' lang='lat' dir='ltr'>tell-&#39;amentis</span> <span class='ocrx_word' id='word_1_459' title='bbox 538 3434 697 3514; x_wconf 77' lang='lat' dir='ltr'>colligitur</span> <span class='ocrx_word' id='word_1_460' title='bbox 714 3429 821 3508; x_wconf 88' lang='lat' dir='ltr'>quibus</span> <span class='ocrx_word' id='word_1_461' title='bbox 838 3428 956 3496; x_wconf 85' lang='lat' dir='ltr'>solicite</span> <span class='ocrx_word' id='word_1_462' title='bbox 971 3432 1068 3497; x_wconf 76' lang='lat' dir='ltr'>ration</span> <span class='ocrx_word' id='word_1_463' title='bbox 1122 3434 1196 3500; x_wconf 76' lang='lat' dir='ltr'>iecit</span> <span class='ocrx_word' id='word_1_464' title='bbox 1213 3436 1338 3500; x_wconf 89' lang='lat' dir='ltr'>domino</span> <span class='ocrx_word' id='word_1_465' title='bbox 1357 3437 1400 3498; x_wconf 91' lang='lat' dir='ltr'>tei</span> <span class='ocrx_word' id='word_1_466' title='bbox 1412 3437 1488 3512; x_wconf 81' lang='lat' dir='ltr'>‚qui</span> <span class='ocrx_word' id='word_1_467' title='bbox 1506 3438 1553 3498; x_wconf 85' lang='lat' dir='ltr'>ius</span> <span class='ocrx_word' id='word_1_468' title='bbox 1570 3426 1666 3520; x_wconf 81' lang='lat' dir='ltr'>babet</span> <span class='ocrx_word' id='word_1_469' title='bbox 1684 3455 1724 3500; x_wconf 91' lang='lat' dir='ltr'>ne</span> <span class='ocrx_word' id='word_1_470' title='bbox 1738 3434 1820 3501; x_wconf 87' lang='lat' dir='ltr'>bons</span> <span class='ocrx_word' id='word_1_471' title='bbox 1835 3433 1885 3500; x_wconf 86' lang='lat' dir='ltr'>sua</span> 
     </span>
     <span class='ocr_line' id='line_1_39' title="bbox 321 3508 1890 3593; baseline 0.003 -18"><span class='ocrx_word' id='word_1_472' title='bbox 321 3532 361 3575; x_wconf 89' lang='lat' dir='ltr'>ne</span> <span class='ocrx_word' id='word_1_473' title='bbox 380 3511 470 3578; x_wconf 87' lang='lat' dir='ltr'>bona·</span> <span class='ocrx_word' id='word_1_474' title='bbox 479 3509 530 3577; x_wconf 87' lang='lat' dir='ltr'>sua</span> <span class='ocrx_word' id='word_1_475' title='bbox 547 3514 626 3576; x_wconf 83' lang='lat' dir='ltr'>liant</span> <span class='ocrx_word' id='word_1_476' title='bbox 647 3515 745 3589; x_wconf 87' lang='lat' dir='ltr'>primo</span> <span class='ocrx_word' id='word_1_477' title='bbox 759 3514 958 3588; x_wconf 85' lang='lat' dir='ltr'>occupantis,</span> <span class='ocrx_word' id='word_1_478' title='bbox 979 3508 1028 3576; x_wconf 85' lang='lat' dir='ltr'>sed</span> <span class='ocrx_word' id='word_1_479' title='bbox 1055 3516 1087 3576; x_wconf 91' lang='lat' dir='ltr'>in</span> <span class='ocrx_word' id='word_1_480' title='bbox 1120 3515 1183 3580; x_wconf 83' lang='lat' dir='ltr'>fine</span> <span class='ocrx_word' id='word_1_481' title='bbox 1200 3518 1316 3593; x_wconf 81' lang='lat' dir='ltr'>praevia</span> <span class='ocrx_word' id='word_1_482' title='bbox 1331 3515 1470 3593; x_wconf 76' lang='lat' dir='ltr'>diligenti</span> <span class='ocrx_word' id='word_1_483' title='bbox 1487 3512 1690 3589; x_wconf 83' lang='lat' dir='ltr'>inquisrtione&#39;</span> <span class='ocrx_word' id='word_1_484' title='bbox 1700 3519 1810 3592; x_wconf 87' lang='lat' dir='ltr'>quovis</span> <span class='ocrx_word' id='word_1_485' title='bbox 1820 3529 1890 3580; x_wconf 73' lang='lat' dir='ltr'>mo·</span> 
     </span>
     <span class='ocr_line' id='line_1_40' title="bbox 320 3589 1885 3673; baseline 0.004 -20"><span class='ocrx_word' id='word_1_486' title='bbox 320 3593 386 3666; x_wconf 90' lang='lat' dir='ltr'>pios</span> <span class='ocrx_word' id='word_1_487' title='bbox 414 3591 483 3656; x_wconf 90' lang='lat' dir='ltr'>usus</span> <span class='ocrx_word' id='word_1_488' title='bbox 512 3593 754 3664; x_wconf 80' lang='lat' dir='ltr'>distribuantur,</span> <span class='ocrx_word' id='word_1_489' title='bbox 772 3589 916 3666; x_wconf 90' lang='lat' dir='ltr'>quidquid</span> <span class='ocrx_word' id='word_1_490' title='bbox 947 3591 984 3655; x_wconf 84' lang='lat' dir='ltr'>lit</span> <span class='ocrx_word' id='word_1_491' title='bbox 1003 3591 1087 3669; x_wconf 91' lang='lat' dir='ltr'>quod·</span> <span class='ocrx_word' id='word_1_492' title='bbox 1120 3596 1160 3660; x_wconf 84' lang='lat' dir='ltr'>do</span> <span class='ocrx_word' id='word_1_493' title='bbox 1175 3597 1374 3672; x_wconf 83' lang='lat' dir='ltr'>alienentur,</span> <span class='ocrx_word' id='word_1_494' title='bbox 1393 3592 1427 3658; x_wconf 79' lang='lat' dir='ltr'>dt</span> <span class='ocrx_word' id='word_1_495' title='bbox 1447 3590 1499 3657; x_wconf 86' lang='lat' dir='ltr'>sua</span> <span class='ocrx_word' id='word_1_496' title='bbox 1519 3594 1609 3669; x_wconf 84' lang='lat' dir='ltr'>culpa</span> <span class='ocrx_word' id='word_1_497' title='bbox 1631 3590 1885 3673; x_wconf 79' lang='lat' dir='ltr'>fadlumestquod</span> 
     </span>
     <span class='ocr_line' id='line_1_41' title="bbox 320 3667 1914 3749; baseline -0.001 -13"><span class='ocrx_word' id='word_1_498' title='bbox 320 3671 430 3748; x_wconf 84' lang='lat' dir='ltr'>aliquis</span> <span class='ocrx_word' id='word_1_499' title='bbox 448 3675 637 3737; x_wconf 80' lang='lat' dir='ltr'>contrariam</span> <span class='ocrx_word' id='word_1_500' title='bbox 654 3667 741 3748; x_wconf 81' lang='lat' dir='ltr'>possit</span> <span class='ocrx_word' id='word_1_501' title='bbox 753 3668 1088 3749; x_wconf 81' lang='lat' dir='ltr'>habereitttentr&#39;onem,</span> <span class='ocrx_word' id='word_1_502' title='bbox 1121 3677 1268 3740; x_wconf 81' lang='lat' dir='ltr'>dominus</span> <span class='ocrx_word' id='word_1_503' title='bbox 1279 3677 1425 3738; x_wconf 85' lang='lat' dir='ltr'>inventus</span> <span class='ocrx_word' id='word_1_504' title='bbox 1442 3693 1504 3736; x_wconf 91' lang='lat' dir='ltr'>non</span> <span class='ocrx_word' id='word_1_505' title='bbox 1521 3670 1578 3749; x_wconf 82' lang='lat' dir='ltr'>stt,</span> <span class='ocrx_word' id='word_1_506' title='bbox 1598 3670 1632 3737; x_wconf 83' lang='lat'>&amp;</span> <span class='ocrx_word' id='word_1_507' title='bbox 1648 3676 1676 3735; x_wconf 90' lang='lat' dir='ltr'>ei</span> <span class='ocrx_word' id='word_1_508' title='bbox 1698 3673 1816 3739; x_wconf 89' lang='lat' dir='ltr'>reddita</span> <span class='ocrx_word' id='word_1_509' title='bbox 1826 3672 1885 3736; x_wconf 86' lang='lat' dir='ltr'>stne</span> <span class='ocrx_word' id='word_1_510' title='bbox 1908 3696 1914 3711; x_wconf 91' lang='lat'><strong>·</strong></span> 
     </span>
     <span class='ocr_line' id='line_1_42' title="bbox 319 3751 1888 3830; baseline -0.001 -14"><span class='ocrx_word' id='word_1_511' title='bbox 319 3772 391 3817; x_wconf 85' lang='lat' dir='ltr'>tutu</span> <span class='ocrx_word' id='word_1_512' title='bbox 408 3752 447 3814; x_wconf 87' lang='lat' dir='ltr'>in.</span> <span class='ocrx_word' id='word_1_513' title='bbox 465 3752 632 3817; x_wconf 80' lang='lat' dir='ltr'>moralibus</span> <span class='ocrx_word' id='word_1_514' title='bbox 662 3770 726 3814; x_wconf 91' lang='lat' dir='ltr'>non</span> <span class='ocrx_word' id='word_1_515' title='bbox 747 3769 787 3812; x_wconf 81' lang='lat' dir='ltr'>ex</span> <span class='ocrx_word' id='word_1_516' title='bbox 807 3751 901 3813; x_wconf 87' lang='lat' dir='ltr'>unius</span> <span class='ocrx_word' id='word_1_517' title='bbox 918 3769 974 3815; x_wconf 88' lang='lat' dir='ltr'>aut</span> <span class='ocrx_word' id='word_1_518' title='bbox 1005 3753 1086 3817; x_wconf 81' lang='lat' dir='ltr'>alte·¹</span> <span class='ocrx_word' id='word_1_519' title='bbox 1122 3754 1222 3830; x_wconf 81' lang='lat' dir='ltr'>bona,</span> <span class='ocrx_word' id='word_1_520' title='bbox 1243 3753 1364 3830; x_wconf 84' lang='lat' dir='ltr'>quando</span> <span class='ocrx_word' id='word_1_521' title='bbox 1380 3752 1462 3816; x_wconf 89' lang='lat' dir='ltr'>reddi</span> <span class='ocrx_word' id='word_1_522' title='bbox 1481 3770 1645 3829; x_wconf 82' lang='lat' dir='ltr'>poterant.</span> <span class='ocrx_word' id='word_1_523' title='bbox 1665 3753 1696 3814; x_wconf 86' lang='lat' dir='ltr'>Si</span> <span class='ocrx_word' id='word_1_524' title='bbox 1723 3772 1800 3819; x_wconf 89' lang='lat' dir='ltr'>vero</span> <span class='ocrx_word' id='word_1_525' title='bbox 1831 3756 1888 3815; x_wconf 88' lang='lat' dir='ltr'>im·</span> 
     </span>
     <span class='ocr_line' id='line_1_43' title="bbox 320 3827 1892 3911; baseline 0.002 -18"><span class='ocrx_word' id='word_1_526' title='bbox 320 3828 883 3911; x_wconf 82' lang='lat' dir='ltr'>rimdisposrtione,sedexcommum&#39;</span> <span class='ocrx_word' id='word_1_527' title='bbox 905 3827 1086 3911; x_wconf 86' lang='lat' dir='ltr'>ususapien·</span> <span class='ocrx_word' id='word_1_528' title='bbox 1122 3833 1222 3909; x_wconf 78' lang='lat' dir='ltr'>pensio</span> <span class='ocrx_word' id='word_1_529' title='bbox 1243 3837 1274 3896; x_wconf 89' lang='lat' dir='ltr'>in</span> <span class='ocrx_word' id='word_1_530' title='bbox 1296 3848 1439 3911; x_wconf 80' lang='lat' dir='ltr'>pauperes</span> <span class='ocrx_word' id='word_1_531' title='bbox 1460 3880 1478 3907; x_wconf 89' lang='lat'>,.</span> <span class='ocrx_word' id='word_1_532' title='bbox 1494 3828 1610 3895; x_wconf 82' lang='lat' dir='ltr'>aliosve</span> <span class='ocrx_word' id='word_1_533' title='bbox 1631 3835 1701 3907; x_wconf 84' lang='lat' dir='ltr'>¹pios</span> <span class='ocrx_word' id='word_1_534' title='bbox 1722 3831 1792 3897; x_wconf 88' lang='lat' dir='ltr'>usus</span> <span class='ocrx_word' id='word_1_535' title='bbox 1809 3829 1892 3896; x_wconf 65' lang='lat' dir='ltr'>satis</span> 
     </span>
    </p>
   </div>
   <div class='ocr_carea' id='block_1_6' title="bbox 234 3908 1887 4215">
    <p class='ocr_par' dir='ltr' id='par_1_6' title="bbox 234 3908 1887 4215">
     <span class='ocr_line' id='line_1_44' title="bbox 321 3908 1884 3995; baseline 0.003 -22"><span class='ocrx_word' id='word_1_536' title='bbox 321 3928 398 3973; x_wconf 88' lang='lat' dir='ltr'>tum·</span> <span class='ocrx_word' id='word_1_537' title='bbox 416 3911 686 3987; x_wconf 80' lang='lat' dir='ltr'>argumentandum</span> <span class='ocrx_word' id='word_1_538' title='bbox 707 3909 760 3972; x_wconf 82' lang='lat' dir='ltr'>sit.</span> <span class='ocrx_word' id='word_1_539' title='bbox 785 3908 845 3970; x_wconf 85' lang='lat' dir='ltr'>Vix</span> <span class='ocrx_word' id='word_1_540' title='bbox 866 3924 976 3995; x_wconf 78' lang='lat' dir='ltr'>autem</span> <span class='ocrx_word' id='word_1_541' title='bbox 1000 3931 1034 3976; x_wconf 88' lang='lat' dir='ltr'>te</span> <span class='ocrx_word' id='word_1_542' title='bbox 1055 3931 1092 3975; x_wconf 83' lang='lat' dir='ltr'>e·</span> <span class='ocrx_word' id='word_1_543' title='bbox 1121 3910 1241 3992; x_wconf 80' lang='lat' dir='ltr'>fiterit,</span> <span class='ocrx_word' id='word_1_544' title='bbox 1272 3913 1342 3990; x_wconf 81' lang='lat' dir='ltr'>poll-</span> <span class='ocrx_word' id='word_1_545' title='bbox 1366 3912 1542 3990; x_wconf 80' lang='lat' dir='ltr'>diligentem</span> <span class='ocrx_word' id='word_1_546' title='bbox 1569 3911 1682 3974; x_wconf 88' lang='lat' dir='ltr'>domini</span> <span class='ocrx_word' id='word_1_547' title='bbox 1712 3910 1884 3989; x_wconf 76' lang='lat' dir='ltr'>inquisitio·</span> 
     </span>
     <span class='ocr_line' id='line_1_45' title="bbox 323 3933 1885 4077; baseline 0.001 -26"><span class='ocrx_word' id='word_1_548' title='bbox 323 3987 531 4055; x_wconf 77' lang='lat' dir='ltr'>rietur-hono</span> <span class='ocrx_word' id='word_1_549' title='bbox 550 3989 668 4068; x_wconf 87' lang='lat' dir='ltr'>sapiens</span> <span class='ocrx_word' id='word_1_550' title='bbox 688 3991 739 4066; x_wconf 89' lang='lat' dir='ltr'>qui</span> <span class='ocrx_word' id='word_1_551' title='bbox 770 3992 910 4064; x_wconf 86' lang='lat' dir='ltr'>patiatur</span> <span class='ocrx_word' id='word_1_552' title='bbox 934 3990 1013 4063; x_wconf 78' lang='lat' dir='ltr'>boita</span> <span class='ocrx_word' id='word_1_553' title='bbox 1030 3933 1082 4057; x_wconf 82' lang='lat' dir='ltr'>sua</span> <span class='ocrx_word' id='word_1_554' title='bbox 1121 4014 1211 4069; x_wconf 85' lang='lat' dir='ltr'>nem,</span> <span class='ocrx_word' id='word_1_555' title='bbox 1232 3993 1274 4057; x_wconf 88' lang='lat' dir='ltr'>ad·</span> <span class='ocrx_word' id='word_1_556' title='bbox 1289 3994 1368 4056; x_wconf 80' lang='lat' dir='ltr'>nihil</span> <span class='ocrx_word' id='word_1_557' title='bbox 1387 4007 1511 4057; x_wconf 91' lang='lat' dir='ltr'>tenetur</span> <span class='ocrx_word' id='word_1_558' title='bbox 1527 3995 1690 4055; x_wconf 76' lang='lat' dir='ltr'>inventor.</span> <span class='ocrx_word' id='word_1_559' title='bbox 1713 3990 1787 4077; x_wconf 87' lang='lat' dir='ltr'>Non</span> <span class='ocrx_word' id='word_1_560' title='bbox 1799 3993 1885 4055; x_wconf 88' lang='lat' dir='ltr'>enim</span> 
     </span>
     <span class='ocr_line' id='line_1_46' title="bbox 234 4066 1887 4215; baseline 0.002 -86"><span class='ocrx_word' id='word_1_561' title='bbox 234 4134 236 4145; x_wconf 62' lang='grc'>,</span> <span class='ocrx_word' id='word_1_562' title='bbox 324 4066 404 4144; x_wconf 90' lang='lat' dir='ltr'>apud</span> <span class='ocrx_word' id='word_1_563' title='bbox 424 4066 578 4215; x_wconf 49' lang='lat' dir='ltr'>borfflem</span> <span class='ocrx_word' id='word_1_564' title='bbox 600 4067 686 4134; x_wconf 84' lang='lat' dir='ltr'>sorte</span> <span class='ocrx_word' id='word_1_565' title='bbox 700 4066 876 4131; x_wconf 83' lang='lat' dir='ltr'>helluonem</span> <span class='ocrx_word' id='word_1_566' title='bbox 907 4067 969 4134; x_wconf 86' lang='lat' dir='ltr'>sine</span> <span class='ocrx_word' id='word_1_567' title='bbox 989 4070 1086 4146; x_wconf 80' lang='lat' dir='ltr'>aliqua</span> <span class='ocrx_word' id='word_1_568' title='bbox 1122 4090 1249 4139; x_wconf 81' lang='lat' dir='ltr'>tenerur</span> <span class='ocrx_word' id='word_1_569' title='bbox 1264 4076 1384 4138; x_wconf 88' lang='lat' dir='ltr'>ratione</span> <span class='ocrx_word' id='word_1_570' title='bbox 1404 4073 1447 4135; x_wconf 91' lang='lat' dir='ltr'>rei</span> <span class='ocrx_word' id='word_1_571' title='bbox 1464 4087 1599 4147; x_wconf 83' lang='lat' dir='ltr'>acceptae</span> <span class='ocrx_word' id='word_1_572' title='bbox 1611 4092 1704 4148; x_wconf 83' lang='lat' dir='ltr'>,cum</span> <span class='ocrx_word' id='word_1_573' title='bbox 1716 4068 1887 4149; x_wconf 83' lang='lat' dir='ltr'>nibilapud</span> 
     </span>
    </p>
   </div>
   <div class='ocr_carea' id='block_1_7' title="bbox 244 4145 1898 5167">
    <p class='ocr_par' dir='ltr' id='par_1_7' title="bbox 320 4145 1898 4710">
     <span class='ocr_line' id='line_1_47' title="bbox 320 4145 1887 4229; baseline 0.003 -21"><span class='ocrx_word' id='word_1_574' title='bbox 320 4145 373 4210; x_wconf 90' lang='lat' dir='ltr'>sua</span> <span class='ocrx_word' id='word_1_575' title='bbox 388 4145 473 4210; x_wconf 87' lang='lat' dir='ltr'>utilit</span> <span class='ocrx_word' id='word_1_576' title='bbox 541 4168 698 4212; x_wconf 87' lang='lat' dir='ltr'>remanere</span> <span class='ocrx_word' id='word_1_577' title='bbox 719 4150 925 4224; x_wconf 82' lang='lat' dir='ltr'>potiusquam</span> <span class='ocrx_word' id='word_1_578' title='bbox 941 4148 1086 4229; x_wconf 66' lang='lat' dir='ltr'>sptrdlic·</span> <span class='ocrx_word' id='word_1_579' title='bbox 1121 4152 1151 4217; x_wconf 90' lang='lat' dir='ltr'>se</span> <span class='ocrx_word' id='word_1_580' title='bbox 1166 4156 1374 4228; x_wconf 83' lang='lat' dir='ltr'>inveniatur,</span> <span class='ocrx_word' id='word_1_581' title='bbox 1402 4171 1465 4215; x_wconf 92' lang='lat' dir='ltr'>non</span> <span class='ocrx_word' id='word_1_582' title='bbox 1495 4153 1615 4213; x_wconf 89' lang='lat' dir='ltr'>ratione</span> <span class='ocrx_word' id='word_1_583' title='bbox 1636 4152 1758 4215; x_wconf 81' lang='lat' dir='ltr'>iniuriae</span> <span class='ocrx_word' id='word_1_584' title='bbox 1780 4188 1791 4228; x_wconf 90' lang='lat'>,</span> <span class='ocrx_word' id='word_1_585' title='bbox 1813 4151 1887 4226; x_wconf 88' lang='lat' dir='ltr'>quia</span> 
     </span>
     <span class='ocr_line' id='line_1_48' title="bbox 320 4223 1894 4307; baseline 0.003 -18"><span class='ocrx_word' id='word_1_586' title='bbox 320 4223 467 4303; x_wconf 79' lang='lat' dir='ltr'>clrfi&#39;atn,</span> <span class='ocrx_word' id='word_1_587' title='bbox 481 4224 516 4292; x_wconf 76' lang='grc' dir='ltr'>’δι</span> <span class='ocrx_word' id='word_1_588' title='bbox 534 4247 676 4305; x_wconf 86' lang='lat' dir='ltr'>pauperes</span> <span class='ocrx_word' id='word_1_589' title='bbox 704 4248 775 4291; x_wconf 88' lang='lat' dir='ltr'>cum</span> <span class='ocrx_word' id='word_1_590' title='bbox 801 4248 913 4304; x_wconf 76' lang='lat' dir='ltr'>magno</span> <span class='ocrx_word' id='word_1_591' title='bbox 937 4223 1085 4307; x_wconf 82' lang='lat' dir='ltr'>spiritualli</span> <span class='ocrx_word' id='word_1_592' title='bbox 1122 4254 1186 4297; x_wconf 87' lang='lat' dir='ltr'>rem</span> <span class='ocrx_word' id='word_1_593' title='bbox 1206 4231 1340 4296; x_wconf 84' lang='lat' dir='ltr'>restituit</span> <span class='ocrx_word' id='word_1_594' title='bbox 1358 4250 1396 4294; x_wconf 88' lang='lat' dir='ltr'>eo</span> <span class='ocrx_word' id='word_1_595' title='bbox 1416 4229 1506 4293; x_wconf 91' lang='lat' dir='ltr'>modo</span> <span class='ocrx_word' id='word_1_596' title='bbox 1522 4249 1582 4306; x_wconf 91' lang='lat' dir='ltr'>quo</span> <span class='ocrx_word' id='word_1_597' title='bbox 1603 4233 1707 4306; x_wconf 91' lang='lat' dir='ltr'>potuit</span> <span class='ocrx_word' id='word_1_598' title='bbox 1724 4227 1894 4295; x_wconf 69' lang='lat' dir='ltr'>sedebus..</span> 
     </span>
     <span class='ocr_line' id='line_1_49' title="bbox 322 4299 1895 4391; baseline 0.003 -24"><span class='ocrx_word' id='word_1_599' title='bbox 322 4304 368 4371; x_wconf 87' lang='lat' dir='ltr'>stri</span> <span class='ocrx_word' id='word_1_600' title='bbox 389 4299 479 4381; x_wconf 75' lang='lat' dir='ltr'>ipsius</span> <span class='ocrx_word' id='word_1_601' title='bbox 495 4305 662 4373; x_wconf 75' lang='lat' dir='ltr'>beneficio.</span> <span class='ocrx_word' id='word_1_602' title='bbox 681 4308 753 4371; x_wconf 83' lang='lat' dir='ltr'>Non</span> <span class='ocrx_word' id='word_1_603' title='bbox 769 4307 818 4370; x_wconf 81' lang='lat' dir='ltr'>est¹</span> <span class='ocrx_word' id='word_1_604' title='bbox 848 4325 951 4371; x_wconf 89' lang='lat' dir='ltr'>tamen</span> <span class='ocrx_word' id='word_1_605' title='bbox 971 4309 1093 4376; x_wconf 80' lang='lat' dir='ltr'>necesse</span> <span class='ocrx_word' id='word_1_606' title='bbox 1122 4314 1257 4377; x_wconf 85' lang='lat' dir='ltr'>Nonerr·</span> <span class='ocrx_word' id='word_1_607' title='bbox 1272 4311 1357 4391; x_wconf 79' lang='lat' dir='ltr'>lege,</span> <span class='ocrx_word' id='word_1_608' title='bbox 1378 4326 1433 4375; x_wconf 90' lang='lat' dir='ltr'>aut</span> <span class='ocrx_word' id='word_1_609' title='bbox 1451 4307 1630 4386; x_wconf 72' lang='lat' dir='ltr'>contrastu,</span> <span class='ocrx_word' id='word_1_610' title='bbox 1650 4310 1723 4373; x_wconf 89' lang='lat' dir='ltr'>dum</span> <span class='ocrx_word' id='word_1_611' title='bbox 1737 4309 1813 4372; x_wconf 81' lang='lat' dir='ltr'>nihil</span> <span class='ocrx_word' id='word_1_612' title='bbox 1832 4307 1895 4372; x_wconf 87' lang='lat' dir='ltr'>ho·-</span> 
     </span>
     <span class='ocr_line' id='line_1_50' title="bbox 321 4385 1887 4525; baseline 0 -76"><span class='ocrx_word' id='word_1_613' title='bbox 321 4385 405 4525; x_wconf 49' lang='lat' dir='ltr'>quod</span> <span class='ocrx_word' id='word_1_614' title='bbox 423 4406 476 4450; x_wconf 85' lang='lat' dir='ltr'>res·</span> <span class='ocrx_word' id='word_1_615' title='bbox 491 4390 624 4452; x_wconf 75' lang='lat' dir='ltr'>intenta</span> <span class='ocrx_word' id='word_1_616' title='bbox 646 4387 737 4449; x_wconf 90' lang='lat' dir='ltr'>detur</span> <span class='ocrx_word' id='word_1_617' title='bbox 765 4387 986 4464; x_wconf 87' lang='lat' dir='ltr'>pauperioribus</span> <span class='ocrx_word' id='word_1_618' title='bbox 1005 4438 1013 4466; x_wconf 98' lang='lat'>,</span> <span class='ocrx_word' id='word_1_619' title='bbox 1038 4386 1089 4455; x_wconf 87' lang='lat' dir='ltr'>sed</span> <span class='ocrx_word' id='word_1_620' title='bbox 1121 4414 1188 4456; x_wconf 93' lang='lat' dir='ltr'>rum</span> <span class='ocrx_word' id='word_1_621' title='bbox 1204 4390 1318 4466; x_wconf 82' lang='lat' dir='ltr'>restat,</span> <span class='ocrx_word' id='word_1_622' title='bbox 1333 4392 1400 4453; x_wconf 92' lang='lat' dir='ltr'>imo.</span> <span class='ocrx_word' id='word_1_623' title='bbox 1414 4389 1505 4452; x_wconf 91' lang='lat' dir='ltr'>nulla·</span> <span class='ocrx_word' id='word_1_624' title='bbox 1519 4389 1887 4454; x_wconf 82' lang='lat' dir='ltr'>rationeconsentaueum</span> 
     </span>
     <span class='ocr_line' id='line_1_51' title="bbox 336 4464 1887 4548; baseline 0.002 -22"><span class='ocrx_word' id='word_1_625' title='bbox 336 4468 395 4527; x_wconf 87' lang='lat' dir='ltr'>aria</span> <span class='ocrx_word' id='word_1_626' title='bbox 416 4464 459 4528; x_wconf 80' lang='lat' dir='ltr'>est</span> <span class='ocrx_word' id='word_1_627' title='bbox 478 4464 500 4527; x_wconf 87' lang='lat' dir='ltr'>st</span> <span class='ocrx_word' id='word_1_628' title='bbox 522 4466 613 4531; x_wconf 90' lang='lat' dir='ltr'>detur</span> <span class='ocrx_word' id='word_1_629' title='bbox 632 4484 706 4530; x_wconf 82' lang='lat' dir='ltr'>vete</span> <span class='ocrx_word' id='word_1_630' title='bbox 731 4467 936 4544; x_wconf 80' lang='lat' dir='ltr'>pauperibus,</span> <span class='ocrx_word' id='word_1_631' title='bbox 953 4472 1088 4548; x_wconf 87' lang='lat' dir='ltr'>amicis,</span> <span class='ocrx_word' id='word_1_632' title='bbox 1120 4472 1164 4536; x_wconf 83' lang='lat' dir='ltr'>eli</span> <span class='ocrx_word' id='word_1_633' title='bbox 1189 4520 1197 4548; x_wconf 97' lang='lat'>,</span> <span class='ocrx_word' id='word_1_634' title='bbox 1221 4489 1258 4534; x_wconf 88' lang='lat' dir='ltr'>ut</span> <span class='ocrx_word' id='word_1_635' title='bbox 1275 4488 1315 4533; x_wconf 83' lang='lat' dir='ltr'>ex</span> <span class='ocrx_word' id='word_1_636' title='bbox 1341 4467 1408 4532; x_wconf 78' lang='lat' dir='ltr'>adlit</span> <span class='ocrx_word' id='word_1_637' title='bbox 1425 4467 1640 4532; x_wconf 72' lang='lat' dir='ltr'>misericordia</span> <span class='ocrx_word' id='word_1_638' title='bbox 1657 4467 1887 4533; x_wconf 86' lang='lat' dir='ltr'>detrimentum</span> 
     </span>
     <span class='ocr_line' id='line_1_52' title="bbox 321 4541 1898 4630; baseline 0.002 -24"><span class='ocrx_word' id='word_1_639' title='bbox 321 4541 356 4606; x_wconf 72' lang='grc' dir='ltr'>ἀ</span> <span class='ocrx_word' id='word_1_640' title='bbox 375 4545 624 4624; x_wconf 80' lang='lat' dir='ltr'>consanguineis.</span> <span class='ocrx_word' id='word_1_641' title='bbox 643 4545 738 4621; x_wconf 78' lang='lat' dir='ltr'>Qud</span> <span class='ocrx_word' id='word_1_642' title='bbox 757 4543 940 4612; x_wconf 76' lang='lat' dir='ltr'>binvemor</span> <span class='ocrx_word' id='word_1_643' title='bbox 955 4547 992 4612; x_wconf 80' lang='lat' dir='ltr'>stt</span> <span class='ocrx_word' id='word_1_644' title='bbox 1013 4568 1090 4626; x_wconf 84' lang='lat' dir='ltr'>pau·</span> <span class='ocrx_word' id='word_1_645' title='bbox 1122 4554 1273 4630; x_wconf 80' lang='lat' dir='ltr'>patiatur,</span> <span class='ocrx_word' id='word_1_646' title='bbox 1296 4545 1463 4624; x_wconf 77' lang='lat' dir='ltr'>prasertim</span> <span class='ocrx_word' id='word_1_647' title='bbox 1482 4569 1552 4613; x_wconf 90' lang='lat' dir='ltr'>cum</span> <span class='ocrx_word' id='word_1_648' title='bbox 1568 4549 1712 4615; x_wconf 84' lang='lat' dir='ltr'>videatur</span> <span class='ocrx_word' id='word_1_649' title='bbox 1727 4549 1898 4626; x_wconf 70' lang='lat' dir='ltr'>negotiunu</span> 
     </span>
     <span class='ocr_line' id='line_1_53' title="bbox 321 4622 1833 4710; baseline 0.002 -22"><span class='ocrx_word' id='word_1_650' title='bbox 321 4641 396 4699; x_wconf 85' lang='lat' dir='ltr'>per,</span> <span class='ocrx_word' id='word_1_651' title='bbox 411 4624 574 4691; x_wconf 68' lang='lat' dir='ltr'>dunumo</span> <span class='ocrx_word' id='word_1_652' title='bbox 593 4646 669 4693; x_wconf 70' lang='lat' dir='ltr'>stre</span> <span class='ocrx_word' id='word_1_653' title='bbox 689 4622 885 4704; x_wconf 85' lang='lat' dir='ltr'>iit-pauper,</span> <span class='ocrx_word' id='word_1_654' title='bbox 914 4626 1011 4704; x_wconf 86' lang='lat' dir='ltr'>potest</span> <span class='ocrx_word' id='word_1_655' title='bbox 1041 4647 1091 4692; x_wconf 83' lang='lat' dir='ltr'>et·</span> <span class='ocrx_word' id='word_1_656' title='bbox 1122 4628 1236 4710; x_wconf 80' lang='lat' dir='ltr'>gellisle</span> <span class='ocrx_word' id='word_1_657' title='bbox 1257 4631 1370 4703; x_wconf 77' lang='lat' dir='ltr'>prioris</span> <span class='ocrx_word' id='word_1_658' title='bbox 1381 4628 1523 4693; x_wconf 85' lang='lat' dir='ltr'>domini..</span> <span class='ocrx_word' id='word_1_659' title='bbox 1721 4705 1724 4710; x_wconf 17' lang='grc' dir='ltr'><em>ι</em></span> <span class='ocrx_word' id='word_1_660' title='bbox 1829 4684 1833 4691; x_wconf 91' lang='grc'><em>.</em></span> 
     </span>
    </p>

    <p class='ocr_par' dir='ltr' id='par_1_8' title="bbox 244 4702 1888 5116">
     <span class='ocr_line' id='line_1_54' title="bbox 321 4702 1886 4780; baseline 0.003 -15"><span class='ocrx_word' id='word_1_661' title='bbox 321 4707 386 4766; x_wconf 90' lang='lat' dir='ltr'>iam</span> <span class='ocrx_word' id='word_1_662' title='bbox 401 4723 456 4780; x_wconf 91' lang='lat' dir='ltr'>pro</span> <span class='ocrx_word' id='word_1_663' title='bbox 471 4702 502 4768; x_wconf 89' lang='lat' dir='ltr'>se</span> <span class='ocrx_word' id='word_1_664' title='bbox 523 4705 657 4770; x_wconf 84' lang='lat' dir='ltr'>dehisce</span> <span class='ocrx_word' id='word_1_665' title='bbox 677 4705 774 4770; x_wconf 84' lang='lat' dir='ltr'>bonis</span> <span class='ocrx_word' id='word_1_666' title='bbox 789 4709 948 4769; x_wconf 84' lang='lat' dir='ltr'>retinere.</span> <span class='ocrx_word' id='word_1_667' title='bbox 975 4706 1039 4771; x_wconf 83' lang='lat' dir='ltr'>Sed.</span> <span class='ocrx_word' id='word_1_668' title='bbox 1053 4711 1086 4771; x_wconf 88' lang='lat' dir='ltr'>in</span> <span class='ocrx_word' id='word_1_669' title='bbox 1162 4711 1192 4771; x_wconf 88' lang='lat' dir='ltr'>Si</span> <span class='ocrx_word' id='word_1_670' title='bbox 1212 4708 1462 4771; x_wconf 86' lang='lat' dir='ltr'>autemratione</span> <span class='ocrx_word' id='word_1_671' title='bbox 1483 4707 1685 4771; x_wconf 46' lang='lat' dir='ltr'>reilinventz</span> <span class='ocrx_word' id='word_1_672' title='bbox 1706 4703 1886 4770; x_wconf 80' lang='lat' dir='ltr'>intercesse-</span> 
     </span>
     <span class='ocr_line' id='line_1_55' title="bbox 244 4780 1888 4863; baseline 0.001 -18"><span class='ocrx_word' id='word_1_673' title='bbox 244 4837 248 4845; x_wconf 93' lang='lat'>.</span> <span class='ocrx_word' id='word_1_674' title='bbox 323 4782 379 4846; x_wconf 89' lang='lat' dir='ltr'>tali</span> <span class='ocrx_word' id='word_1_675' title='bbox 396 4780 467 4848; x_wconf 89' lang='lat' dir='ltr'>casu</span> <span class='ocrx_word' id='word_1_676' title='bbox 486 4805 524 4848; x_wconf 87' lang='lat' dir='ltr'>ne</span> <span class='ocrx_word' id='word_1_677' title='bbox 540 4789 611 4861; x_wconf 86' lang='lat' dir='ltr'>quis·</span> <span class='ocrx_word' id='word_1_678' title='bbox 628 4784 665 4851; x_wconf 88' lang='lat' dir='ltr'>ab</span> <span class='ocrx_word' id='word_1_679' title='bbox 680 4786 825 4849; x_wconf 87' lang='lat' dir='ltr'>avaritia</span> <span class='ocrx_word' id='word_1_680' title='bbox 840 4785 1088 4863; x_wconf 86' lang='lat' dir='ltr'>decipiatur,sa·</span> <span class='ocrx_word' id='word_1_681' title='bbox 1124 4792 1166 4852; x_wconf 91' lang='lat' dir='ltr'>tit</span> <span class='ocrx_word' id='word_1_682' title='bbox 1189 4787 1275 4851; x_wconf 88' lang='lat' dir='ltr'>labor</span> <span class='ocrx_word' id='word_1_683' title='bbox 1297 4787 1411 4862; x_wconf 79' lang='lat' dir='ltr'>aliquis·</span> <span class='ocrx_word' id='word_1_684' title='bbox 1426 4802 1485 4848; x_wconf 90' lang='lat' dir='ltr'>aut·</span> <span class='ocrx_word' id='word_1_685' title='bbox 1502 4783 1637 4862; x_wconf 87' lang='lat' dir='ltr'>sumptus</span> <span class='ocrx_word' id='word_1_686' title='bbox 1660 4784 1698 4848; x_wconf 92' lang='lat' dir='ltr'>ad</span> <span class='ocrx_word' id='word_1_687' title='bbox 1729 4787 1888 4860; x_wconf 88' lang='lat' dir='ltr'>inquiren·</span> 
     </span>
     <span class='ocr_line' id='line_1_56' title="bbox 321 4861 1888 4942; baseline 0.003 -19"><span class='ocrx_word' id='word_1_688' title='bbox 321 4865 384 4927; x_wconf 86' lang='lat' dir='ltr'>tius</span> <span class='ocrx_word' id='word_1_689' title='bbox 399 4865 458 4927; x_wconf 86' lang='lat' dir='ltr'>erit</span> <span class='ocrx_word' id='word_1_690' title='bbox 480 4864 634 4929; x_wconf 86' lang='lat' dir='ltr'>consulere</span> <span class='ocrx_word' id='word_1_691' title='bbox 653 4861 959 4941; x_wconf 53' lang='lat' dir='ltr'>&amp;restauramur</span> <span class='ocrx_word' id='word_1_692' title='bbox 973 4867 1091 4930; x_wconf 87' lang='lat' dir='ltr'>iudicet</span> <span class='ocrx_word' id='word_1_693' title='bbox 1123 4869 1196 4930; x_wconf 92' lang='lat' dir='ltr'>dum</span> <span class='ocrx_word' id='word_1_694' title='bbox 1216 4868 1372 4930; x_wconf 93' lang='lat' dir='ltr'>dominum</span> <span class='ocrx_word' id='word_1_695' title='bbox 1396 4911 1405 4938; x_wconf 96' lang='lat'>,</span> <span class='ocrx_word' id='word_1_696' title='bbox 1431 4865 1490 4927; x_wconf 88' lang='lat' dir='ltr'>vel.</span> <span class='ocrx_word' id='word_1_697' title='bbox 1511 4869 1577 4928; x_wconf 86' lang='lat' dir='ltr'>eius</span> <span class='ocrx_word' id='word_1_698' title='bbox 1602 4864 1755 4942; x_wconf 87' lang='lat' dir='ltr'>haeredes,</span> <span class='ocrx_word' id='word_1_699' title='bbox 1775 4864 1813 4927; x_wconf 90' lang='lat' dir='ltr'>de</span> <span class='ocrx_word' id='word_1_700' title='bbox 1840 4865 1888 4927; x_wconf 88' lang='lat' dir='ltr'>bis</span> 
     </span>
     <span class='ocr_line' id='line_1_57' title="bbox 321 4942 1883 5021; baseline 0 -15"><span class='ocrx_word' id='word_1_701' title='bbox 321 4943 502 5009; x_wconf 69' lang='lat' dir='ltr'>deveritate</span> <span class='ocrx_word' id='word_1_702' title='bbox 519 4948 726 5021; x_wconf 83' lang='lat' dir='ltr'>paupertatis,</span> <span class='ocrx_word' id='word_1_703' title='bbox 743 4963 834 5020; x_wconf 83' lang='lat' dir='ltr'>quam</span> <span class='ocrx_word' id='word_1_704' title='bbox 849 4948 1091 5021; x_wconf 84' lang='lat' dir='ltr'>patiturinven·</span> <span class='ocrx_word' id='word_1_705' title='bbox 1113 4944 1172 5009; x_wconf 88' lang='lat' dir='ltr'>est·</span> <span class='ocrx_word' id='word_1_706' title='bbox 1187 4942 1422 5020; x_wconf 85' lang='lat' dir='ltr'>compensandus</span> <span class='ocrx_word' id='word_1_707' title='bbox 1445 4944 1480 5005; x_wconf 89' lang='lat' dir='ltr'>ad</span> <span class='ocrx_word' id='word_1_708' title='bbox 1501 4947 1670 5010; x_wconf 89' lang='lat' dir='ltr'>menluram</span> <span class='ocrx_word' id='word_1_709' title='bbox 1696 4967 1723 5009; x_wconf 81' lang='lat' dir='ltr'>ae</span> <span class='ocrx_word' id='word_1_710' title='bbox 1744 4946 1883 5008; x_wconf 87' lang='lat' dir='ltr'>uitatis.</span> 
     </span>
     <span class='ocr_line' id='line_1_58' title="bbox 323 4968 1887 5116; baseline -0.001 -27"><span class='ocrx_word' id='word_1_711' title='bbox 323 5039 393 5099; x_wconf 78' lang='lat' dir='ltr'>tur,</span> <span class='ocrx_word' id='word_1_712' title='bbox 413 5022 447 5088; x_wconf 77' lang='lat' dir='ltr'>dt</span> <span class='ocrx_word' id='word_1_713' title='bbox 467 5025 504 5087; x_wconf 90' lang='lat' dir='ltr'>de</span> <span class='ocrx_word' id='word_1_714' title='bbox 524 5026 833 5100; x_wconf 74' lang='lat' dir='ltr'>quantitatehorutu</span> <span class='ocrx_word' id='word_1_715' title='bbox 859 5025 1018 5090; x_wconf 78' lang='lat' dir='ltr'>bonomm.</span> <span class='ocrx_word' id='word_1_716' title='bbox 1035 5024 1086 5089; x_wconf 78' lang='lat' dir='ltr'>fibi</span> <span class='ocrx_word' id='word_1_717' title='bbox 1107 5026 1219 5113; x_wconf 35' lang='lat' dir='ltr'>&#39;Quod</span> <span class='ocrx_word' id='word_1_718' title='bbox 1240 5025 1260 5086; x_wconf 84' lang='lat' dir='ltr'>st</span> <span class='ocrx_word' id='word_1_719' title='bbox 1283 5024 1383 5087; x_wconf 85' lang='lat' dir='ltr'>nullus</span> <span class='ocrx_word' id='word_1_720' title='bbox 1410 5024 1469 5087; x_wconf 89' lang='lat' dir='ltr'>luit</span> <span class='ocrx_word' id='word_1_721' title='bbox 1501 5024 1584 5089; x_wconf 89' lang='lat' dir='ltr'>labor</span> <span class='ocrx_word' id='word_1_722' title='bbox 1610 5025 1661 5090; x_wconf 87' lang='lat' dir='ltr'>vel</span> <span class='ocrx_word' id='word_1_723' title='bbox 1690 4968 1887 5116; x_wconf 84' lang='lat' dir='ltr'>insumptus,</span> 
     </span>
    </p>

    <p class='ocr_par' dir='ltr' id='par_1_9' title="bbox 1421 5126 1846 5167">
     <span class='ocr_line' id='line_1_59' title="bbox 1421 5126 1846 5167; baseline 0.009 -4"><span class='ocrx_word' id='word_1_724' title='bbox 1421 5132 1432 5156; x_wconf 57' lang='lat' dir='ltr'>a</span> <span class='ocrx_word' id='word_1_725' title='bbox 1797 5126 1846 5167; x_wconf 88' lang='lat' dir='ltr'>rn-</span> 
     </span>
    </p>
   </div>
   <div class='ocr_carea' id='block_1_8' title="bbox 0 0 2222 6000">
    <p class='ocr_par' dir='ltr' id='par_1_10' title="bbox 0 0 2222 6000">
     <span class='ocr_line' id='line_1_60' title="bbox 0 0 2222 6000; baseline 0 0"><span class='ocrx_word' id='word_1_726' title='bbox 0 0 2222 6000; x_wconf 95' lang='lat' dir='ltr'> </span> 
     </span>
    </p>
   </div>
  </div>
 </body>
</html>
