4425 6000
443 500 499 570 44
699 475 905 551 Τιιιοτ.
935 496 998 548 na
1035 473 1179 550 lucr.
1205 492 1270 545 ετ
1299 473 1409 546 Ina.
1444 475 1566 548 Car.
1601 474 1676 548 lli

391 610 397 620 ·
435 573 529 639 Error
557 586 686 649 tamen,
713 571 764 636 seu
791 575 970 651 ignorantia
990 575 1086 656 etiam
1115 576 1162 638 iri·
1198 567 1300 634 slatim
1325 571 1413 646 possit
1436 574 1526 637 armis
1550 591 1717 661 repetere,
1742 571 1820 648 quod
1846 571 1961 638 intelll-

395 654 546 725 vincibilis
572 655 645 716 iuris
662 652 736 715 clari
761 651 794 715 δι
820 652 1002 728 evidentis,
1034 655 1161 726 impedit
1197 651 1325 726 gendum
1356 649 1581 721 ellinoralitet
1608 651 1803 716 consideratis
1833 658 1961 721 cirrum·

389 733 655 812 ,praescriptionem
675 730 780 798 saltem
801 733 985 795 ordinariam
998 779 1008 809 ,
1022 750 1056 796 iit
1068 730 1161 809 siquis
1199 727 1329 792 llanriir.
1351 733 1379 789 6.
1395 735 1473 807 quod
1493 732 1648 805 expellens
1666 729 1773 793 iniusle
1789 732 1922 809 aliquem
1941 752 1961 809 a

368 812 508 888 aliquid
529 811 678 887 acceperit
708 830 724 872 a
747 813 864 889 pupillo
885 807 947 873 sirie
977 814 1087 874 tutoris
1107 832 1160 877 au·
1196 805 1248 869 sua
1265 808 1456 885 possessione,
1478 815 1599 874 amittit
1616 809 1698 871 illius
1719 811 1886 874 dominium
1906 860 1915 889 ,
1939 809 1962 873 si

389 891 556 968 dloritate,
577 891 627 954 vel
645 890 756 963 aliquid
772 887 933 954 contrallu
954 887 1092 955 usurario
1108 913 1160 955 ac·
1196 884 1277 949 soite
1298 890 1333 952 ad
1352 888 1446 965 ipsum
1471 887 1634 968 spellaret.
1667 887 1881 954 Huiuscemodi
1901 894 1959 965 pri·

387 970 528 1048 ,ouisierit
549 1017 558 1044 ,
583 968 634 1032 vel
652 990 761 1032 munus
790 990 809 1033 a
829 968 981 1048 Religioso
1009 974 1158 1046 acceperit
1197 964 1307 1044 vilegia
1324 968 1403 1045 leges
1420 968 1561 1035 humanae
1579 964 1750 1049 possessioni
1778 967 1868 1035 bonae
1885 967 1959 1033 fidei

385 1046 617 1114 'invincibiliter
638 1051 779 1125 ignorans
801 1052 866 1112 iura
885 1050 1069 1126 contraria,
1089 1070 1159 1125 qiiae
1194 1045 1388 1113 concessere.
1452 1105 1456 1112 .

391 1128 451 1194 lioc
468 1128 627 1202 prohibent
646 1176 654 1204 ,
671 1128 796 1204 ideoque
812 1129 883 1192 licet
906 1129 1092 1204 supponatur

391 1208 515 1356 'iisd‘
534 1228 604 1349 emin
623 1206 849 1349 crediddisllesilla
871 1204 1158 1350 nonessejllicitm
1338 1259 1355 1288 „¹
1377 1239 1380 1244 ·
1460 1213 1487 1275 5.
1530 1197 1694 1274 xxvii

468 1308 562 1353 oceii
591 1308 679 1364 egum
716 1306 1023 1364 ipoitioue,quaea
1070 1306 1160 1365 egiti-
1516 1324 1521 1335 ·
1764 1326 1769 1337 ·

389 1387 442 1434 me
471 1365 722 1442 praescribendum
751 1365 829 1430 hanc
853 1369 1057 1443 ignorantiam
1086 1368 1158 1431 licet
1233 1328 1280 1388 Dr
1301 1336 1423 1403 mm
1436 1328 1573 1405 “quw
1593 1326 1635 1389 “d
1650 1322 1918 1453 praesfr‘bm‘sm‘

385 1446 583 1522 inculpatam
603 1446 675 1508 iuris
694 1443 769 1509 clari
799 1444 962 1509 admittere
991 1464 1128 1511 renuunt
1151 1495 1158 1523 ,
1234 1440 1311 1503 Cum
1328 1440 1364 1504 ad
1382 1438 1632 1515 praescribendum
1658 1457 1827 1516 requiratur
1848 1437 1957 1518 posses·

388 1544 429 1592 iit
451 1527 606 1600 precipue
622 1543 661 1587 ex
686 1523 753 1601 lege
777 1526 851 1587 iuris
876 1524 963 1604 Μ
985 1524 1061 1589 iuris
1079 1522 1158 1604 faeii'
1193 1517 1236 1584 fio
1254 1542 1325 1584 cum
1340 1520 1417 1583 bona
1434 1518 1493 1581 fide
1509 1522 1754 1596 continuataper
1771 1537 1959 1585 totumtem·

390 1603 562 1670 intrantia
595 1604 628 1665 iii
661 1600 829 1682 usucapione
857 1624 893 1665 rie
909 1617 979 1667 arur
1004 1602 1158 1683 pradela
1195 1620 1248 1677 pua
1270 1621 1288 1662 a
1309 1600 1373 1677 lege
1393 1595 1555 1679 delinitum
1576 1646 1584 1676 ,
1609 1598 1776 1676 priusquam
1797 1621 1846 1665 tes
1863 1603 1958 1665 etiarn

386 1628 467 1767 litii
486 1703 558 1748 vero
574 1680 585 1744 i
604 1680 774 1766 noraniirriti
790 1682 877 1760 prode
899 1685 1159 1763 econstaiexiege
1192 1699 1231 1743 eir
1254 1676 1310 1742 liac
1332 1695 1421 1755 parte
1440 1679 1611 1755 enodetur,

274 1775 278 1784 '
360 1768 552 1838 'utinquam
580 1704 612 1823 s.
645 1760 681 1824 de
707 1761 827 1836 usucap.
858 1762 1070 1841 Nunquamne
1088 1761 1158 1905 usu·
1234 1754 1413 1822 Notandum
1437 1777 1464 1818 1.
1490 1778 1536 1822 res
1552 1778 1621 1834 quae
1640 1752 1787 1834 praescribi
1810 1753 1953 1838 possunt,
1972 1755 2036 1821 Ψ*

386 1840 558 1921 apionibrrr
576 1838 748 1916 iuriserror
762 1838 947 1921 possessoribus
959 1843 1083 1925 prodest.
1116 1846 1158 1921 gi·
1195 1837 1269 1901 aliar
1290 1839 1351 1901 else
1366 1836 1490 1902 mobiles
1504 1885 1516 1915 ,
1529 1836 1606 1903 alias
1626 1837 1807 1902 immobiles.
1829 1841 1887 1901 Pro
1907 1859 1954 1901 re·
1973 1833 2050 1933 Ἢ

388 1939 445 1988 ciii
464 1940 533 1996 tota
550 1923 599 1984 via
620 1917 854 2000 praescriptionis
874 1923 985 1996 pendet
1002 1943 1043 1986 ex
1058 1924 1158 2000 legum
1193 1916 1247 1982 bus
1264 1913 1419 1980 mobilibus
1442 1922 1573 1982 veniunt
1602 1936 1648 1981 res
1674 1916 1737 1981 illae
1760 1938 1864 1982 omnes
1888 1939 1956 1993 quae

412 1998 602 2074 ullotitate,
633 1997 667 2064 ἃ
687 1998 737 2063 lex
753 1997 828 2061 aden
844 2000 929 2064 clare
945 2001 1110 2066 excludens
1125 2023 1157 2071 ⁴a
1194 1998 1264 2061 loco
1283 2000 1403 2060 moveri
1425 1997 1549 2072 possunt
1570 2044 1581 2075 ,
1606 2014 1643 2061 ut
1665 2000 1791 2074 pecunia
1812 2044 1823 2074 ,
1842 1996 1958 2075 veslit,

385 2022 470 2145 bona
491 2079 551 2141 fide
572 2125 580 2153 ,
609 2098 675 2153 quae
696 2078 732 2141 ad
749 2075 1002 2153 praescribendum
1026 2083 1157 2157 requiri·
1194 2080 1298 2152 navis,
1314 2074 1347 2141 δι
1364 2073 1532 2140 huiusmodi
1558 2100 1569 2151 ;
1598 2097 1654 2155 pro
1675 2076 1762 2141 rebus
1778 2097 1881 2142 autem
1901 2079 1957 2138 im·

248 2206 251 2210 -
389 2175 462 2235 tiit,
483 2159 686 2235 ignorantiam
705 2158 795 2233 iuris,
814 2157 904 2233 plane
925 2156 1033 2223 saltem
1054 2160 1091 2225 de
1110 2163 1157 2224 iu·
1193 2156 1349 2221 mobilibus
1381 2176 1426 2219 res
1454 2177 1561 2219 omnes
1589 2175 1772 2233 corporeae,
1802 2179 1867 2233 quae
1891 2157 1958 2220 loco

298 2249 301 2254 “
389 2236 543 2313 teclam,
559 2235 593 2300 δι
611 2234 750 2298 evidenti
774 2236 971 2317 intelligenda
991 2242 1068 2304 erit.
1193 2237 1308 2300 moveri
1326 2254 1501 2312 nequeunt,
1522 2253 1557 2298 ut
1574 2235 1698 2312 domus,
1715 2239 1798 2314 agri,
1819 2244 1919 2301 vineae
1939 2279 1953 2312 ,a

290 2313 293 2321 ’
434 2316 560 2388 Addunt
581 2334 686 2380 tannen
706 2314 849 2380 Duriores
875 2319 956 2392 quod
985 2315 1004 2380 si
1022 2317 1156 2398 possessio
1192 2315 1225 2379 ἃ
1246 2311 1434 2391 huiusmodi,
1449 2336 1516 2391 quae
1536 2331 1622 2377 certe
1639 2313 1724 2378 sicuti
1736 2334 1784 2377 res
1800 2335 1954 2390 corporeae

301 2441 304 2448 a
333 2438 337 2444 ·
391 2393 470 2474 esset
489 2392 836 2472 temporis-longissimi,
865 2395 938 2459 idesl
964 2413 1010 2477 30.
1031 2417 1085 2462 aut
1105 2418 1155 2480 40.
1193 2394 1316 2458 nobles
1335 2415 1353 2457 e
1369 2390 1423 2456 suo
1443 2393 1512 2457 loco
1521 2394 1640 2456 moveri
1652 2413 1823 2468 nequeunt.
1849 2394 1957 2471 Nomi⁴

280 2511 303 2528 --
390 2494 562 2548 annorum,
583 2469 785 2539 huiuscemodi
804 2476 1061 2553 ignorantiaiuris
1071 2477 1156 2554 clari,
1194 2493 1230 2536 ne
1250 2493 1350 2537 rerum
1370 2471 1567 2536 immobilium
1588 2476 1718 2535 veniunt
1742 2478 1837 2536 eiiam
1852 2472 1951 2535 Beric-

389 2572 457 2616 non
471 2554 546 2618 esset
565 2556 674 2631 noxia,
693 2574 764 2616 tum
779 2554 856 2632 leges
874 2555 1039 2631 loquantur
1048 2555 1084 2619 de
1093 2560 1156 2634 pol·
1193 2549 1280 2629 ficia,
1300 2548 1421 2628 censui,
1439 2550 1593 2630 redditus,
1612 2548 1853 2629 iuspatronarus,
1871 2551 1951 2615 usus·

390 2627 516 2696 sessione
535 2632 664 2697 relativa
687 2631 730 2712 ,ad
757 2635 1010 2710 praescriptionem
1037 2634 1156 2699 ordina·
1193 2628 1324 2709 fruetus,
1346 2624 1530 2707 servitutes,
1549 2630 1659 2707 privile
1681 2634 1709 2693 ia
1730 2679 1739 2708 ,
1769 2629 1879 2695 &alia
1900 2630 1954 2693 hu-

389 2714 487 2789 tiam,
507 2711 671 2784 cuiusmodi
687 2707 729 2775 esl
751 2714 865 2788 trium,
879 2713 1007 2790 decem,
1034 2714 1085 2779 vel
1109 2719 1157 2780 vi·
1193 2653 1715 2775 iuscemod.1staenimornuiasxa
1726 2707 1957 2785 manent,&ad

413 2793 471 2855 inti
489 2813 661 2868 annorum,
676 2791 748 2854 dum
763 2790 829 2856 liaec
838 2788 1025 2857 solummodo
1033 2795 1157 2873 cognita
1170 2852 1174 2859 .
1195 2791 1289 2855 inllar
1310 2789 1509 2855 immobilium
1524 2784 1657 2853 asserunt
1667 2783 1811 2878 stallum,
1828 2787 1861 2854 δι
1873 2812 1956 2877 com·

389 2812 430 2935 sit
449 2873 514 2937 iure
528 2870 733 2952 digestorum,
754 2871 834 2936 unde
850 2874 1041 2949 accipiuntur
1060 2877 1157 2938 citata
1193 2872 1373 2935 moditatem
1394 2868 1496 2945 suam,
1517 2863 1552 2933 &
1568 2868 1633 2933 haec
1649 2870 1680 2931 iri
1696 2870 1759 2932 iure
1769 2872 1956 2947 incorporalia

391 2952 476 3031 iiiia.
1194 2949 1365 3016 dicuntur.
1402 2948 1450 3013 Sic
1472 2944 1668 3013 Reiffenslucl
1693 2969 1763 3011 cum
1789 2950 1858 3013 aliis
1872 2971 1956 3014 com·

431 3029 544 3107 Qioad
559 3033 765 3108 ignorantiam
780 3029 992 3094 invincibilem
1020 3052 1096 3097 vero
1113 3034 1159 3098 iii·
1193 3033 1327 3094 munirer
1356 3050 1408 3106 per
1427 3048 1561 3093 textum
1590 3029 1622 3090 in
1641 3024 1791 3091 Clement.
1822 3028 1909 3092 exivi
1926 3036 1952 3092 §.

389 3109 434 3175 rii
449 3111 530 3172 dubii
549 3112 801 3174 controvertitur
822 3111 902 3172 inter
914 3108 1079 3176 Dodlores.
1099 3108 1158 3176 Ve·
1192 3129 1258 3173 cuin
1277 3108 1421 3172 ueannui
1449 3104 1583 3172 redditus
1614 3108 1649 3171 de
1673 3105 1786 3172 verbor.
1826 3109 1956 3197 gnificat.

387 3206 462 3271 siim
476 3188 688 3266 quamplurimi
706 3187 774 3250 sunt
794 3186 1001 3264 quiluslineiit
1015 3193 1159 3269 ignorari·
1193 3189 1242 3253 ubi
1260 3130 1302 3253 sic
1317 3187 1445 3252 habetur
1467 3193 1622 3265 :Cumque
1641 3187 1736 3250 annui
1755 3208 1787 3251 re
1830 3201 1890 3252 iius
1911 3189 1957 3251 iii·

390 3272 471 3355 tiam
489 3267 700 3333 invincibilem
722 3271 794 3329 iurir
810 3265 891 3331 dubii
943 3268 976 3332 δι
996 3271 1076 3334 inter
1096 3269 1158 3334 Do·
1192 3281 1242 3334 ier
1258 3265 1417 3331 immobilia
1433 3265 1603 3346 censemur
1622 3289 1640 3329 a
1659 3269 1743 3330 iure.

389 3340 489 3411 liores
517 3341 707 3411 controversi
733 3366 794 3410 non
820 3316 963 3422 impedire
990 3346 1106 3413 bonam
1123 3346 1158 3412 fi·
1202 3387 1206 3397 ,
1231 3342 1303 3411 lura
1318 3367 1423 3413 autem
1442 3346 1477 3411 dc
1497 3346 1657 3424 allionet,
1688 3345 1708 3407 sr
1735 3345 1846 3412 linter
1868 3368 1952 3412 ares

388 3427 460 3499 deni
482 3423 684 3502 requisitam,
709 3423 743 3489 ἀ
768 3422 971 3492 sufficientem
992 3427 1029 3490 ad
1056 3428 1156 3506 legiti·
1192 3426 1390 3504 immobiles,
1421 3429 1554 3491 veniant
1583 3428 1711 3490 nomine
1729 3369 1957 3503 immobisiump

390 3526 474 3571 mam
491 3503 767 3583 piaescriptionem.
787 3504 1158 3649 Abbasincapdcfeuma
1191 3505 1213 3568 si
1234 3527 1309 3572 vero
1325 3506 1384 3571 sirit
1396 3504 1434 3570 ad
1454 3527 1500 3569 res
1520 3503 1666 3581 mobiles,
1686 3509 1816 3570 veniunt
1833 3509 1958 3570 nomine

366 3589 370 3595 ’
390 3608 424 3663 ῃ.
437 3605 480 3646 ιι.
504 3584 541 3648 de
553 3579 710 3664 praescript.
722 3580 932 3648 Covarriivias
941 3635 955 3665 2
969 3583 1049 3651 Rein

390 3686 463 3733 <iiiii
485 3664 575 3741 aliia,
595 3666 664 3742 quia
680 3660 741 3743 ipsa
762 3662 943 3740 ambiguitas
963 3669 1057 3753 iuris,
1075 3673 1156 3731 circa
1190 3665 1267 3745 gulia
1287 3668 1361 3729 iuris
1381 3668 1413 3728 iii
1433 3667 1462 3726 6.
1484 3655 1533 3729 ubi
1551 3662 1590 3729 fic
1612 3689 1622 3728 r
1650 3663 1848 3745 Accefforium
1867 3677 1956 3730 nniu-

390 3743 470 3828 quod
506 3740 574 3808 sunt
614 3738 742 3810 diverse
773 3739 938 3808 nouorum
965 3742 1160 3824 sententiae,
1191 3767 1256 3808 rarii
1269 3743 1356 3824 sequi
1370 3743 1503 3825 congruit
1516 3742 1707 3824 principalis.

390 3840 553 3900 utramque
573 3840 690 3900 partem
700 3813 774 3887 facit
784 3821 967 3900 probabilem
994 3827 1054 3898 ,ita
1075 3844 1110 3888 ut
1123 3848 1156 3889 u·
1230 3819 1318 3890 Nota
1336 3844 1363 3885 a.
1386 3843 1505 3902 tempus
1525 3824 1604 3902 qnod
1628 3821 1737 3887 sufficit
1763 3825 1801 3888 ad
1822 3823 1959 3902 plastri*
1978 3825 2015 3871 ⁰0
2029 3834 2050 3873 ti

387 3906 522 3969 tramvia
542 3907 575 3964 iii
609 3903 731 3978 praitil
770 3904 802 3966 ui
826 3905 892 3978 quis
922 3900 1028 3980 possit.
1058 3899 1156 3982 Igitur
1191 3903 1322 3969 bendum
1339 3926 1403 3967 rem
1422 3906 1513 3969 unius
1534 3927 1566 3968 v.
1583 3926 1610 3982 g.
1633 3907 1749 3980 privati
1760 3925 1820 3968 non
1838 3902 2033 3982 sempers'te

391 4001 457 4077 non
478 3981 604 4058 impedit
625 3921 847 4073 benamesidem
866 3980 1042 4059 requisitam
1058 3983 1094 4048 ad
1113 3985 1157 4048 le·
1192 3981 1327 4053 sufficere
1356 3984 1393 4047 ad
1431 3981 1682 4078 praescribendum
1713 4004 1776 4046 tem
1802 3983 1927 4051 alterius
1948 4025 1960 4060 ,·
1976 3948 2050 4066 ,¹2:22

394 4058 829 4216 ‘naumain
851 4139 921 4204 aa,
953 4139 1004 4207 a
1023 4139 1085 4208 a,
1113 4137 1158 4206 a
1190 4055 1703 4218 erairslaliiunla
1725 4061 1958 4220 erariis}

251 4189 328 4310 2⁰5⁸}
348 4191 375 4245 ⁶⁴
393 4215 518 4316 fedus„
546 4225 659 4293 primur
688 4238 821 4296 nempe,
855 4217 935 4296 quod
960 4221 1055 4296 pariat
1078 4239 1156 4311 prt-
1191 4225 1274 4289 inter
1316 4219 1507 4296 praesentet.
1543 4190 1719 4315 l’rasentes’
1740 4241 1894 4314 quantum
1919 4224 1960 4288 ad

313 4300 320 4317 ⁰
391 4292 591 4378 scriptionem
604 4297 721 4364 llatuto
736 4315 873 4376 tempore
891 4296 1013 4378 elapso;
1029 4319 1058 4363 a.
1079 4296 1158 4380 qmd
1191 4296 1375 4380 propositum
1390 4300 1533 4366 dicuntur
1549 4299 1615 4376 illi,
1635 4323 1683 4377 qui
1706 4300 1846 4366 habitant
1868 4306 1960 4368 inea³

390 4381 425 4444 iii
442 4379 513 4446 casii
528 4377 610 4441 dubii
632 4378 855 4455 nonpuriiicati
864 4377 1004 4443 conditio
1012 4373 1157 4453 possiden·
1191 4381 1258 4447 dem
1270 4382 1428 4459 civitate,
1445 4381 1496 4446 vel
1513 4379 1686 4445 ineiusdem
1703 4385 1888 4458 territorio,
1905 4382 1960 4448 ab·

391 4463 433 4524 tis
453 4457 564 4522 melior
581 4455 745 4522 reddatur.
777 4472 806 4536 3.
831 4456 911 4535 quod
931 4456 1079 4534 possidens
1094 4478 1158 4539 non
1192 4458 1289 4527 sentes
1309 4480 1386 4526 vero
1398 4460 1544 4526 dicuntur
1563 4460 1631 4534 illi,
1650 4463 1701 4538 qui
1718 4459 1855 4525 habitant
1872 4462 1958 4525 iridi·

393 4554 540 4604 teneatur
560 4538 592 4599 in
612 4535 723 4601 iudicio
750 4557 817 4601 rein
843 4533 928 4603 suam
952 4536 1158 4618 amoremne
1193 4539 1285 4624 tersit
1299 4540 1482 4623 civitatibus
1509 4539 1568 4606 ,len
1583 4542 1616 4604 iii
1632 4544 1797 4605 territoriir
1822 4535 1959 4607 diversa·

393 4617 547 4696 probare,
571 4614 644 4680 dum
659 4613 799 4710 probatio
819 4613 929 4696 spellat
950 4619 987 4684 ad
1003 4620 1090 4689 illum
1105 4621 1156 4697 qui
1193 4640 1260 4703 runi
1278 4622 1462 4710 civitatum.
1485 4589 1532 4685 sta
1547 4624 1799 4710 communiteieir
1816 4619 1960 4700 legeram

392 4698 466 4763 vult
485 4717 557 4764 eum
571 4694 746 4774 expoliare.
776 4717 807 4771 4.
824 4698 906 4774 quod
927 4696 1089 4777 polfideiiti
1110 4703 1159 4765 iiia
1192 4696 1307 4784 titinius
1324 4713 1459 4780 temporis
1467 4697 1679 4781 prescriptione
1692 4719 1736 4761 ia.
1753 4699 1815 4763 cod.
1833 4701 1964 4781 delongi

391 4775 436 4843 est
492 4773 758 4859 utposseffionem
787 4773 872 4841 suani
892 4780 1094 4858 naturalem,
1124 4779 1159 4847 ὰ
1192 4778 1326 4856 temporis
1364 4780 1503 4860 rescript.
1532 4779 1562 4843 Si
1586 4782 1652 4854 quis
1677 4776 1847 4857 quibusdam
1869 4787 1962 4847 annia

390 4825 518 4921 civilem
534 4858 625 4921 annis
649 4853 811 4922 defendere
835 4855 967 4936 valeat,
990 4859 1158 4939 inculpare
1192 4855 1252 4927 suit
1277 4798 1406 4939 pitseus
1421 4860 1475 4939 ,ἃ
1494 4857 1668 4938 quibusdam
1690 4860 1756 4922 aliis
1772 4855 1831 4924 fuit
1841 4857 1966 4939 absens,

393 4953 498 5000 tamen
515 4936 624 5003 tutelae
641 4936 848 5002 moderamine
868 4933 1011 5004 servato.
1030 4959 1057 5016 5.
1077 4936 1159 5018 quod
1193 4959 1268 5017 tnnc
1284 4961 1364 5006 iarius
1382 4962 1479 5008 annus
1505 4937 1671 5014 praesentiae
1692 4939 1857 5015 aequivalet
1878 4941 1963 5006 duos

273 5042 289 5052 ··
392 5012 895 5094 poffideni,siaposseffionesua
913 5020 1160 5109 eliciatur,eaui
1192 5016 1582 5111 mmsissbsisstsaer&
1600 5016 1744 5088 vicissim.
1791 5049 1808 5107 3

1082 3584 1157 3651 sluel
1192 3583 1351 3650 mobilium
1370 3634 1379 3663 ,
1396 3604 1431 3650 itt
1453 3588 1484 3647 in
1500 3606 1567 3662 cap.
1588 3583 1769 3666 waffarium
1786 3604 1835 3662 4²·
1852 3585 1890 3647 de
1911 3606 1957 3648 re·

1849 5088 1920 5169 No
