4425 6000
500 497 673 570 Tracta
701 515 759 574 ne
787 493 1050 570 luecurtis
1077 487 1304 572 Daeiiooi
1336 484 1436 556 Ωιι.
1465 484 1529 559 lis.
1682 509 1766 586 325’

230 593 513 668 conservatorem,
532 616 567 658 ac
583 594 768 657 munificum
790 594 979 657 Provilorem
993 633 1004 649 ..
1083 588 1163 649 Cum
1182 604 1258 653 vero
1276 581 1333 647 filii
1355 581 1412 646 sint
1436 580 1488 647 sub
1503 582 1656 670 doninio,
1676 605 1810 653 aetute·
1829 615 1865 662 ῃ.
1892 610 1950 664 atie.

233 674 382 755 Quieti
409 677 582 749 proximum
606 693 754 750 quemque
781 677 877 737 etiam
909 672 1008 733 inimi·
1045 668 1216 744 lapatris,
1242 680 1389 729 tenentur
1414 683 1454 755 eii
1485 662 1541 729 hac
1561 682 1647 741 parte
1670 666 1811 732 obedien·
1833 677 1936 727 arenti·

232 757 307 823 cum
327 773 430 820 amare
450 755 610 830 debemus,
626 771 743 827 quanto
760 756 857 831 magis
873 772 926 815 eos
937 798 945 827 ,
957 751 1008 825 qui
1046 750 1120 812 tiam
1142 743 1284 823 praestare
1306 742 1497 836 parentibus,
1511 743 1548 806 in
1564 747 1601 809 iis
1619 745 1759 811 omnibus
1780 744 1811 810 in
1824 739 1953 811 *ἔδω*

236 855 305 900 tam
324 836 482 909 propinqui
510 830 581 896 sunt
606 831 710 907 nobis,
728 850 762 894 ut
780 853 869 894 nenio
886 832 1008 907 propin·
1045 826 1152 905 quibus
1173 824 1350 902 parentibus
1369 821 1590 901 subiiciuntur,
1606 823 1681 890 idest
1702 830 1733 890 in
1755 829 1810 906 iis,
1826 816 1942 919 δζζξω·

234 920 327 991 quior
343 914 402 975 elle
424 910 535 995 polfit?
552 911 714 974 Tenentur
737 915 830 990 igitur
850 908 905 974 filii
928 909 1010 974 velle
1045 928 1113 983 quae
1130 903 1261 981 spesdant
1283 904 1319 967 ad
1337 902 1532 995 domesticam
1547 906 1809 983 gubernationem,

260 990 415 1056 arentibus
428 994 486 1053 siris
496 989 653 1068 spirituale
669 990 840 1067 bonum,&
858 1008 1007 1065 tempora·
1045 1009 1080 1049 ac
1099 986 1196 1049 bonos
1217 1004 1339 1047 mores:
1359 984 1443 1046 iniis
1464 985 1552 1048 enim
1569 983 1627 1048 filii
1648 985 1816 1051 subiiciun-

237 1014 291 1146 se,
319 1070 352 1135 ἀ
367 1069 422 1132 hoc
432 1072 474 1132 eis
484 1070 673 1147 suppeditare
684 1073 715 1134 in
727 1072 901 1149 indigentiis
916 1072 1010 1133 etiam
1047 1084 1098 1129 tur
1120 1063 1316 1140 parentibus,
1341 1063 1378 1126 ad
1397 1083 1470 1138 quos
1497 1066 1634 1140 pertinet
1664 1062 1814 1129 familiam

230 1148 1011 1227 communibus.Exigitetiampietas,utbisimper·
1047 1164 1149 1222 tegere
1171 1193 1179 1220 ,
1200 1141 1234 1207 &
1260 1142 1405 1205 instruere
1433 1144 1465 1205 in
1492 1141 1578 1207 bonis
1605 1143 1743 1211 motibus.
1777 1143 1814 1210 dc

238 1233 359 1295 riantur
369 1227 531 1293 necessaria
541 1229 578 1292 ad
590 1233 685 1292 vitani
694 1226 1012 1293 secundumsuumssa·
1048 1223 1180 1299 pluribus
1197 1224 1229 1284 in
1251 1224 1323 1290 socis
1343 1222 1455 1287 divina:
1478 1221 1643 1298 Scripturae
1662 1226 1719 1289 hoc
1741 1196 1814 1290 sliu

240 1305 554 1383 trunsustentandam,
566 1307 686 1372 tametsi
695 1307 746 1372 sua
756 1310 842 1385 culpa
857 1305 1011 1385 iiiegesta·
1048 1306 1244 1392 precipitur,
1264 1300 1298 1366 δι
1318 1304 1470 1392 praecipue
1490 1302 1604 1366 Colols.
1626 1320 1652 1382 3.
1673 1305 1814 1370 Filiiose·

242 1409 307 1453 reni
317 1386 480 1452 inciderint
496 1389 632 1464 ,debona
642 1410 710 1463 qiiae
722 1387 780 1451 filii
791 1387 955 1465 possident,
976 1384 1012 1451 ab
1047 1380 1286 1461 disparentibus
1301 1398 1488 1460 peremnia:
1509 1382 1559 1457 hoc
1577 1386 1655 1447 enim
1671 1389 1815 1466 placitum

243 1473 281 1532 iis
294 1488 354 1531 non
376 1472 563 1544 acceperint.
582 1468 794 1541 Qitovisenim
804 1468 893 1531 modo
906 1487 1013 1542 pareu-
1046 1465 1083 1541 tst
1104 1462 1138 1527 in
1156 1462 1296 1526 Domino.
1320 1460 1360 1525 Et
1379 1459 1511 1526 Christus
1529 1462 1599 1527 Don
1611 1469 1678 1530 inus
1701 1465 1814 1546 insigne

247 1569 295 1611 res
318 1545 445 1610 subsidio
462 1546 595 1610 filiorum
618 1547 796 1624 indigeant,
826 1546 939 1630 semper
955 1545 1012 1607 filii
1049 1545 1081 1603 iti
1102 1540 1158 1605 hoc
1178 1541 1307 1619 praebuit
1329 1543 1522 1619 exennium,
1553 1548 1602 1618 qui
1634 1567 1694 1609 non
1719 1545 1816 1610 solum

246 1629 396 1690 debitores
417 1621 486 1691 sunt
507 1626 679 1703 parentibus
701 1624 1015 1704 vitae,&conserva·
1048 1617 1190 1684 obediens
1225 1618 1284 1684 fuit
1321 1640 1440 1684 aeterno
1460 1626 1544 1684 Patri
1565 1623 1655 1700 usque
1677 1627 1714 1688 ad
1734 1648 1817 1690 mor·

247 1709 454 1782 tionis,quas
477 1704 513 1768 ab
533 1704 634 1767 iisdem
661 1726 800 1783 recepere
818 1710 893 1770 Le.
922 1725 948 1767 1.
975 1702 1014 1769 Θ
1050 1697 1249 1786 tem,sed&
1270 1699 1817 1783 Mariae,&lusephotanquampa·
1853 1754 1858 1761 -

246 1806 276 1848 2.
297 1786 358 1849 rori.
382 1784 417 1846 de
440 1782 554 1850 alendis
583 1783 630 1848 sib.
655 1805 691 1866 “s
712 1796 826 1865 parent.
850 1727 1015 1849 senentur
1050 1779 1186 1846 rentibus
1208 1779 1418 1843 subicssionem
1451 1780 1600 1862 praellin't
1619 1781 1653 1847 ἀ
1672 1784 1816 1848 obedien-

209 1884 225 1891 *
248 1865 355 1930 itidem
378 1862 549 1929 succurrere
570 1864 743 1941 parentibus
769 1869 801 1929 iri
821 1868 928 1942 quavis
955 1863 1017 1927 alia
1052 1861 1259 1949 tiam‚·Lucae
1277 1878 1307 1921 2.
1322 1863 1365 1923 Et
1380 1873 1447 1924 erat
1456 1859 1594 1940 subditus·
1612 1862 1692 1927 illis.
1713 1865 1752 1927 Et
1771 1873 1817 1928 ro

248 1942 428 2009 necessitate
444 1943 541 2019 quoad
563 1944 731 2020 honorem,
750 1942 879 2022 famam,
896 1942 1017 2007 liberta·
1051 1959 1125 2004 vera
1149 1943 1168 2001 li
1190 1938 1240 2005 ubi
1260 1940 1340 2003 alter
1365 1942 1409 2004 ius
1431 1941 1542 2006 babeat
1559 1941 1724 2019 imperandi
1786 1966 1816 2007 a·

247 2041 313 2088 tem
330 2021 389 2087 &o
409 2021 542 2087 desesius
561 2044 667 2087 eorum
687 2022 883 2100 abscondere,
906 2045 942 2086 ac
963 2042 1016 2100 pa·
1052 2020 1128 2083 lium
1147 2016 1266 2095 obsequi
1286 2020 1405 2084 neccsse
1429 2020 1488 2099 sit,
1508 2018 1572 2110 filii
1591 2025 1679 2097 plane
1706 1992 1816 2088 debent

248 2107 367 2168 tienter
387 2097 490 2178 serre,
511 2120 547 2167 ut
568 2102 732 2166 Ecclesiasi.
756 2120 782 2183 3.
799 2110 836 2167 Iti
856 2123 956 2180 opere,
977 2105 1016 2166 (Y
1051 2096 1172 2175 obsequi
1191 2098 1387 2175 parentibus,
1411 2106 1462 2176 qui
1491 2104 1537 2165 ius
1558 2102 1691 2179 habent,
1712 2123 1748 2167 ac
1765 2123 1818 2179 po-

244 2181 389 2263 sermone,
399 2184 438 2247 Θ
449 2180 909 2263 omnipaeiientiaboaoraperrem
920 2195 1015 2245 tuum.
1052 2176 1193 2242 testatem
1214 2179 1274 2241 illis
1292 2181 1478 2258 imperandi,
1491 2202 1562 2244 cum
1579 2182 1672 2249 aliter
1687 2182 1820 2260 ipsorum

291 2262 397 2335 Qiare
418 2265 553 2339 graiutcr
570 2280 693 2335 peccant
709 2262 794 2325 liberi
815 2267 908 2327 etiam
921 2282 1017 2337 quaii-
1052 2280 1158 2322 curam
1178 2276 1281 2333 gerere
1301 2277 1482 2341 nequeant.
1506 2261 1629 2329 Dicitur
1651 2266 1682 2324 in
1703 2267 1757 2339 iis,
1783 2266 1818 2327 in

177 2386 227 2425 ,m
252 2340 293 2402 do
312 2359 421 2402 curam
442 2362 504 2404 non
524 2340 639 2404 habent
668 2361 703 2405 ac
732 2337 958 2406 solicitudinem
981 2340 1017 2402 de
1053 2337 1160 2415 quibus
1183 2336 1359 2414 parentibus
1392 2337 1619 2416 subiiciuntur,
1649 2341 1723 2405 idest
1743 2363 1768 2405 1.
1788 2345 1821 2408 iu

177 2433 236 2488 uie.
252 2417 418 2497 spirituali,
440 2421 473 2485 ἅ
494 2421 653 2498 temporali
676 2438 836 2495 parentum
856 2420 1018 2497 saltite,ut
1054 2415 1223 2492 omuibus,
1250 2438 1318 2494 quae
1349 2414 1480 2491 spessanr
1507 2420 1543 2483 ad
1574 2421 1668 2485 bonos
1695 2442 1820 2500 niores,

194 2512 222 2550 ί·
255 2518 350 2578 aegros
367 2519 426 2562 riori
448 2495 602 2577 inviserit,
619 2501 774 2579 negligant
794 2522 846 2567 eos
867 2505 899 2564 in
914 2519 1019 2565 carce·
1054 2519 1089 2561 ac
1105 2495 1291 2573 spiritualem
1312 2494 1459 2574 salutem,
1476 2521 1507 2562 v.
1529 2522 1552 2578 g.
1567 2499 1748 2566 absiinerea
1770 2521 1822 2577 pei>

177 2573 239 2615 Ν·
259 2598 292 2642 re
308 2578 452 2643 detentos
473 2578 623 2658 liberare,
640 2601 701 2641 nnn
721 2580 904 2656 provideant
914 2599 1019 2644 eorum
1055 2576 1187 2640 riculosrs
1208 2575 1438 2654 occasionibus,
1453 2576 1487 2643 &
1505 2580 1582 2644 ludis
1598 2584 1724 2662 vetitis,
1741 2602 1823 2647 ano·

177 2646 181 2677 ι
232 2660 240 2675 ”
260 2655 373 2733 saluti,
393 2679 454 2723 non
471 2659 604 2723 curando
624 2660 764 2723 celeriter
785 2677 821 2725 itt
844 2660 1020 2726 Sacramcii·
1054 2656 1166 2720 ssurnis
1182 2655 1331 2731 cursibus,
1354 2677 1371 2719 a
1388 2656 1544 2738 tabernis,
1560 2682 1579 2724 a
1593 2662 1823 2738 contracsibus,

255 2741 316 2815 ris,
334 2738 453 2812 quando
472 2758 547 2814 opus
571 2738 635 2817 est,
655 2746 856 2815 muniantur,
874 2739 941 2802 aliis
963 2735 1020 2812 spi·
1056 2739 1107 2810 qui
1131 2732 1265 2811 usuram,
1287 2735 1337 2799 vel
1366 2734 1525 2801 simoniam
1545 2739 1680 2818 sapiant,
1710 2742 1747 2806 ab
1768 2744 1824 2813 ini-

177 2888 180 2893 ,
252 2816 415 2882 ritualibus
442 2820 589 2883 iuventus
615 2817 758 2893 auxiliis,
783 2818 904 2881 illorum
928 2817 1022 2881 tella·
1058 2814 1221 2891 proborum
1232 2811 1403 2892 societate,
1423 2839 1458 2882 ac
1469 2817 1700 2896 familiaritate,
1722 2840 1823 2896 aquo-

252 2914 379 2973 menta,
397 2895 431 2960 ἀ
448 2897 553 2977 legata
574 2897 623 2961 ves
639 2899 846 2972 ommittunt,
866 2896 914 2960 vel
930 2892 1021 2968 diffe·
1059 2894 1137 2958 libet
1154 2894 1235 2969 alio,
1251 2896 1330 2969 quod
1357 2896 1500 2961 illicitum
1516 2896 1552 2961 sit
1573 2949 1582 2976 ,
1608 2900 1655 2963 vel
1674 2900 1823 2977 periculo·¹

252 2992 327 3042 runt
350 2978 475 3058 exequi,
495 2978 571 3042 nihil
592 2979 732 3055 cogitant
757 2994 792 3041 ut
813 2979 856 3040 eir
877 2972 1023 3041 desunsiis
1057 2970 1143 3037 sumt
1164 2977 1240 3038 item
1259 2971 1430 3041 catecheses
1452 2976 1487 3043 dt
1505 2983 1668 3044 conciones
1695 2978 1792 3043 sacras
1812 3028 1823 3059 ,

253 3053 407 3122 sacrificiis
423 3056 457 3122 &
484 3058 618 3136 precibus
639 3055 852 3133 subveniant,
875 3057 956 3120 unde
981 3058 1023 3119 ci·
1059 3052 1253 3131 Ecclesiam,
1283 3075 1318 3140 ae
1339 3055 1536 3123 Sacramenta
1556 3056 1771 3135 frequentare:
1793 3079 1821 3121 a.

252 3139 316 3199 tius
337 3139 539 3215 aPurgatorii
557 3139 655 3214 poeiiis
672 3136 708 3200 ad
723 3136 878 3201 coelestem
893 3136 1023 3216 gloriani
1061 3138 1091 3197 in
1117 3137 1174 3211 iis,
1202 3154 1272 3211 qiiae
1297 3133 1433 3211 spedant
1460 3137 1497 3202 ad
1523 3140 1689 3218 tuendam,
1707 3139 1827 3204 conser-

255 3211 603 3281 traiisseranrtir.1tcm
624 3218 673 3292 qui
700 3215 736 3279 de
763 3236 869 3280 eorum
890 3214 1024 3282 adverb·
1061 3214 1158 3277 vairda
1214 3233 1251 3276 ue
1269 3234 1398 3293 pacem,
1424 3215 1458 3281 dt
1479 3220 1695 3295 concordiam,
1716 3219 1828 3283 bonam

254 3296 372 3358 taribus
392 3295 560 3376 laetantur,
581 3298 687 3361 dolent
714 3295 754 3359 de
773 3317 879 3360 eorum
905 3293 1023 3374 prospe·
1053 3289 1191 3371 samm,
1249 3313 1353 3358 norem
1369 3293 1516 3371 decusque
1532 3296 1677 3363 familiae:
1696 3298 1827 3376 utesler,

253 3378 319 3453 ris,
340 3369 508 3441 infortunia
532 3374 643 3441 eisdem
665 3394 850 3455 peroptant,
872 3376 920 3439 scu
945 3371 1023 3452 quod
1059 3373 1081 3437 si
1100 3391 1210 3450 pater,
1229 3373 1263 3439 d<
1277 3376 1343 3439 eius
1365 3373 1433 3445 loco
1454 3397 1568 3458 mater,
1593 3399 1669 3442 avus
1686 3378 1827 3455 &optar-

255 3453 389 3518 deterius
406 3453 466 3536 est,
487 3453 580 3531 ipsam
596 3476 715 3533 quoque
735 3474 886 3533 mortem,
913 3475 973 3533 qua
989 3453 1026 3518 ab
1059 3457 1177 3532 cipiant
1197 3452 1272 3518 filiis
1293 3472 1328 3519 ut
1346 3455 1400 3519 tali
1420 3457 1497 3521 bora
1518 3478 1661 3522 maneant
1671 3455 1826 3534 domive!

255 3553 362 3620 eorum
382 3538 658 3612 admonitionibus,
680 3534 731 3598 vel
752 3556 770 3599 a
791 3536 878 3613 longa
896 3555 1026 3611 cura,ac
1061 3534 1184 3600 domum
1199 3535 1429 3612 ingrediantur,
1446 3554 1482 3600 ut
1505 3538 1606 3602 studiis
1628 3536 1678 3600 vel
1703 3536 1759 3602 tali
1778 3538 1829 3601 ar&

255 3614 470 3693 solicitudine,
489 3635 580 3689 quam
600 3636 653 3691 pro
679 3611 744 3689 ipsis
776 3614 947 3687 impendere
974 3614 1026 3675 de·
1062 3618 1087 3677 ti
1105 3628 1295 3687 vacent,fut
1310 3615 1384 3676 aliar
1406 3635 1504 3703 ”0¹12
1495 3615 1673 3691 addiscant,
1689 3634 1727 3679 ut
1748 3613 1829 3678 nihil

256 3693 351 3768 bciit,
374 3694 539 3757 liberentur
561 3740 570 3768 ‚
594 3692 646 3755 vel
667 3693 787 3753 demum
808 3708 841 3754 ut
865 3695 956 3756 citius
976 3704 1039 3754 eo-'
1062 3693 1098 3754 de
1126 3688 1251 3754 familiae
1278 3691 1365 3755 bonis
1386 3692 1501 3758 dotietit
1519 3715 1555 3759 ac
1574 3693 1776 3759 distribuant:
1794 3691 1830 3760 ἀ
1890 3711 1892 3714 ’

254 3795 326 3835 rum
345 3774 489 3836 fruantur
510 3771 715 3834 baereditate.
742 3769 821 3833 Haec
840 3768 942 3833 odiosa
969 3773 1028 3833 cir·
1063 3771 1120 3835 hoc
1150 3768 1283 3848 generali
1320 3791 1474 3847 praecepto
1514 3778 1654 3838 vetitum
1685 3774 1833 3843 censetur

255 3849 443 3917 cumstaiicia
459 3849 618 3928 aperienda
635 3847 677 3912 est
699 3853 729 3910 in
745 3845 952 3926 consessione,
974 3868 1024 3913 ut·
1063 3848 1203 3927 quidquid
1223 3852 1320 3914 etiam
1340 3852 1477 3927 expresse
1499 3852 1671 3928 permissum
1692 3873 1753 3935 iton
1766 3850 1831 3918 suo

257 3950 331 4008 pote
352 3951 419 4006 quae
442 3929 628 4010 peculiarem
649 3928 759 3992 babeat
789 3928 940 3993 malitiam
963 3932 1024 4004 pie·
1064 3930 1106 3994 rit
1144 3925 1197 3992 nisi
1218 3929 1293 3994 esset
1314 3929 1440 3994 levioris
1456 3937 1620 3997 momenti.
1642 3933 1723 3997 Item
1738 3949 1772 3997 ut
1793 3929 1831 3996 fi·

259 4013 321 4073 tati
339 4009 514 4089 oppositam
538 4032 546 4072 :
565 4009 644 4073 unde
661 4004 826 4086 proscripta
844 4007 905 4097 fuit
922 4010 959 4073 ab
979 4008 1028 4099 ln·
1064 4011 1103 4074 lia
1119 3978 1260 4073 iitcrulas
1280 4005 1513 4089 cuiuscumque,
1535 4008 1832 4077 acmunusculafur·

258 4107 383 4153 nocent.
404 4089 459 4153 Xl.
483 4088 648 4165 propositio
667 4108 735 4162 qirae
756 4109 839 4151 num
861 4086 1012 4168 est14.Li
1065 4093 1123 4155 tim
1143 4109 1204 4153 non
1226 4092 1352 4165 recipiat
1366 4139 1373 4166 ,
1388 4106 1422 4154 ut
1438 4111 1561 4156 maneat
1583 4096 1614 4154 in
1642 4091 1833 4165 Monassetio
1873 4149 1875 4153 ,

255 4169 350 4238 citum
366 4169 402 4251 est
423 4166 547 4249 absoluto
567 4167 704 4248 defiderio
721 4186 827 4244 rupere
846 4179 967 4230 mortem
977 4187 1027 4246 pa·
1064 4173 1161 4233 donec
1181 4169 1330 4245 nubatur;
1350 4167 1385 4233 dr
1404 4167 1525 4234 lidonis
1545 4190 1704 4248 moretur,
1727 4168 1789 4237 sola
1812 4189 1832 4236 e

256 4251 314 4312 tris
336 4272 394 4313 non
413 4249 530 4326 quidem
547 4260 580 4312 us
596 4249 709 4311 malum
726 4247 842 4325 priris,
858 4246 912 4326 sed
926 4260 960 4310 us
980 4246 1028 4308 bo·
1064 4250 1154 4313 dotno
1174 4268 1235 4309 non
1256 4247 1452 4325 egrediatur,
1475 4254 1603 4314 iuvenes
1632 4248 1760 4314 aurasius
1778 4271 1834 4314 no·

257 4351 331 4393 num
352 4328 524 4407 cupientis,
552 4327 621 4403 quia
641 4328 783 4391 nimirum
806 4326 835 4390 ti
865 4322 1031 4391 obventura
1064 4328 1112 4392 tiu
1140 4347 1201 4389 non
1229 4328 1436 4402 alloquatur:
1462 4329 1493 4392 iri
1518 4328 1598 4394 bisce
1622 4329 1762 4395 oiiinibus
1790 4327 1834 4393 cst

256 4409 432 4553 efpinguis
448 4406 622 4473 hereditas.
647 4406 712 4470 lmo
732 4411 834 4469 omnia
862 4409 940 4484 alia,
962 4427 1028 4482 quae
1066 4403 1182 4485 prorsus
1198 4404 1415 4483 obediendum,
1433 4409 1478 4471 ita
1501 4427 1536 4472 ut
1553 4412 1690 4487 graviter
1706 4428 1834 4485 peccent

275 4487 339 4553 assa
363 4508 438 4567 erga
460 4505 624 4551 extraneos
651 4533 660 4560 ,
688 4485 784 4550 essent
809 4485 1030 4554 tantummodo
1067 4486 1123 4550 filii
1138 4532 1147 4559 ,
1163 4485 1183 4545 li
1203 4492 1341 4562 graviter
1363 4490 1393 4550 in
1412 4486 1456 4548 bis
1476 4486 1638 4564 deficiant,
1659 4485 1745 4554 sicuti
1766 4512 1835 4569 gra·

190 4584 193 4589 ·
259 4584 372 4633 contra
392 4568 597 4642 charitatem,
613 4565 771 4630 commissa
791 4583 899 4629 contra
921 4585 1026 4642 paren·
1055 4569 1152 4630 riter
1176 4580 1324 4640 peccant,
1344 4564 1364 4626 si
1382 4568 1557 4642 patentibus
1579 4565 1767 4648 inconsultis,
1781 4567 1834 4639 ves

215 4661 309 4727 „tes
329 4664 524 4725 opponuntur
544 4648 640 4709 etiam
657 4648 843 4723 pietatitex
863 4665 923 4720 quo
946 4647 1024 4720 capi·
1064 4663 1174 4709 contra
1209 4664 1315 4706 eorum
1344 4644 1541 4711 voluntatem
1568 4668 1696 4714 uxorem
1718 4649 1834 4714 ducant

208 4734 214 4745 '
258 4745 293 4793 re
311 4731 455 4807 graviora
476 4724 663 4805 redduntur,
685 4745 719 4788 ac
736 4721 861 4801 proinde
881 4746 950 4788 cum
972 4724 1028 4789 tali
1065 4725 1187 4800 imparis
1204 4723 1331 4800 gradus,
1348 4725 1397 4787 vel
1413 4726 1513 4803 aliqua
1534 4723 1659 4793 infamia
1670 4736 1682 4803 ,'
1693 4749 1730 4793 ac
1745 4728 1841 4794 dedes.

259 4805 486 4873 circumstantia
507 4807 669 4885 aperienda
685 4808 755 4868 sunt
777 4807 810 4866 in
825 4798 1030 4882 consessione,
1064 4806 1144 4869 coris
1166 4820 1240 4867 nota
1270 4796 1437 4880 affectam,
1466 4806 1516 4869 vel
1542 4805 1604 4870 sinc
1627 4807 1703 4872 iiisla
1732 4806 1837 4873 caussa

255 4889 333 4964 quia
361 4903 436 4951 tunc
458 4902 617 4963 peccatum
637 4884 788 4962 duplicem
816 4884 907 4948 babet
939 4885 1027 4946 mali·
1065 4887 1176 4948 ducere
1193 4881 1291 4944 nolint
1312 4905 1402 4957 quam
1422 4883 1473 4960 ipsi
1500 4902 1649 4964 patentes
1662 4886 1780 4957 vellent
1795 4885 1836 4952 ob

257 4971 338 5032 tiam
359 4963 465 5045 specie
493 4963 672 5043 diversam,
698 4980 812 5029 contra
841 4962 1026 5029 charitatem
1066 4967 1172 5039 ingens
1189 4955 1313 5024 familiae
1332 4959 1469 5028 bonum.

258 5045 620 5134 nempe,dtpietateiri.
690 5136 693 5141 ν
893 5132 897 5142 ι
1092 5034 1513 5136 ’Νοιιίιιδίιωμιιιιειιθίἰί
1531 5043 1725 5124 parentibus,
1746 5043 1837 5109 idcir·

340 5125 435 5209 Iustis.
453 5125 554 5191 Theoi.
573 5121 682 5191 Moru.
702 5119 792 5189 Toto.
810 5117 866 5186 tlt.
1509 5122 1540 5188 X
1581 5138 1598 5206 3
1759 5141 1797 5192 co
1842 5193 1848 5211 ,
