4425 6000
265 554 483 623 mamm
503 565 580 616 tunc
600 547 708 616 evadit
748 539 1041 619 „affiemale'cw
1076 537 1213 618 expresse
1242 555 1330 617 petat
1348 538 1550 617 mercedem,
1572 540 1625 606 hic
1646 542 1838 620 praesumitua
1869 575 1871 578 ·

270 643 320 704 iu,
335 635 503 702 dominium
519 630 556 695 gd
571 649 701 694 uxorem
721 567 833 702 speetu
854 670 863 699 ,
882 624 916 688 ὅ(
932 641 970 686 eo
990 621 1039 687 vei
1076 621 1155 685 hanc
1175 623 1256 699 patri
1276 619 1329 684 suo
1354 621 1481 697 pietatis
1502 621 1596 711 titulo
1618 626 1836 698 condonasse.

268 720 425 793 maxime,
440 715 511 792 quia
527 727 603 774 tunc
623 709 719 774 cessat
740 704 821 781 patri
836 723 922 769 ,onus
941 702 1039 767 alendi
1072 700 1167 766 'Unde
1181 700 1429 788 audiendus-non
1456 697 1545 779 esset,
1559 702 1581 764 ir
1597 720 1725 770 mortuo
1750 707 1838 785 patre

271 799 373 866 dilium
389 798 451 859 iam
465 792 659 856 demortuum
679 834 690 865 ,
714 798 842 864 propter
861 782 940 861 quod
962 803 1039 847 onus
1071 802 1143 847 earn
1160 804 1182 849 a
1204 781 1347 846 fratribus
1363 795 1508 858 repetere
1522 797 1686 847 tentaret.
1709 786 1745 850 In
1766 784 1834 851 foro

267 876 454 945 conceditur
472 867 525 950 ipsi
544 873 626 947 patri
653 866 823 932 dominium
847 864 928 931 utile
959 863 1040 945 quod
1072 860 1387 951 ,tanaeninternohaec
1416 858 1840 944 taesumptio.eeisaret,quan-

266 979 293 1025 3
312 956 399 1021 boni,
420 951 600 1019 adventitiis
615 944 675 1012 fiiii
695 946 858 1023 provenit..
1068 942 1114 1008 do
1123 942 1203 1005 itlius
1227 960 1330 1006 certus
1347 962 1371 1006 e
1396 960 1429 1005 et
1461 937 1559 1006 talem
1575 962 1638 1009 nou
1658 940 1750 1009 fuisse
1770 944 1835 1022 ejus

314 1029 455 1100 Tametsi
488 1049 575 1110 patet
614 1024 778 1093 dissimulet
808 1024 1040 1103 perceptionem
1073 1022 1276 1087 uoluntatem
1289 1019 1364 1099 ,sed
1376 1021 1422 1087 ob
1433 1023 1601 1101 timorem,
1619 1025 1675 1089 vel
1693 1045 1842 1091 reveren·

256 1138 366 1197 „quarn
387 1115 471 1180 filius
496 1107 622 1187 usurpat
646 1102 798 1171 finanum
820 1101 956 1170 inbono
979 1103 1052 1170 .ad··
1074 1105 1151 1167 tiam
1171 1105 1265 1178 patris
1279 1122 1344 1166 1¹0¹!
1360 1101 1467 1167 ausum
1483 1097 1569 1168 fuisse
1589 1100 1671 1169 suam
1690 1106 1771 1184 ³1>ud
1785 1127 1839 1186 1²²·

270 1198 411 1265 ,lentitia
424 1243 433 1273 ‚
445 1213 515 1258 cum
531 1210 595 1253 non
616 1186 653 1251 srt
667 1185 760 1252 cessio
778 1185 853 1250 iuris
871 1185 1010 1262 expressa
1030 1232 1039 1259 ,
1070 1200 1157 1248 ‚trem
1176 1182 1328 1259 explicare
1347 1185 1575 1247 intentionem.

263 1298 336 1345 „0st
356 1275 478 1342 tollitur
495 1273 575 1348 patri
596 1264 728 1333 facultas
749 1263 951 1329 interdicendi
971 1263 1039 1329 filio
1112 1261 1199 1326 Bona
1216 1283 1309 1337 vero,
1331 1282 1407 1341 uuae
1431 1262 1487 1326 filii
1519 1262 1682 1344 lucrantur
1703 1286 1744 1331 ex
1772 1284 1840 1334 arte

263 1358 369 1425 ¹ulem
385 1352 628 1434 perceptionem:
650 1367 714 1412 non
735 1344 832 1421 potest
856 1359 966 1409 tamen
985 1365 1039 1421 pe·
1071 1342 1125 1408 trel
1146 1345 1379 1423 negotiatione,
1400 1342 1451 1406 vel
1471 1342 1575 1418 aliquo
1591 1343 1659 1409 aiio
1674 1346 1839 1413 industria·

269 1455 339 1505 ωε
368 1457 387 1502 3
414 1430 479 1498 filio
499 1427 650 1494 fruetuum
671 1422 921 1501 consumptorum
945 1445 1039 1489 com·
1069 1423 1096 1490 ,li
1117 1425 1269 1488 exercitio
1283 1471 1299 1501 ,,
1326 1421 1347 1485 sr
1376 1420 1461 1506 fiii-ua
1481 1422 1576 1510 degat
1606 1441 1696 1489 extra
1711 1425 1839 1494 domurn

270 1514 482 1597 pensationem
503 1509 599 1587 ,quia
616 1502 830 1573 diffirnulando
850 1506 946 1569 tacite
964 1526 1038 1578 con·
1071 1519 1253 1584 paternam,
1267 1505 1320 1567 ita
1341 1520 1377 1567 ut
1398 1523 1416 1567 a
1453 1522 1519 1567 atre
1536 1522 1599 1583 uon
1616 1503 1740 1583 alatur,
1762 1526 1839 1573 tunc

267 1595 387 1665 oeffiffe
401 1590 589 1659 aestjmuur,
889 1663 896 1677 ι
1069 1578 1386 1670 ducrumtensendurn
1401 1525 1451 1647 ed
1465 1582 1581 1648 bonum
1603 1583 1839 1667 adventitium,

269 1731 273 1736 .
312 1676 348 1741 ln
365 1675 444 1739 bona
460 1664 722 1745 veroprosediiria
741 1660 955 1729 filiusfamilias
974 1684 1037 1730 non
1069 1684 1136 1729 non
1166 1660 1369 1741 prosediitiurn
1422 1683 1492 1728 curn
1513 1684 1560 1728 ex
1580 1668 1720 1740 paternis
1746 1667 1838 1736 rebus

267 1755 364 1822 iubet
380 1775 436 1819 nec
459 1752 692 1830 proprietatem.
716 1766 773 1811 nec
793 1738 1006 1809 usumfnadduru
1066 1765 1133 1810 non
1148 1747 1339 1823 proveniat.
1362 1713 1435 1808 ideo
1454 1763 1532 1809 vero
1547 1740 1634 1810 ,filius
1646 1748 1838 1828 negotiando

266 1831 323 1901 fed
337 1834 431 1900 solam
456 1828 778 1903 administrationem,
801 1828 872 1902 quia
902 1825 974 1889 talis
994 1793 1037 1890 eii
1070 1827 1202 1901 acquirit
1235 1827 1317 1903 patri
1333 1873 1347 1904 ,
1375 1841 1526 1901 quatenus
1546 1844 1565 1888 a
1588 1830 1680 1903 patre
1710 1827 1835 1893 alitur.

271 1914 372 1995 legum
393 1908 569 1991 dispositio,
587 1929 655 1987 quae
670 1906 707 1973 ab
723 1903 868 1971 omnibus
886 1922 1029 1983 accepta·
1066 1902 1196 1970 'Undefi
1217 1925 1279 1968 non
1295 1904 1420 1982 alatur,
1446 1924 1504 1969 nec
1524 1904 1662 1969 lucretur
1679 1926 1725 1971 ex
1744 1906 1836 1973 bonis
1972 1951 2002 1994 χ

267 2010 317 2060 1ae
335 1990 440 2058 fuere.
1045 2013 1047 2017 ’
1070 1987 1228 2065 paternis,
1249 1985 1370 2050 lucrum
1386 1986 1466 2064 patri
1482 2005 1547 2049 non
1564 1981 1612 2048 est
1622 1983 1833 2054 tribuendum.

269 2131 272 2136 .
313 2073 509 2146 Bona-vero,
526 2088 628 2147 quaea
648 2084 735 2145 patre
751 2064 868 2130 dantur
883 2065 951 2131 filio
970 2068 1030 2131 cle·
1061 2065 1099 2133 ,Si
1122 2087 1198 2131 vero
1211 2083 1356 2130 moretur
1368 2066 1404 2129 in
1422 2062 1515 2129 domo
1538 2065 1665 2142 patris,
1689 2068 1779 2132 acab
1797 2089 1838 2133 eo

267 2154 337 2222 rico
361 2155 393 2214 in
424 2152 644 2227 patrimoniun
666 2168 726 2226 pro
748 2143 921 2210 ,Ordinibus
947 2142 1035 2213 susci·
1069 2144 1240 2224 alatur,&
1256 2166 1323 2212 non
1338 2165 1379 2210 ex
1399 2142 1485 2209 rebus
1498 2148 1657 2222 paternis,
1675 2144 1724 2210 sed
1735 2148 1836 2213 aiiun·

266 2230 409 2314 piendis‚
431 2230 479 2295 vei
497 2226 571 2293 filia
591 2229 622 2290 in
634 2225 762 2304 dotem,
783 2226 833 2291 vei
851 2226 915 2289 filio
934 2227 970 2290 ad
980 2247 1034 2291 nu·
1062 2225 1105 2289 de
1126 2228 1338 2307 negotiatione
1350 2225 1512 2301 lucretur„
1533 2244 1590 2291 nec
1604 2223 1680 2291 desrt
1701 2230 1837 2292 muneri·

266 2315 371 2392 ptias,
391 2330 453 2374 non
473 2324 693 2386 conputantur
719 2310 806 2393 ¹inter
828 2305 909 2370 bona
933 2302 1033 2382 prose·
1066 2304 1121 2370 bus
1135 2303 1194 2370 sibi
1210 2326 1229 2370 a
1248 2323 1340 2382 patre
1356 2302 1545 2384 ..comrniffiu
1567 2305 1689 2371 lucrum
1713 2311 1835 2385 pariter

261 2388 354 2456 diitia
365 2437 375 2468 ,
388 2392 461 2468 quia
477 2388 646 2453 dominium
656 2406 784 2465 equoque
814 2385 891 2449 urile
922 2383 1033 2450 horum
1067 2384 1271 2450 huiuscemodi
1290 2385 1501 2452 adventitium
1514 2387 1597 2464 erit,
1612 2406 1680 2452 >non
1694 2386 1836 2464 proferti-

266 2468 417 2536 bonorum
437 2468 499 2533 adi
523 2465 568 2533 sos
584 2465 718 2545 spedat.
742 2464 807 2544 Ipsa
828 2481 933 2530 tamen
946 2464 1033 2535 ‚bona
1068 2471 1147 2530 tium
1163 2514 1172 2543 ,
1191 2488 1270 2531 cum
1297 2463 1500 2544 proseflitium
1527 2486 1553 2531 a
1584 2470 1726 2542 paternis
1742 2468 1833 2533 ¹bonit
1859 2472 1861 2476 ’

263 2547 473 2626 computanda
499 2491 568 2614 dunt
599 2548 631 2609 in
651 2549 799 2622 portione
834 2544 1030 2635 haereditatis
1066 2548 1231 2623 provenire
1248 2546 1376 2624 debeat,
1396 2566 1457 2610 noo
1478 2567 1519 2610 ex
1534 2566 1622 2611 ruera
1647 2547 1710 2613 filii
1741 2549 1832 2614 indu·

265 2624 410 2693 staternae
430 2649 500 2692 cum
516 2627 582 2692 aliis
604 2624 768 2692 fratribue.
789 2624 862 2688 Dixi
876 2626 929 2705 ista
947 2624 1031 2706 dona,
1058 2623 1161 2690 ¹siria.
1194 2625 1278 2690 Nam
1299 2627 1372 2690 licet
1393 2647 1411 2691 a
1438 2644 1527 2703 patre
1548 2627 1685 2706 alatur,
1725 2648 1835 2693 corre-

265 2727 330 2772 non
346 2705 461 2773 fruetus
480 2727 520 2772 ex
540 2704 607 2784 ipsu
622 2706 709 2770 bonis
729 2707 885 2783 percepti,
900 2704 1030 2786 quiaissi
1059 2704 1081 2765 .s
1096 2705 1192 2770 ondet
1203 2724 1313 2772 tamen
1329 2703 1430 2769 sedula
1452 2708 1630 2769 attentione
1643 2705 1689 2772 ad
1704 2727 1835 2774 munera

267 2788 466 2870 conputapdi
490 2807 553 2851 non
582 2782 651 2849 sunt
676 2789 714 2870 in
735 2785 921 2860 partitione.
944 2783 1030 2846 Bona
1065 2727 1117 2845 ti'bi
1133 2804 1150 2843 a
1167 2800 1254 2859 patre
1262 2783 1422 2850 commissa
1432 2786 1464 2847 in
1480 2782 1624 2863 opificio,
1638 2801 1833 2865 mercatura,

266 2870 397 2945 pariter,
415 2887 484 2948 quae
501 2885 521 2929 a
542 2878 630 2940 patre
651 2862 750 2928 valide
766 2860 832 2925 filio
854 2860 1029 2944 donantur,
1063 2859 1125 2929 &c
1148 2862 1197 2927 sic
1210 2864 1250 2935 J'.
1266 2861 1459 2927 Cuniliatus.

266 2950 449 3024 arentiquam
464 2943 571 3010 deduci
592 2941 701 3008 debent
722 2944 754 3005 in
775 2942 937 3020 portione.
1103 2940 1194 3007 Circa
1213 2941 1291 3007 bona
1322 2959 1447 3023 autem,
1466 2964 1536 3021 quae
1565 2942 1706 3013 exbonit
1721 2960 1833 3025 pater·

357 3027 416 3093 oad
434 3045 509 3092 vero
521 3017 755 3100 difficultatem,
794 3041 838 3086 ua
849 3019 904 3086 ‚hic
921 3042 1029 3087 move·
1063 3023 1130 3099 nia,
1146 3021 1197 3086 vel
1213 3020 1304 3100 ipfius
1322 3025 1416 3100 patris
1429 3026 1559 3088 nornine
1578 3073 1586 3100 ‚
1603 3023 1644 3090 ,ἀ
1665 3024 1833 3092 audiorita·

264 3106 291 3170 ri
309 3102 343 3172 so
354 3126 393 3173 et·
407 3109 488 3172 circa
507 3105 586 3169 bona
601 3124 668 3182 quar
691 3044 905 3166 filiusdamilias
930 3103 1028 3192 lucra·
1061 3118 1094 3165 te
1114 3099 1510 3187 lucraturufiliussamilias,
1529 3121 1603 3179 puta
1617 3102 1698 3170 sabai
1707 3154 1723 3187 ,
1758 3128 1833 3173 cau·

257 3204 318 3250 -tur
337 3190 369 3249 in
388 3204 517 3264 paterna
534 3186 651 3261 domo,
680 3181 827 3247 videlicet
852 3203 927 3245 num
948 3185 1000 3259 ipn
1020 3231 1028 3259 ,
1062 3185 1168 3259 ponis,
1189 3186 1386 3260 mercatoria,
1403 3181 1506 3248 asserit
1525 3183 1665 3249 laudatus
1681 3184 1831 3252 cibariu-

262 3265 313 3328 vei
334 3268 415 3342 patri
436 3265 496 3330 srnt
515 3264 733 3329 adiudicanda.
752 3261 830 3326 Item
850 3264 922 3325 dum
942 3257 1027 3326 labo·
1062 3265 1124 3326 tius
1143 3283 1216 3328 curn
1233 3263 1303 3327 aliis
1324 3265 1480 3340 permultis
1491 3283 1604 3330 contra
1615 3265 1831 3346 Laprnannum

263 3363 314 3410 rat
336 3366 397 3422 prae
407 3347 532 3411 caeteris
556 3344 633 3411 aliis}
652 3342 741 3420 filiis,
763 3364 838 3406 num
859 3338 947 3419 poffit
972 3341 1025 3404 ari·
1060 3340 1095 3407 dt
1115 3340 1307 3406 Cunilr'atum
1318 3341 1421 3407 filium
1440 3348 1488 3408 ius
1512 3343 1679 3409 haberein
1703 3344 1831 3413 huiusce

263 3427 334 3501 quid
352 3425 389 3490 ad
406 3422 499 3489 instar
516 3423 617 3490 salarii
635 3422 686 3488 fibi
706 3422 930 3500 appropriare,
963 3418 1026 3484 sen·
1062 3423 1138 3486 lucri
1161 3438 1298 3501 partem,
1321 3426 1364 3486 ita
1385 3442 1421 3488 ut
1442 3422 1464 3485 sr
1483 3427 1578 3490 etiarn
1600 3445 1643 3489 ex
1670 3443 1759 3492 metu
1781 3446 1831 3492 re·

264 3508 402 3570 tentiarn
426 3504 575 3583 sequendo
597 3501 764 3568 Cabassutii
793 3499 843 3566 lib.
866 3504 895 3563 6.
911 3519 972 3581 cap.
994 3524 1023 3580 4.
1061 3502 1225 3566 verentiali
1239 3503 1391 3566 iussuum
1406 3521 1513 3581 petere
1530 3505 1745 3583 nonaudeat,
1771 3522 1827 3573 aut

260 3582 397 3650 Theoriae
418 3583 478 3651 &c
491 3584 531 3658 ,δι
550 3582 731 3667 Tourneiy,
751 3579 849 3646 dicam
877 3602 904 3643 1.
919 3581 1028 3660 lutra,
1058 3582 1165 3647 videat
1182 3580 1216 3646 se
1228 3579 1386 3660 passurum
1403 3580 1570 3662 repulsam,
1588 3605 1623 3650 ac
1649 3589 1747 3662 patris
1762 3588 1824 3650 'in-

262 3683 331 3738 quae
357 3665 545 3740 proveniunt
570 3683 615 3726 ex
633 3664 775 3739 operibus
795 3660 1026 3742 artificialibus,
1059 3661 1270 3740 dignationem
1289 3682 1436 3742 movere,
1449 3661 1477 3726 sr
1496 3660 1693 3743 reposceret,
1714 3668 1828 3731 necius

260 3740 445 3806 recensenda
476 3741 537 3806 effe
564 3744 646 3805 inter
673 3739 876 3820 adventitia,
904 3740 1026 3813 acideo
1057 3740 1104 3803 ilii
1127 3739 1178 3805 fibi
1194 3746 1255 3806 iam
1266 3746 1555 3821 computatum'iri,
1567 3743 1653 3820 posse
1672 3745 1752 3810 clam
1772 3741 1827 3810 irbi

263 3821 348 3897 posse
369 3820 468 3883 filiurn
490 3818 554 3896 post
572 3821 668 3900 patris
685 3836 818 3882 mortem
838 3840 876 3884 ea
904 3841 1026 3894 recupe-
1059 3820 1207 3885 affuruere
1226 3838 1378 3898 quantum
1398 3819 1434 3886 srt
1456 3822 1527 3887 satis
1544 3823 1586 3888 ad
1601 3822 1828 3902 compensatio·

261 3919 351 3977 rare,
368 3898 501 3964 dedudiis
525 3919 629 3965 tamen
657 3896 821 3979 expensis,
844 3919 912 3975 quae
938 3896 1024 3966 sadiae
1059 3921 1152 3978 nem,
1172 3900 1206 3966 dr
1227 3904 1322 3967 etiam
1340 3905 1472 3983 vivente
1494 3921 1599 3982 patre,
1614 3927 1685 3969 cum
1702 3907 1826 3986 bocge·

261 3977 321 4045 fint
338 4000 355 4042 a
378 3998 464 4056 patre
481 4001 534 4058 pro
551 3979 617 4044 filio
629 3977 766 4055 aiendo,
781 3983 851 4054 quia
863 3996 950 4054 pater
963 4001 1034 4044 non·
1057 4000 1114 4044 nus
1130 3981 1241 4059 peculii
1262 4003 1326 4046 non
1343 3979 1378 4045 srt
1401 3977 1519 4057 prorsus
1535 3982 1763 4064 prosediitium,
1775 3984 1825 4053 sed

258 4058 304 4125 esi
324 4057 478 4140 obligatus
498 4057 582 4126 alere
601 4057 700 4123 filiurn
734 4058 1023 4136 ›quipropriahabet
1058 4062 1243 4138 participans
1251 4059 1351 4151 quoad
1363 4078 1491 4137 paterna
1501 4063 1626 4128 bonade
1642 4061 1812 4141 profeditio

260 4136 342 4209 hona
356 4138 541 4219 castrensia,
562 4158 614 4205 aut
643 4106 726 4216 quasi
756 4134 943 4216 castrensia,
972 4139 1023 4203 vel
1054 4139 1091 4204 ,ἀ
1112 4140 1150 4205 de
1166 4141 1342 4206 adventitio
1363 4145 1483 4208 ratione
1505 4144 1678 4221 industrior,
1699 4144 1824 4219 &labo

260 4214 449 4285 adventitia.
473 4219 513 4286 Et
531 4225 563 4284 in
589 4219 644 4283 hoc
668 4216 805 4285 restatur
831 4222 946 4283 citatus
967 4218 1024 4283 Ca·
1056 4216 1269 4285 ris.1taenim
1294 4219 1452 4291 resolvunt
1475 4222 1824 4302 quihoctenent,dudii

257 4297 407 4364 basiurius
427 4321 532 4365 omnes
551 4302 719 4365 convenire
733 4301 893 4363 unanimes
912 4296 1023 4363 Dodo·
1052 4299 1136 4364 hisce
1151 4322 1214 4364 non
1235 4299 1353 4365 levibus
1361 4302 1534 4366 rationibus
1552 4304 1654 4380 ‚quod
1670 4301 1750 4369 filius
1759 4325 1825 4369 non

259 4377 399 4443 tesauris·
420 4381 522 4460 alege
542 4379 713 4458 penultima
735 4384 761 4444 §.
783 4379 819 4443 de
849 4375 936 4458 obseq.
987 4401 1020 4442 a·
1055 4378 1144 4446 debet
1165 4380 1226 4443 esse
1250 4380 1410 4445 deterioris
1436 4383 1621 4446 conditionis
1646 4404 1742 4460 quarn
1772 4406 1826 4447 ex·

259 4469 333 4521 rent.
349 4458 435 4537 praeb.
455 4460 503 4524 ubi
526 4464 570 4526 ita
588 4455 738 4522 habetur:
764 4457 911 4522 Pietatem
939 4397 1024 4524 rideri
1054 4476 1203 4537 traneus,
1223 4463 1275 4536 qui
1294 4457 1357 4524 sane
1377 4461 1471 4525 dubio
1493 4483 1555 4525 non
1577 4465 1754 4540 privaretur
1772 4463 1825 4528 iii-

257 4537 448 4618 parrnribus,
464 4563 521 4604 non
537 4558 635 4619 operas
657 4536 782 4617 debent,
799 4538 962 4625 dummodo
975 4558 1021 4604 ta·
1056 4540 1183 4615 penaio,
1200 4538 1281 4615 quod
1298 4561 1354 4615 pro
1373 4561 1465 4617 opere
1487 4540 1622 4618 praestiro
1636 4547 1665 4606 ei
1686 4542 1824 4609 iustede·
1870 4568 1873 4577 ¹

257 4638 325 4682 uren
386 4637 489 4684 rentes
506 4640 570 4684 non
588 4636 698 4699 egeant
720 4619 776 4683 tali
792 4619 1021 4698 eiruobquuio,
1054 4619 1163 4695 betur,
1186 4618 1220 4683 ἀ
1240 4619 1320 4695 quod
1341 4642 1405 4685 nou
1424 4638 1571 4684 teneatur
1590 4621 1670 4686 silius
1690 4626 1824 4688 iurena·

257 4699 326 4781 quia
367 4698 422 4783 lius
443 4721 482 4764 ex
503 4702 620 4777 pietate
642 4696 729 4764 debet
749 4694 956 4764 huiuscemodi
966 4699 1020 4763 ob
1056 4717 1134 4763 turae
1157 4719 1210 4774 pro
1231 4716 1319 4774 patre
1339 4721 1400 4765 non
1422 4700 1576 4779 indigente
1594 4702 1742 4767 laborare.
1755 4703 1823 4766 Un·

257 4778 360 4854 requia
373 4782 498 4858 utrique
515 4783 633 4857 parenti
656 4780 823 4858 indigenti,
844 4796 879 4845 ut
901 4781 946 4843 ait
965 4779 1019 4843 Pa·
1053 4779 1090 4840 dc
1119 4775 1175 4840 nist
1202 4777 1285 4844 fiius
1312 4783 1358 4846 ius
1386 4779 1474 4844 suum
1499 4784 1577 4857 patri
1604 4787 1746 4859 gratuito
1767 4784 1824 4846 tri·
1852 4850 1855 4855 ,

258 4866 305 4923 t'er
326 4860 482 4924 Antoine.
1053 4857 1144 4922 buere
1164 4858 1263 4941 velit,
1288 4858 1322 4939 ἀ
1347 4878 1433 4939 pater
1451 4861 1569 4925 nullam
1599 4862 1674 4924 lucri
1701 4877 1821 4938 pattena

294 4937 326 4999 Si
346 4958 422 5005 vtro
442 4937 521 5005 filius
542 4938 670 5007 artificis
690 4942 771 5016 patri
788 4959 914 5017 operam
933 4939 1019 5005 suam
1054 4936 1154 5002 veluti
1173 4930 1328 5005 societatis
1348 4940 1445 5006 titulo
1463 4942 1493 5003 ei
1518 4943 1716 5016 impartiatur
1737 4988 1745 5017 ,
1767 4939 1822 5003 de·

257 5015 371 5084 tribuat
392 5018 500 5098 absque
516 5040 555 5088 eo
571 5021 653 5100 quod
667 5019 761 5086 uilam
781 5040 838 5086 nec
856 5022 952 5086 tacite
962 5038 1019 5087 nec
1052 5015 1150 5084 berei
1174 5016 1418 5111 tanrum'saiarii
1437 5037 1585 5099 quantum
1600 5017 1820 5164 retfwfff‘·

1728 5116 1789 5164 uie
1924 5120 1926 5125 '
