4425 6000
468 514 537 587 τιὸ
700 504 998 584 ‘trienne
1036 508 1497 586 Iutusttrrii&c.
1526 511 1731 585 cinti.

1220 628 1290 674 nem
1311 610 1536 682 admittuntur.
1567 610 1625 675 Sed
1643 609 1683 676 de
1699 610 1745 674 his
1767 608 1841 677 alibi
1861 615 1926 681 iani
1944 615 1990 681 di·

694 693 721 754 5.
761 684 918 754 XXXV.
1219 691 1334 754 ximus.

497 854 545 912 De
563 842 743 938 ertempli'orre
761 866 781 935 ρ
791 841 1039 935 solutioreilrbi'ti
1051 863 1103 924 per
1479 857 1506 918 5.
1551 851 1729 917 XXXVI.

585 923 740 1008 ‘mellum
758 944 792 990 Μ
812 925 1014 1009 R‘hg'mm'
1219 970 1266 1030 De
1289 964 1574 1059 Ιιίτόξτοτίὒτττ,ττιοτττ
1589 970 1741 1037 mulilati's
1758 971 1875 1050 quando
1907 993 1989 1040 att·

457 1087 716 1155 Controvettitur
735 1088 819 1151 inter
839 1084 872 1148 T
874 1083 1019 1165 heologos
1042 1104 1119 1150 num
1139 1087 1184 1151 iu·
1254 1050 1407 1140 mmm?
1426 1064 1597 1140 ‘xlmam
1607 1099 1615 1126 ‘
1631 1047 1674 1141 φ’
1693 1068 1765 1142 m?
1781 1071 1950 1142 “sm“

416 1169 553 1253 gressus,
573 1163 608 1233 ἀ
629 1164 767 1245 professio
787 1165 956 1245 Religionis
976 1164 1015 1230 sir
1032 1160 1184 1233 sufficiens
1337 1128 1758 1213 “l¹⁰‘x¹ml‘²bh“¹¹‘s'”⁰d¹
1769 1130 1885 1197 ωηο·

418 1254 503 1316 tatio
521 1268 590 1327 quae
608 1249 743 1313 eximere
764 1246 870 1313 valeat
897 1245 1077 1315 Debitorem
1096 1266 1114 1312 t
1134 1247 1185 1311 de·
1258 1244 1289 1307 Si
1306 1243 1424 1312 debitor
1446 1248 1483 1312 ad
1506 1248 1687 1313 instantiam
1696 1251 1792 1329 partis
1808 1247 1891 1316 laesae
1907 1272 1987 1317 more

420 1330 488 1397 bito
508 1328 671 1407 reddendi,
691 1324 743 1392 seu
763 1324 901 1392 solvendi
918 1325 1185 1393 debitacoirttadla
1221 1342 1254 1391 re
1274 1323 1450 1406 pleRatur,
1477 1350 1540 1394 non
1561 1329 1673 1393 idcirco
1687 1333 1872 1395 eximuntur
1892 1329 1987 1395 haere·

418 1411 486 1475 sive
504 1428 545 1473 ex
563 1406 821 1487 detitto‚s1veex
830 1407 1007 1480 contradu.
1029 1407 1184 1482 Quocirca
1218 1404 1271 1470 des
1288 1406 1406 1472 illinet
1426 1408 1527 1473 debito
1547 1405 1726 1473 resarciendi
1746 1410 1857 1476 damna
1874 1409 1986 1490 abipso

422 1492 520 1554 variar
540 1492 621 1554 circa
646 1488 702 1553 hoc
719 1485 791 1554 suut
813 1483 997 1556 sentcurioe.
1020 1488 1185 1555 Primaab·
1220 1505 1275 1566 per
1305 1485 1447 1553 desidium
1476 1491 1596 1567 illata,
1622 1506 1658 1555 ut
1686 1489 1776 1554 docet
1803 1491 1894 1570 Lugo
1914 1512 1986 1555 curu

421 1568 520 1635 solute
539 1565 674 1634 affirmat
688 1613 697 1644 ,
709 1584 820 1644 utpote
834 1589 903 1644 quae
922 1565 1059 1633 absolute
1076 1584 1185 1634 teneat
1219 1565 1327 1634 multis
1345 1591 1359 1648 ;
1379 1571 1449 1645 quia
1466 1567 1529 1633 Res
1548 1567 1646 1635 ubliea
1666 1589 1720 1647 ρετ
1748 1567 1897 1634 iuslitiam
1917 1574 1985 1635 rin·

421 1649 531 1714 debitis
547 1666 740 1730 gravatum,
764 1649 817 1727 qui
837 1667 892 1722 pat
915 1666 978 1712 nou
1001 1648 1044 1711 est
1070 1647 1107 1712 ed
1124 1646 1186 1712 sol·
1220 1647 1389 1713 dictitivam
1409 1654 1500 1727 punit
1515 1591 1593 1713 illud
1613 1647 1794 1714 desidiumiu
1808 1651 1985 1727 exemplum

420 1729 556 1796 vendum
576 1725 656 1793 fatti
676 1725 807 1794 cessione
821 1717 989 1807 bonorum,
1004 1747 1072 1805 quae
1095 1728 1184 1792 hebet
1220 1728 1350 1795 aliorum
1372 1730 1411 1794 ob
1438 1728 1591 1810 publicum
1609 1729 1721 1793 bonum
1741 1752 1751 1806 ;
1778 1727 1852 1794 idest
1871 1729 1912 1794 ob
1931 1752 1985 1810 pti·

420 1809 527 1875 slatim
548 1809 663 1887 ingredi
683 1809 765 1885 posse
787 1807 978 1885 Religionem
992 1806 1184 1873 etiamfimii·
1218 1808 1329 1878 blicam
1357 1811 1618 1887 tranquillitatem
1641 1857 1649 1887 ,
1672 1804 1919 1886 subditorumque
1942 1806 1984 1873 se·

419 1890 522 1957 nendo
540 1891 572 1958 iu
594 1885 706 1958 secuto
725 1885 804 1951 esset
825 1886 949 1954 incisu
970 1888 1130 1966 lucrandi,
1149 1887 1184 1956 ἃ
1219 1891 1410 1969 entitatem,
1430 1888 1776 1968 sineptaeiudicioslridii
1792 1891 1885 1967 iuris,
1905 1888 1983 1966 quod

420 1970 629 2038 creditoribus
646 1960 866 2034 satisfaciendi.
897 1967 945 2032 lta
965 1970 995 2031 S.
1020 1967 1133 2032 Thom.
1149 1972 1181 2029 s.
1219 1986 1259 2032 ex
1276 1967 1395 2035 iustitia
1414 1972 1640 2036 commutarint
1660 1967 1773 2033 habent
1794 1967 1983 2034 damnificati

420 2071 450 2122 a.
473 2072 500 2129 q.
519 2048 588 2127 189.
608 2061 666 2113 art.
688 2053 719 2111 6.
741 2048 784 2111 ad
817 2093 825 2110 .
852 2048 883 2111 S.
906 2049 1056 2118 Antonin.
1080 2048 1181 2113 Palud.
1219 2045 1283 2114 sive
1301 2052 1488 2115 creditores.
1512 2048 1606 2125 Qiod
1627 2049 1649 2112 si
1670 2050 1805 2114 haeredes
1832 2068 1897 2114 noo
1920 2052 1983 2118 exi·

418 2133 522 2197 Caitr.
543 2131 577 2194 dt
598 2130 667 2193 iiiii.
689 2062 1016 2223 Secundcmedisvia
1037 2129 1184 2208 procedit,
1219 2145 1294 2209 gant
1325 2128 1604 2212 compensationem
1638 2128 1821 2198 damnorum
1855 2146 1980 2222 propter

415 2209 583 2277 statuendo
602 2229 712 2287 nempe
731 2206 809 2288 quod
833 2205 854 2274 si
883 2207 1004 2273 debitor
1034 2225 1182 2288 gravatus
1219 2230 1287 2287 quae
1305 2210 1521 2276 damnificatur
1544 2208 1737 2289 mittitur,
1765 2207 1920 2287 probabile
1940 2208 1983 2275 esl

418 2290 522 2367 speret
543 2290 694 2358 manendo
711 2292 740 2351 in
756 2287 868 2358 saeculo
880 2288 968 2360 breti
984 2285 1153 2357 soluturum
1175 2338 1184 2365 ,
1218 2310 1288 2356 eam
1308 2288 1389 2367 posse
1402 2292 1526 2367 omitti,-
1542 2294 1615 2370 quia
1636 2289 1681 2353 illi
1699 2293 1749 2355 cui
1767 2292 1880 2353 iniuria
1897 2288 1985 2355 illata

415 2370 543 2435 disserte
563 2370 652 2435 debet
669 2367 784 2449 ingredi
811 2367 1024 2448 Religionem.
1048 2370 1078 2432 Si
1108 2389 1185 2433 vero
1219 2369 1262 2434 esi
1283 2369 1442 2434 censentur
1457 2368 1663 2448 acquiescere,
1677 2369 1713 2436 dt
1729 2368 1922 2435 condonare.
1934 2369 1982 2434 δὴ

424 2449 669 2531 longorempote
683 2450 807 2514 deberet
824 2448 994 2529 expellite,
1019 2447 1183 2524 tuncsadlt
1219 2454 1273 2514 cit·
1296 2452 1383 2528 lugo
1401 2459 1473 2517 ciim
1488 2453 1572 2515 aliis.

418 2534 541 2599 luorum
565 2530 717 2595 bonorum
734 2525 864 2593 cessione
893 2526 997 2593 statim
1021 2528 1107 2607 licite
1139 2532 1183 2592 in·
1260 2530 1545 2598 Exconinunicaito
1560 2532 1747 2608 creditoris,
1768 2529 1819 2595 vel
1838 2526 1983 2594 debitoris

440 2612 503 2677 redi
524 2609 640 2693 pulset.
664 2609 714 2675 Sic
729 2609 810 2674 Less.
834 2608 969 2674 Navarr.
986 2629 1069 2674 cum
1098 2608 1182 2681 iliis,
1219 2630 1257 2677 eo
1272 2612 1343 2687 quia
1364 2631 1428 2674 nori
1451 2610 1542 2677 liceat
1565 2612 1791 2675 communicare
1818 2607 1871 2673 seu
1891 2629 1980 2687 agere

418 2635 534 2762 zsertia
555 2690 698 2768 tendent,
717 2686 751 2757 ἀ
767 2689 832 2752 haec
853 2687 1001 2753 statuitur
1015 2706 1052 2753 ur
1073 2688 1184 2770 probr-
1218 2710 1290 2754 eum
1306 2693 1576 2759 excommunicato
1597 2741 1606 2767 ,
1637 2711 1694 2754 nec
1721 2687 1773 2766 ipsi
1799 2711 1872 2754 cum
1891 2688 1982 2766 aliis,

419 2772 537 2853 bilior,
568 2786 658 2850 negat
679 2766 817 2835 absolute
846 2768 1013 2839 debitorem
1030 2769 1117 2833 licite
1140 2771 1184 2831 in·
1220 2788 1282 2834 non
1303 2768 1570 2835 liberatadebito
1587 2769 1802 2837 restitutionis.
1824 2769 1900 2833 Non
1924 2769 1984 2832 uti·

414 2854 502 2931 gredi
524 2844 606 2930 posse
621 2849 814 2926 Religionem
834 2845 855 2911 si
873 2868 1001 2933 manens
1016 2851 1050 2911 in
1071 2846 1183 2914 surculo
1219 2869 1277 2931 que
1298 2867 1441 2927 exparte
1461 2849 1653 2927 creditoris3
1681 2852 1752 2925 quia
1768 2849 1840 2914 licet
1856 2867 1984 2913 excom·

441 2931 512 2999 ussit
528 2927 648 2996 tametsi
666 2947 718 3009 ρετ
739 2928 861 3007 longum
880 2928 1183 3008 tempusCtedirotes
1217 2930 1377 2994 municato
1386 2929 1554 3008 denegetur
1566 2929 1645 2994 adiio
1655 2928 1842 2995 iudicialiter
1851 2928 1985 3006 petendi,

417 2956 542 3078 lolutos
562 3011 703 3079 reddere.
724 3007 915 3073 Sic-Getson
936 3057 944 3085 ,
976 3009 1009 3074 ὃ(
1029 3030 1098 3073 cum
1119 3006 1184 3085 ipso
1218 3014 1286 3088 cap.
1307 3010 1366 3075 Pia
1385 3007 1810 3088 &excommunicationum
1829 3011 1982 3074 eitameu

412 3091 565 3172 penuulti
586 3090 655 3152 DD.
673 3086 850 3152 Parisienses
871 3090 1013 3167 Henno,
1040 3091 1091 3163 qui
1107 3088 1182 3152 dicit
1220 3092 1367 3167 privatim
1393 3108 1497 3166 petere
1517 3094 1738 3168 permittitur,
1767 3109 1824 3153 nec
1841 3087 1984 3166 prohibe-

420 3165 1182 3246 sentenriamhancapprobatamsuilseaSititoV.
1220 3189 1271 3236 tur
1302 3172 1527 3234 communicare
1561 3192 1631 3234 cum
1655 3171 1722 3232 aliis
1745 3215 1754 3246 ,
1781 3168 1835 3233 ubi
1862 3164 1984 3234 necessi·

421 3249 621 3327 &Gregorio
634 3246 723 3312 Xlll:
749 3251 792 3312 Et
815 3249 955 3334 equidem
986 3265 1021 3311 ur
1045 3244 1183 3318 farentur
1219 3269 1286 3328 tas,
1305 3251 1357 3315 vel
1377 3268 1484 3327 magna
1506 3250 1730 3313 utilitisidexi
1770 3266 1802 3326 t,
1821 3265 1983 3327 uteircap.

425 3329 479 3409 ipsi
501 3328 663 3395 adversarii
686 3347 747 3392 non
772 3324 913 3395 facienda
940 3330 1007 3391 lunt
1036 3328 1117 3391 mala
1146 3346 1182 3392 ut
1219 3328 1355 3410 quoniam
1372 3326 1502 3408 multis,
1521 3327 1555 3394 dt
1570 3328 1660 3395 fieuti
1675 3332 1704 3394 ci
1715 3329 1735 3391 li
1775 3349 1843 3392 turn
1863 3324 1908 3391 est
1927 3347 1984 3393 ex·

420 3413 572 3476 evenient
591 3408 689 3478 bont·
712 3415 779 3486 Cap.
801 3410 894 3486 siper
912 3429 945 3473 eo
960 3431 988 3488 4.
1004 3408 1041 3472 de
1058 3405 1182 3487 Usurt's.
1219 3408 1449 3477 communicato
1463 3413 1686 3474 communicate
1705 3429 1776 3473 cum
1790 3404 1986 3484 domesticis,

422 3489 512 3557 Unde
539 3510 611 3559 cunr
636 3491 881 3569 pretermittere
906 3488 1042 3554 debitum
1066 3487 1184 3554 srrisfa·
1219 3496 1263 3556 ira
1279 3494 1374 3556 etiam
1393 3510 1463 3554 cum
1481 3487 1692 3569 debitoribur3
1719 3488 1753 3553 ἀ
1782 3488 1853 3552 ideo
1870 3505 1932 3567 cap
1952 3486 1985 3553 Si

421 3573 530 3637 ilionis
555 3567 672 3639 malum
700 3565 737 3636 fit
761 3584 871 3646 utpote
897 3571 954 3648 legi
973 3571 1111 3637 naturali
1131 3590 1184 3648 ορ·
1218 3590 1290 3638 vere
1304 3575 1332 3635 ei
1352 3571 1546 3648 permittitur
1562 3570 1736 3646 absolvere,
1752 3567 1804 3632 seu
1824 3565 1983 3633 consumt-

421 3653 571 3731 positum,
585 3649 704 3714 debitor
720 3648 810 3725 plane
830 3669 996 3727 antequam
1012 3648 1114 3715 debita
1126 3650 1184 3731 sol·
1219 3672 1252 3717 te
1267 3647 1440 3715 contraditis
1468 3648 1645 3714 inchoatos.
1674 3649 1786 3725 Quoad
1811 3645 1987 3713 debitorem

420 3750 478 3798 vat
501 3733 586 3795 licite
595 3728 906 3809 Religionemingredi
923 3734 1050 3805 nequit.
1071 3729 1184 3812 lngres·
1219 3733 1333 3810 paritet
1346 3749 1466 3795 certum
1481 3728 1524 3794 est
1541 3730 1733 3793 nonliberari
1749 3724 1985 3808 percensuram,

418 3811 468 3876 sus
487 3812 568 3875 enim
589 3810 758 3888 Religionis
780 3807 823 3872 eil
841 3829 964 3875 tautum
979 3808 1114 3886 confilii,
1131 3810 1184 3875 ob·
1215 3832 1278 3888 ‘qut
1299 3811 1464 3877 innodetur
1480 3831 1498 3874 a
1514 3807 1718 3877 restitutionis
1737 3808 1863 3881 debito,
1888 3807 1985 3872 ittde·

420 3893 530 3969 ligatio
558 3910 634 3954 vero
662 3888 801 3958 solvendi
831 3889 933 3956 debita
957 3889 1001 3953 est
1029 3892 1104 3954 iuris
1133 3887 1185 3952 seu
1218 3891 1398 3969 finitutciip.
1410 3892 1437 3970 Ji
1456 3909 1544 3954 uere.
1575 3888 1615 3953 Et
1633 3890 1715 3954 tatio
1732 3887 1805 3963 esi,
1838 3889 1913 3963 quii
1932 3887 1985 3950 de·

343 3988 345 3992 ’
419 3973 566 4051 praeeepti
587 3970 756 4036 naturalis.
772 3969 857 4034 Hinc
877 3971 982 4035 Sititus
992 3970 1030 4032 V.
1051 3968 1183 4035 Constit.
1214 3972 1300 4041 bitot
1317 3978 1382 4051 cogi
1402 3972 1498 4045 potest
1515 3990 1567 4043 pet
1585 3963 1986 4051 excommunicationemad

349 4099 351 4102 Α
421 4070 490 4128 quae
511 4050 620 4126 incipit
639 4052 715 4119 Crini
734 4050 770 4113 de
788 4049 921 4113 omnihus
939 4049 1075 4126 expresse
1095 4068 1185 4125 vetit
1218 4053 1357 4116 debitum
1385 4048 1585 4113 solvendum.
1615 4047 1911 4130 Excomruiinicatio
1935 4048 1986 4126 igi·

422 4150 464 4198 ne
482 4130 594 4201 debitis
622 4132 773 4206 gravati,
801 4128 836 4198 dt
864 4132 1030 4200 ratiociniis
1059 4128 1186 4212 obligati
1221 4151 1273 4195 tur
1292 4151 1362 4195 eum
1383 4152 1400 4194 a
1422 4129 1476 4193 tali
1498 4125 1987 4216 onerenontibeiir41dd3co

422 4207 598 4290 priusquam
616 4207 718 4276 debita
738 4207 907 4287 solverint,
926 4210 995 4276 &a
1014 4211 1186 4281 ratiociniis
1220 4213 1332 4278 dicitur
1347 4213 1444 4273 etiam
1463 4208 1535 4285 cip.
1555 4207 1758 4272 intelleximus
1785 4206 1826 4274 de
1845 4205 1987 4278 sicilicus,

420 4291 641 4367 expediantur,
657 4287 766 4367 poffinr
788 4292 976 4379 Religionem
996 4291 1133 4370 ingredi,
1153 4290 1186 4355 dt
1220 4293 1298 4366 quod
1334 4291 1616 4354 excommunicatus
1646 4292 1679 4348 in
1704 4286 1818 4349 iudicio
1845 4305 1985 4348 couven-

422 4395 442 4438 a
459 4368 670 4449 Superioribus
690 4369 813 4435 admitti
846 4371 897 4435 sub
924 4391 1017 4447 prena
1037 4374 1187 4447 privatio·
1222 4388 1271 4437 tus
1287 4386 1430 4435 teneatur
1446 4388 1500 4446 per
1509 4384 1739 4445 procuratorem
1755 4365 1792 4429 ad
1807 4383 1987 4457 comparen-

423 4453 470 4517 nis
489 4452 577 4515 vocis
596 4446 704 4515 adilvae
726 4499 743 4526 ,
763 4450 797 4516 dt
815 4451 965 4528 passivae,
995 4450 1030 4514 dt
1049 4455 1186 4520 omnium
1221 4452 1315 4525 dum,
1357 4449 1437 4512 unde
1467 4467 1520 4523 ρετ
1551 4444 1643 4511 istum
1669 4464 1788 4523 quoque
1812 4439 1988 4510 sursfoeeie

421 4528 610 4608 officiorum,
632 4550 667 4593 ac
687 4530 893 4612 dignitatum,
909 4529 943 4595 dt
961 4548 1118 4606 perpetuae
1139 4533 1185 4592 in·
1222 4529 1337 4608 potest,
1355 4529 1389 4594 dt
1405 4525 1512 4598 debet.

422 4608 594 4676 litbilitatis
615 4609 651 4673 ad
671 4610 723 4676 ilia
743 4631 779 4675 ac
796 4611 834 4673 ad
850 4611 1121 4686 aliaqiiaecunrque
1141 4630 1185 4671 re
1728 4676 1731 4682 ,

406 4688 520 4770 speetu
540 4691 755 4785 dispersorum,
771 4694 821 4766 qui
839 4691 907 4753 illos
927 4688 963 4758 ad
976 4687 1132 4783 habitum,
1150 4688 1184 4757 dt
1462 4695 1489 4754 S.
1536 4684 1743 4755 xxxvtt.
1808 4715 1810 4718 ·

422 4767 834 4915 trististristis
844 4768 1184 4941 situdinis
1219 4813 1266 4873 »e
1284 4804 1379 4871 ru
1400 4801 1752 4967 regggngqs
1769 4801 1848 4882 ui
1864 4795 1985 4867 iim,

423 4932 485 5004 rit,
506 4951 568 4993 non
584 4929 706 4994 abstulit
727 4942 830 4994 tamen
858 4926 1123 5006 prohibitionem,
1151 4927 1184 4994 dt
1698 4925 1710 4950 ⁸
1750 4928 1759 4945 ⁶
1966 4993 1973 5008 ‚

427 5029 536 5089 poenas
561 5032 570 5084 3
601 5010 682 5072 unde
699 5007 820 5072 tametsi
838 5007 916 5070 tales
934 5006 1085 5070 debitores
1106 5008 1185 5072 vali·
1261 5004 1347 5069 Mors
1366 5005 1560 5080 creditoris,
1583 5005 1636 5068 cui
1652 4998 1792 5067 facienda
1815 5014 1885 5065 etat
1902 4991 1986 5062 resti·

422 5089 479 5167 de,
495 5088 603 5155 illicite
620 5107 724 5156 tamen
740 5087 779 5152 ad
798 5086 937 5154 habitum
952 5133 963 5165 ,
978 5085 1013 5152 dt
1028 5084 1194 5165 professio.
1221 5086 1324 5165 tutio,
1343 5105 1407 5154 uon
1425 5086 1551 5155 ericiisat
1567 5084 1738 5339 debijirtm
1757 5101 1776 5148 a
1798 5079 1855 5147 tali
1873 5076 1987 5226 (llll-'⁸⁸'
