4425 6000
397 515 454 594 qo
628 493 932 569 Turonos
973 491 1331 569 Inlustrata
1362 491 1663 567 &acinis

349 635 353 651 .
389 599 455 675 Qui
471 613 549 661 vero
569 613 625 657 nec
641 593 777 670 expresse
794 613 850 658 nec
867 588 1055 656 taciteiussit
1072 590 1120 656 al·
1156 594 1247 658 noxia
1264 589 1323 657 dte.
1347 593 1391 655 ita
1409 610 1443 656 ut
1463 612 1538 656 ante
1561 594 1784 659 executionem
1804 595 1920 663 consilii

350 683 448 745 tetius
479 675 642 751 damnum,
672 671 793 741 tametsi
822 691 924 747 ratum
945 671 1057 735 habeat
1086 670 1122 733 il·
1157 675 1273 750 aperiat
1292 670 1448 735 consulens
1467 676 1496 735 ei
1521 677 1570 737 cui
1600 676 1645 738 ita
1671 675 1826 742 consuluit
1843 676 1921 743 eius·

353 760 404 826 lud
419 807 428 837 ,
442 756 513 820 dnm
534 751 643 820 sallum
659 755 703 820 ess
723 754 932 830 nonomine,
949 773 1009 815 non
1019 749 1121 827 ¹fitob-
1154 752 1224 823 dem
1240 752 1359 818 consilii
1376 746 1539 816 salsitatem
1557 802 1566 830 ,
1596 755 1716 819 tametsi
1737 778 1799 820 non
1813 760 1922 822 audia-

350 835 656 907 noxiiiireslitiitioni
671 854 708 905 ,ut
720 830 1120 905 communitettenentDD.
1158 849 1236 909 tur,
1259 832 1405 917 liberatur
1426 854 1444 896 a
1463 834 1567 897 debito
1590 834 1818 916 rellitntionis;
1850 844 1922 915 qiiia

350 923 425 998 quia
445 917 524 993 quod
544 914 587 978 est
605 913 826 991 polleriuinon
847 909 1122 989 potelleslecaulsa
1156 930 1234 1001 tune
1260 912 1422 975 consulens
1453 932 1601 977 revocans
1628 916 1734 979 datum
1763 918 1922 982 consilium

352 998 485 1063 influens
500 995 667 1071 efficaciter
680 989 1026 1073 praeeedentiiclseslna‚
1042 993 1124 1056 idco·
1156 993 1332 1056 consuendo
1347 989 1376 1055 se
1394 991 1481 1056 fuisse
1499 994 1662 1069 deceptum
1678 995 1846 1061 efficaciter
1864 997 1922 1061 tol-

350 1100 412 1157 que
428 1098 489 1141 non
505 1075 601 1154 potesl
623 1074 684 1139 esse
699 1072 801 1154 caussa
817 1074 898 1137 illius
910 1073 1033 1138 damni.
1055 1071 1123 1135 Nec
1158 1072 1195 1137 lit
1213 1090 1311 1136 totam
1331 1073 1463 1139 caussam
1478 1094 1568 1146 quam
1589 1074 1672 1137 dedit
1689 1096 1742 1152 pro
1757 1076 1869 1140 damno
1878 1082 1923 1140 in·

349 1158 450 1223 officit
471 1161 502 1219 in
522 1154 592 1220 casu
617 1154 720 1220 noslto
741 1155 857 1232 Regula
875 1172 919 1215 io.
942 1155 1013 1217 iuris
1032 1155 1063 1216 in
1092 1155 1122 1216 6.
1159 1148 1297 1217 serendo.
1316 1150 1457 1229 Idemque
1477 1153 1574 1216 dicito
1593 1153 1630 1217 de
1649 1174 1689 1218 eo
1712 1160 1763 1231 qui
1785 1157 1922 1233 precibus

350 1257 463 1314 nempe
483 1233 720 1313 ¹riiii'liabiu'cmcm
735 1231 927 1312 retrotrahai,
946 1231 986 1300 (a
1002 1232 1125 1296 manda·
1155 1231 1311 1297 blanditiis
1333 1230 1476 1309 promissis
1485 1233 1522 1295 ad
1538 1234 1923 1304 damnificanduminduxie

354 1333 384 1386 io
401 1316 563 1396 ‘conparari'
581 1339 590 1392 3
621 1320 692 1392 quia
719 1316 786 1387 haec
804 1314 905 1391 regula
927 1312 1125 1392 intelligenda
1157 1312 1276 1389 quando
1291 1329 1365 1377 ante
1381 1317 1597 1376 executionem
1611 1312 1776 1379 ostenderit
1797 1314 1849 1379 sibi
1867 1318 1924 1385 hot

352 1395 396 1463 cll
418 1395 584 1474 prasertim
598 1398 636 1469 de
663 1391 885 1472 contrafiibus,
902 1398 955 1471 qui
980 1393 1124 1460 celebrati
1156 1393 1333 1471 displicere,
1356 1390 1538 1468 propositum
1557 1410 1706 1471 mutare,
1732 1397 1924 1473 repromisse

351 1482 478 1543 nomine
497 1478 623 1540 alterins
645 1475 828 1550 nescientis,
846 1472 887 1538 &³
910 1473 947 1538 ab
960 1476 1025 1537 eius
1052 1494 1126 1544 ,con-
1157 1492 1303 1538 revocare
1323 1498 1333 1535 .·
1361 1477 1432 1549 qnia
1453 1476 1497 1536 ita
1519 1493 1582 1537 non
1609 1473 1651 1536 eli
1673 1476 1801 1550 amplius
1820 1477 1922 1542 caussa

352 1556 440 1626 sensti
464 1555 673 1635 dependentes
694 1552 893 1631 subsequente
917 1552 1125 1619 ratificatione
1158 1552 1415 1627 damnificationis
1444 1552 1545 1629 possea
1571 1553 1669 1618 illatae
1697 1554 1815 1619 etiamsi
1844 1557 1923 1620 aleet

351 1634 602 1712 confirmantur.
637 1634 831 1701 Ratihibitio
858 1651 1053 1710 eomparatur
1077 1651 1124 1695 et·
1159 1633 1258 1697 adhuc
1293 1652 1401 1696 contra
1436 1636 1665 1699 revocationem
1704 1654 1792 1713 agere
1817 1636 1922 1711 velit,

352 1717 416 1781 iarn
436 1716 581 1779 mandato
594 1765 603 1795 ,
616 1710 717 1792 quoad
736 1715 876 1791 culpam,
892 1715 926 1780 ἀ
943 1715 1123 1788 etiamquo·
1159 1731 1233 1777 tunc
1252 1716 1334 1777 enini
1350 1714 1399 1776 liic
1414 1712 1464 1776 sua
1483 1712 1648 1777 dumtaxat
1668 1714 1850 1777 militiavel
1864 1717 1924 1790 pri·

353 1796 392 1861 ad
414 1800 648 1873 poenasiniure
668 1795 1124 1872 expressai,·nonauteniquo-
1160 1813 1235 1857 vata
1268 1791 1319 1857 sua
1339 1794 1483 1869 opinione
1509 1793 1544 1855 ad
1571 1797 1786 1857 executionem
1814 1813 1923 1858 move·

353 1876 391 1941 ad
417 1875 554 1939 debitum
583 1875 760 1951 ressitiiendi
780 1876 876 1958 ,quia
897 1873 962 1939 haec
982 1870 1123 1951 supponit
1159 1892 1230 1938 tiir.
1254 1874 1345 1949 Qiod
1363 1871 1382 1933 si
1400 1891 1418 1935 e
1439 1890 1546 1937 contra
1566 1871 1725 1936 consuleris
1751 1871 1836 1936 suum
1853 1894 1924 1937 eon·

352 1954 578 2022 caussalitatem
595 1959 626 2018 in
646 1953 801 2018 debitore.
1159 1952 1257 2015 silium
1273 1952 1432 2029 praebendo
1449 1951 1637 2028 proposuerit
1660 1952 1922 2017 damnificationit

393 2033 544 2102 Mandant
565 2056 625 2097 non
655 2032 803 2113 liberatur
828 2034 865 2097 ab
890 2055 985 2099 onere
1000 2030 1124 2096 tillitu-
1159 2030 1562 2109 sacilitatem‚utilitatem,
1579 2030 1822 2111 deleslationem,
1841 2029 1924 2097 secti·

353 2117 448 2179 tionis
466 2114 536 2178 lieet
553 2113 574 2177 si
592 2111 653 2191 ipse
675 2134 735 2179 non
759 2112 884 2180 iiiffisset
907 2114 1053 2189 damnum
1079 2115 1123 2173 in·
1159 2120 1311 2190 ritatem,
1333 2111 1369 2178 dt
1386 2110 1581 2190 huiusmodi,
1612 2130 1686 2175 tunc
1707 2113 1779 2176 licet
1797 2127 1922 2177 revocet

353 2191 539 2279 serendum,
563 2196 642 2274 alter
668 2193 873 2273 nihilominus.
894 2196 959 2259 tale
979 2195 1122 2259 damnum
1157 2192 1316 2258 eonsilium
1332 2211 1496 2267 antequam
1509 2193 1688 2257 executioni
1713 2193 1879 2256 mandetur
1901 2189 1924 2253 si

354 2274 515 2357 intulisset,
525 2295 633 2351 nempe
645 2275 1123 2339 aliusiamdomumCaroliconi·
1157 2272 1312 2338 consultus
1329 2293 1345 2334 a
1363 2275 1417 2335 tali
1437 2271 1486 2334 fibi
1510 2272 1665 2348 utilitate,
1685 2267 1841 2335 facilitate
1860 2270 1924 2337 &c-

351 2351 487 2421 bussisset
503 2352 619 2419 etiamsi
638 2373 672 2419 tu
693 2374 754 2416 non
775 2353 899 2419 iussisses
923 2374 979 2418 tuo
1008 2353 1124 2420 samolo
1159 2372 1250 2416 antea
1272 2349 1323 2414 sibi
1341 2349 1500 2429 propositis
1523 2373 1539 2416 a
1568 2350 1772 2423 consulente,
1796 2369 1927 2429 motus,

353 2449 392 2497 ut
409 2434 530 2496 domum
558 2435 639 2497 illam
662 2434 874 2514 combureret.
895 2436 979 2511 Qiia
1001 2435 1121 2498 tametsi
1157 2431 1191 2497 dt
1211 2430 1353 2510 impulsus
1369 2431 1466 2494 adhuc
1481 2450 1626 2507 operetur
1640 2479 1648 2507 ,
1664 2453 1700 2495 ac
1714 2432 1862 2495 damnum
1878 2435 1927 2493 in·

354 2532 416 2575 non
438 2512 610 2577 mandando
630 2509 733 2593 inserti
756 2516 819 2592 tale
834 2514 998 2589 damnum,
1021 2515 1123 2578 liocil·
1158 2511 1238 2576 serat
1260 2532 1320 2575 nori
1337 2513 1482 2574 eximitur
1497 2506 1656 2575 consulens
1681 2511 1818 2574 adebito
1841 2509 1925 2574 relli-

353 2590 452 2655 latnm
473 2590 592 2669 suisset3
614 2615 685 2657 cum
701 2615 756 2663 tiio
775 2595 923 2663 mandato
952 2614 1023 2657 vere
1057 2593 1124 2657 effi·
1159 2594 1264 2655 tuendi
1285 2614 1295 2667 ;
1318 2595 1390 2668 quia
1408 2609 1482 2654 tunc
1503 2591 1557 2654 illa
1580 2587 1714 2655 facilitas
1735 2639 1743 2665 ,
1771 2590 1925 2667 utilitas,

354 2674 472 2737 caciter
490 2677 520 2737 in
538 2675 600 2736 tale
621 2674 766 2746 damnum
787 2670 952 2756 influxisti,
972 2673 1122 2752 acproin·
1158 2668 1320 2735 deledlatio
1335 2693 1426 2746 quarn
1447 2671 1599 2747 proposuit
1628 2691 1662 2734 ac
1695 2671 1799 2733 docuit
1815 2667 1927 2733 consu·

278 2787 281 2796 ·
355 2750 392 2813 de
415 2751 467 2821 tibi
486 2756 765 2829 tamquanicauslae
786 2752 931 2826 efficienti
959 2753 1000 2816 ess
1030 2758 1123 2829 impii·
1158 2752 1222 2821 ,lens
1249 2748 1398 2814 resultare
1423 2770 1461 2811 ex
1486 2751 1539 2812 illo
1561 2769 1653 2826 opere
1679 2768 1714 2812 iit
1742 2768 1850 2813 revera
1878 2768 1926 2811 re·

355 2830 502 2907 tandum3
526 2841 597 2908 quia
614 2833 650 2913 ad
674 2836 807 2894 caussam
834 2830 986 2902 efficacem
1010 2830 1121 2896 sufficit
1159 2829 1274 2911 sultat,
1294 2829 1484 2907 prosequitur
1501 2830 1598 2892 adhuc
1616 2825 1925 2893 niovereconsultum

356 2908 596 2992 verusinfluxus
632 2934 686 2978 nec
709 2910 751 2974 est
773 2912 891 2975 necesse
907 2912 985 2988 quod
996 2910 1057 2979 sine
1070 2916 1121 2993 illa
1156 2911 1195 2988 ad
1219 2911 1301 2974 illius
1326 2916 1424 2986 operis
1445 2913 1660 2975 executionem
1693 2928 1754 2971 non
1783 2906 1925 2971 obstante

354 2988 498 3061 damnum
519 3014 580 3056 non
596 2961 698 3074 suisset
711 2993 902 3076 catillatum,
1158 2994 1360 3070 reputatione
1380 2985 1576 3083 eidemsasia
1600 3011 1618 3052 a
1645 2984 1825 3052 consulente
1847 3035 1856 3065 ,
1886 3007 1924 3050 ac

615 3116 662 3179 ve
679 3107 865 3197 anm.
1159 3068 1923 3214 irrisuri‘0illiliilirirlruat

393 3218 565 3286 Consulens
581 3226 605 3286 ir
621 3225 750 3303 dicitur,
766 3228 815 3301 qui
836 3223 982 3301 consilio,
998 3226 1048 3290 vel
1059 3248 1124 3303 pre·
1158 3226 1269 3313 noxius
1280 3197 1486 3308 restitutioni.
1507 3229 1555 3292 Sic
1564 3232 1764 3293 communiter
1772 3226 1841 3290 Du.
1850 3246 1925 3290 con·

357 3300 458 3376 cibus,
474 3302 641 3387 promisfis,
657 3303 808 3387 suasione,
824 3305 1042 3369 exhortatione
1058 3329 1122 3370 mo·
1160 3331 1208 3374 tra
1229 3330 1339 3387 paucos
1355 3312 1406 3385 qui
1431 3312 1621 3372 contrarium
1640 3306 1675 3372 dt
1696 3310 1796 3383 minus
1819 3305 1926 3382 pratia·

357 3384 427 3445 tiva
451 3379 664 3460 suggerendo,
699 3384 881 3451 facilitatem
911 3386 1124 3465 ostendendo,
1159 3391 1260 3455 biliter
1276 3391 1433 3452 sentiunt.
1458 3387 1571 3451 Idcirco
1597 3386 1618 3449 li
1637 3387 1785 3466 mandans
1805 3385 1926 3449 iussioni

355 3461 425 3553 &⁶1
435 3461 567 3544 aliquem
588 3463 624 3526 ad
646 3467 773 3546 alterins
789 3465 1123 3546 damnificationemin·
1160 3471 1254 3536 talem
1270 3469 1417 3546 addiderit
1446 3466 1607 3539 consilium
1630 3516 1638 3544 ,
1660 3469 1757 3530 etiam
1776 3480 1925 3540 reuocato

355 3540 458 3620 ducit,
486 3543 548 3621 Hie
566 3539 697 3624 profesio
716 3593 738 3632 ³.
754 3543 829 3608 sicut
849 3551 1051 3610 communiter
1071 3547 1124 3610 do÷
1158 3550 1303 3614 mandato
1320 3546 1477 3622 tenebitur
1493 3553 1612 3611 ratione
1629 3543 1832 3625 huiuscemodi
1851 3565 1924 3609 con·

357 3637 430 3687 cent
453 3618 624 3709 Theologi,
639 3646 707 3687 cuni
723 3628 776 3695 luo
796 3625 969 3700 consilio&
987 3624 1124 3692 suasione
1159 3629 1214 3693 lilii
1228 3629 1372 3693 damnum
1387 3628 1512 3692 illatum
1527 3648 1545 3691 a
1560 3626 1702 3691 consulto
1721 3622 1884 3689 resarcire.

358 3698 395 3795 sit
414 3696 523 3792 essicaii
543 3705 667 3768 moralis
688 3705 787 3770 caussa
817 3705 938 3769 alterius
956 3707 1057 3783 damni
1079 3709 1124 3769 in·
1197 3710 1265 3773 Nec
1286 3710 1373 3774 valet
1394 3710 1494 3772 dicere
1515 3708 1593 3784 qnod
1603 3705 1691 3791 sicuti
1709 3705 1856 3768 mandans
1874 3723 1925 3780 per

357 3777 435 3872 rusie
450 3779 529 3846 illati
540 3831 548 3857 ,
571 3785 634 3863 tale
650 3786 794 3849 damnum
816 3784 958 3851 resarcire
977 3804 1121 3851 tenetur.
1159 3792 1388 3854 revocationem
1405 3788 1447 3851 siii'
1469 3787 1605 3851 mandati
1627 3788 1703 3849 serio
1722 3784 1756 3849 dt
1774 3783 1924 3849 sufficiens

357 3855 445 3951 Hinc
466 3858 662 3931 lnntxentius
683 3865 737 3928 Xl.
761 3868 838 3929 lianc
869 3864 1036 3944 proscripsit
1054 3886 1122 3943 pro·
1160 3890 1206 3933 ter
1225 3866 1336 3933 fallam
1360 3870 1556 3933 mandatario
1581 3868 1728 3930 eximitur
1756 3865 1831 3928 licet
1852 3882 1924 3926 exe·

359 3936 537 4030 positionem
564 3964 593 4004 n.
615 3958 662 4021 39.
688 3946 751 4026 Qui
769 3946 862 4008 aliirm
883 3959 999 4021 munet,
1019 3945 1059 4012 (5
1079 3946 1123 4008 in·
1157 3968 1248 4014 cutor
1265 3951 1408 4013 damnum
1429 3948 1526 4010 adhuc
1546 3942 1683 4022 inserat,
1706 3946 1743 4008 ab
1762 3945 1925 4022 obligatio·

360 4019 443 4082 ducit
456 4019 498 4094 ad
510 4020 698 4110 perferendum
714 4045 809 4104 graue
824 4026 967 4089 damnum
976 4025 1061 4099 tertio
1069 4049 1124 4092 non
1158 4050 1196 4093 ne
1216 4028 1392 4093 restituendi
1412 4027 1538 4103 protasi
1555 4028 1691 4104 damno,
1715 4028 1757 4087 ita
1776 4022 1925 4108 tetradia-

359 4100 534 4182 teneiurad
552 4105 759 4184 restitutionem
775 4108 877 4185 damin
893 4105 993 4169 illati.
1012 4106 1122 4184 §ipsu-
1158 4108 1407 4179 tionemconfilii
1432 4106 1561 4170 liberare
1589 4106 1695 4169 debere
1726 4103 1763 4167 ab
1788 4103 1924 4167 huiusce·

358 4196 406 4241 res
432 4198 508 4242 vero
537 4177 595 4245 sint
624 4184 843 4261 consulentes,
865 4207 936 4249 cum
959 4185 1075 4251 omnei'
1091 4192 1122 4269 iti
1157 4191 1237 4268 modi
1256 4208 1351 4254 onere
1371 4237 1380 4267 ,
1404 4184 1613 4265 consulentem
1635 4180 1767 4258 cuiusvis
1794 4185 1924 4246 rationii

357 4257 503 4350 damnum
525 4257 659 4325 influant
677 4261 781 4340 singuli
806 4283 954 4329 tenentur
974 4285 1013 4328 ex
1032 4288 1123 4345 aequo
1158 4273 1194 4334 lit
1221 4269 1379 4344 consilinm
1408 4266 1488 4345 quod
1514 4267 1662 4329 dederit:
1687 4264 1750 4326 lata
1776 4261 1923 4325 enimest

359 4335 397 4401 ad
409 4335 653 4429 rellitiitionem.
672 4342 814 4422 Idemque
830 4347 924 4409 dicito
940 4346 977 4407 de
989 4346 1122 4428 pluribus
1156 4343 1314 4427 disparitas
1329 4352 1412 4422 inter
1427 4347 1625 4411 mandantem
1651 4343 1685 4409 ὰ
1710 4343 1924 4406 consulentem

359 4417 595 4509 maildssssllbus,
612 4422 662 4483 seu
682 4423 868 4507 iubentibus,
1108 4426 1113 4433 ⁴
1156 4453 1225 4508 cum
1241 4429 1449 4507 propositione
1464 4428 1633 4505 utilitatis,
1654 4425 1872 4488 Mandatarius
1892 4439 1924 4484 e-

309 4537 312 4547 ,
399 4495 430 4557 Si
459 4495 619 4566 consulens
649 4520 815 4577 antequam
844 4505 930 4569 suum
962 4507 1121 4571 consilium
1157 4516 1220 4573 nim
1240 4531 1300 4574 non
1322 4514 1384 4586 agit
1406 4504 1925 4584 suonomine‚sednomineman·

358 4573 495 4652 malum,
511 4600 545 4641 ὃ(
561 4578 826 4665 damnificativum
835 4586 883 4667 seii
893 4590 1039 4653 nocivum
1049 4608 1121 4652 con·
1156 4593 1255 4654 dantis
1276 4639 1284 4666 ,
1314 4591 1429 4652 idcirco
1450 4606 1597 4651 revocata
1621 4583 1749 4648 iussione
1777 4582 1923 4646 mandans

359 4651 456 4747 soltus
475 4676 646 4750 exequatur
666 4661 807 4746 retiaslct
828 4714 837 4742 ,
861 4667 1023 4748 dummodo
1048 4688 1121 4732 con·
1157 4692 1218 4734 non
1241 4665 1483 4747 ampliosinfluit
1503 4671 1536 4729 in
1549 4667 1697 4730 astionem
1718 4662 1922 4726 mandatarii.

359 4731 536 4798 siliumnon
554 4739 728 4815 consliterit
748 4748 780 4805 in
811 4743 982 4827 oslenfione
1002 4750 1120 4827 utilita·
1155 4748 1320 4821 Consulens
1338 4769 1413 4813 vero
1444 4770 1505 4811 nori
1526 4751 1588 4826 agit
1616 4744 1799 4813 consultoris
1826 4743 1924 4804 nomi·

359 4829 399 4878 ⁸¹⁸
431 4830 509 4909 ,Μ
525 4816 733 4890 dd‘fla‘fl'flis
757 4824 826 4887 inde
852 4828 1051 4908 Wsipienda:
1069 4829 1120 4891 vel
1157 4851 1211 4906 ne,
1230 4826 1278 4900 sed
1296 4833 1418 4908 proprio
1433 4829 1473 4901 nb
1488 4833 1642 4903 motivum
1656 4825 1822 4896 utilitatis,
1837 4843 1924 4884 com·

355 4861 437 4958 ¹³⁰5*
459 4902 626 4990 ellssslussssdi
639 4949 649 4979 ,
663 4899 712 4965 sed
733 4905 764 4964 in
782 4904 857 4985 ¹assai
887 4905 1023 4974 dotltina
1040 4931 1071 4975 v.
1092 4931 1119 4987 g.
1156 4910 1234 4976 modi
1251 4908 1312 4973 &o
1331 4931 1349 4973 a
1365 4906 1542 4973 consulente
1564 4912 1595 4969 in
1617 4905 1733 4968 aslione
1755 4901 1864 4965 iniussa
1877 4897 1893 4963 s
1907 4927 1924 4949 ·

353 4973 434 5068 quod
454 4977 525 5040 talia
540 4979 714 5045 contradus
735 4987 810 5048 eslet
826 4984 928 5050 licitus
948 5036 956 5064 ,
986 4987 1057 5051 dum
1077 4988 1120 5052 est
1155 4989 1261 5056 cienda
1275 4987 1326 5052 sibi
1349 4987 1560 5067 propositum,
1587 5006 1659 5063 puta
1677 5000 1800 5062 propter
1819 4978 1923 5059 fugam

355 5050 509 5138 illicitur,
541 5060 612 5126 talia
628 5063 778 5131 medicina
803 5063 954 5147 salubria,
979 5068 1051 5135 dum
1075 5069 1118 5136 esl
1156 5066 1292 5138 infamio
1320 5072 1353 5134 in
1374 5068 1508 5137 vindicta
1523 5067 1700 5146 patranda,
1727 5066 1760 5128 in
1780 5059 1924 5208 {onsulto

428 5199 434 5208 ¹
1803 5162 1884 5208 omi·
