<?xml version="1.0" encoding="UTF-8"?>
<!DOCTYPE html PUBLIC "-//W3C//DTD XHTML 1.0 Transitional//EN"
    "http://www.w3.org/TR/xhtml1/DTD/xhtml1-transitional.dtd">
<html xmlns="http://www.w3.org/1999/xhtml" xml:lang="en" lang="en">
 <head>
  <title>
</title>
<meta http-equiv="Content-Type" content="text/html;charset=utf-8" />
  <meta name='ocr-system' content='tesseract 3.04.00' />
  <meta name='ocr-capabilities' content='ocr_page ocr_carea ocr_par ocr_line ocrx_word'/>
</head>
<body>
  <div class='ocr_page' id='page_1' title='image "./institutionesth00boragoog/institutionesth00boragoog_0446.png"; bbox 0 0 4425 6000; ppageno 0'>
   <div class='ocr_carea' id='block_1_1' title="bbox 271 480 1851 1389">
    <p class='ocr_par' dir='ltr' id='par_1_1' title="bbox 271 480 1851 1389">
     <span class='ocr_line' id='line_1_1' title="bbox 588 480 1794 584; baseline 0.003 -31"><span class='ocrx_word' id='word_1_1' title='bbox 588 482 757 557; x_wconf 86' lang='lat' dir='ltr'>Tnicr.</span> <span class='ocrx_word' id='word_1_2' title='bbox 783 502 839 554; x_wconf 81' lang='lat' dir='ltr'>nit</span> <span class='ocrx_word' id='word_1_3' title='bbox 869 480 1122 569; x_wconf 55' lang='lat' dir='ltr'>tractaris</span> <span class='ocrx_word' id='word_1_4' title='bbox 1151 483 1376 558; x_wconf 77' lang='lat' dir='ltr'>Ecceesiie</span> <span class='ocrx_word' id='word_1_5' title='bbox 1403 484 1503 559; x_wconf 79' lang='lat' dir='ltr'>Cae.</span> <span class='ocrx_word' id='word_1_6' title='bbox 1530 484 1577 558; x_wconf 80' lang='grc' dir='ltr'>Π.</span> <span class='ocrx_word' id='word_1_7' title='bbox 1711 508 1794 584; x_wconf 84' lang='lat'>435</span> 
     </span>
     <span class='ocr_line' id='line_1_2' title="bbox 276 579 1844 662; baseline -0.001 -12"><span class='ocrx_word' id='word_1_8' title='bbox 276 582 367 650; x_wconf 73' lang='lat' dir='ltr'>eifia&#39;.</span> <span class='ocrx_word' id='word_1_9' title='bbox 390 583 439 653; x_wconf 78' lang='lat' dir='ltr'>Ad</span> <span class='ocrx_word' id='word_1_10' title='bbox 459 584 519 650; x_wconf 88' lang='lat' dir='ltr'>lioe</span> <span class='ocrx_word' id='word_1_11' title='bbox 539 600 645 649; x_wconf 82' lang='lat' dir='ltr'>autem</span> <span class='ocrx_word' id='word_1_12' title='bbox 666 579 1044 646; x_wconf 85' lang='lat' dir='ltr'>tenenturfidelesomnes</span> <span class='ocrx_word' id='word_1_13' title='bbox 1080 587 1163 648; x_wconf 82' lang='lat' dir='ltr'><strong>xime</strong></span> <span class='ocrx_word' id='word_1_14' title='bbox 1184 581 1345 660; x_wconf 87' lang='lat' dir='ltr'>notabilis,</span> <span class='ocrx_word' id='word_1_15' title='bbox 1359 581 1394 648; x_wconf 79' lang='lat' dir='ltr'>dt</span> <span class='ocrx_word' id='word_1_16' title='bbox 1415 583 1618 662; x_wconf 62' lang='lat' dir='ltr'>principalis,</span> <span class='ocrx_word' id='word_1_17' title='bbox 1645 603 1683 650; x_wconf 87' lang='lat' dir='ltr'>eo</span> <span class='ocrx_word' id='word_1_18' title='bbox 1705 590 1775 659; x_wconf 85' lang='lat' dir='ltr'>quia</span> <span class='ocrx_word' id='word_1_19' title='bbox 1793 584 1844 651; x_wconf 91' lang='lat' dir='ltr'>es··</span> 
     </span>
     <span class='ocr_line' id='line_1_3' title="bbox 275 661 1843 743; baseline 0.002 -13"><span class='ocrx_word' id='word_1_20' title='bbox 275 664 331 732; x_wconf 89' lang='lat' dir='ltr'>sub</span> <span class='ocrx_word' id='word_1_21' title='bbox 355 668 480 732; x_wconf 85' lang='lat' dir='ltr'>mortali</span> <span class='ocrx_word' id='word_1_22' title='bbox 511 667 600 728; x_wconf 86' lang='lat' dir='ltr'>iuxta</span> <span class='ocrx_word' id='word_1_23' title='bbox 627 682 818 728; x_wconf 89' lang='lat' dir='ltr'>communem</span> <span class='ocrx_word' id='word_1_24' title='bbox 843 661 978 726; x_wconf 83' lang='lat' dir='ltr'>fidelium</span> <span class='ocrx_word' id='word_1_25' title='bbox 1007 682 1043 726; x_wconf 87' lang='lat' dir='ltr'>ac</span> <span class='ocrx_word' id='word_1_26' title='bbox 1077 663 1207 728; x_wconf 86' lang='lat' dir='ltr'>sentiam</span> <span class='ocrx_word' id='word_1_27' title='bbox 1241 666 1400 730; x_wconf 86' lang='lat' dir='ltr'>contineat</span> <span class='ocrx_word' id='word_1_28' title='bbox 1426 665 1604 743; x_wconf 81' lang='lat' dir='ltr'>sacrificii,</span> <span class='ocrx_word' id='word_1_29' title='bbox 1639 665 1674 733; x_wconf 79' lang='lat' dir='ltr'>dc</span> <span class='ocrx_word' id='word_1_30' title='bbox 1707 664 1843 735; x_wconf 69' lang='lat' dir='ltr'>Ecclesia</span> 
     </span>
     <span class='ocr_line' id='line_1_4' title="bbox 272 740 1851 823; baseline 0 -11"><span class='ocrx_word' id='word_1_31' title='bbox 272 750 376 815; x_wconf 84' lang='lat' dir='ltr'>totius</span> <span class='ocrx_word' id='word_1_32' title='bbox 397 743 536 812; x_wconf 75' lang='lat' dir='ltr'>Ecclesia</span> <span class='ocrx_word' id='word_1_33' title='bbox 554 740 753 817; x_wconf 89' lang='lat' dir='ltr'>consensum,</span> <span class='ocrx_word' id='word_1_34' title='bbox 771 762 848 805; x_wconf 88' lang='lat' dir='ltr'>curn·</span> <span class='ocrx_word' id='word_1_35' title='bbox 861 743 925 805; x_wconf 83' lang='lat' dir='ltr'>ciui</span> <span class='ocrx_word' id='word_1_36' title='bbox 946 758 1042 806; x_wconf 88' lang='lat' dir='ltr'>mate·</span> <span class='ocrx_word' id='word_1_37' title='bbox 1078 744 1199 807; x_wconf 81' lang='lat' dir='ltr'>Missam</span> <span class='ocrx_word' id='word_1_38' title='bbox 1208 745 1348 821; x_wconf 75' lang='lat' dir='ltr'>precipit</span> <span class='ocrx_word' id='word_1_39' title='bbox 1364 746 1575 823; x_wconf 88' lang='lat' dir='ltr'>principaliter</span> <span class='ocrx_word' id='word_1_40' title='bbox 1591 745 1851 815; x_wconf 82' lang='lat' dir='ltr'>utSacrificiuma.</span> 
     </span>
     <span class='ocr_line' id='line_1_5' title="bbox 273 822 1851 910; baseline -0.003 -17"><span class='ocrx_word' id='word_1_41' title='bbox 273 829 323 893; x_wconf 87' lang='lat' dir='ltr'>tia</span> <span class='ocrx_word' id='word_1_42' title='bbox 343 825 380 892; x_wconf 94' lang='lat' dir='ltr'>sit</span> <span class='ocrx_word' id='word_1_43' title='bbox 400 847 439 891; x_wconf 87' lang='lat' dir='ltr'>cit</span> <span class='ocrx_word' id='word_1_44' title='bbox 462 844 578 905; x_wconf 79' lang='lat' dir='ltr'>genere·</span> <span class='ocrx_word' id='word_1_45' title='bbox 596 825 649 889; x_wconf 88' lang='lat' dir='ltr'>suo</span> <span class='ocrx_word' id='word_1_46' title='bbox 670 826 771 903; x_wconf 82' lang='lat' dir='ltr'>gravis</span> <span class='ocrx_word' id='word_1_47' title='bbox 793 870 801 899; x_wconf 92' lang='lat'>,</span> <span class='ocrx_word' id='word_1_48' title='bbox 827 841 863 885; x_wconf 92' lang='lat' dir='ltr'>ac</span> <span class='ocrx_word' id='word_1_49' title='bbox 884 822 922 886; x_wconf 92' lang='lat' dir='ltr'>ad</span> <span class='ocrx_word' id='word_1_50' title='bbox 945 825 1043 891; x_wconf 85' lang='lat' dir='ltr'>virtu·</span> <span class='ocrx_word' id='word_1_51' title='bbox 1074 826 1161 888; x_wconf 84' lang='lat' dir='ltr'>Tunc</span> <span class='ocrx_word' id='word_1_52' title='bbox 1174 827 1258 903; x_wconf 80' lang='lat' dir='ltr'>fiunt</span> <span class='ocrx_word' id='word_1_53' title='bbox 1272 822 1371 906; x_wconf 76' lang='lat' dir='ltr'>Miffae</span> <span class='ocrx_word' id='word_1_54' title='bbox 1391 827 1503 904; x_wconf 75' lang='lat' dir='ltr'>quando</span> <span class='ocrx_word' id='word_1_55' title='bbox 1523 846 1648 890; x_wconf 85' lang='lat' dir='ltr'>munera</span> <span class='ocrx_word' id='word_1_56' title='bbox 1666 827 1851 910; x_wconf 54' lang='lat' dir='ltr'>offeruntur„</span> 
     </span>
     <span class='ocr_line' id='line_1_6' title="bbox 273 901 1850 989; baseline 0 -17"><span class='ocrx_word' id='word_1_57' title='bbox 273 925 339 972; x_wconf 85' lang='lat' dir='ltr'>tecn</span> <span class='ocrx_word' id='word_1_58' title='bbox 362 904 568 986; x_wconf 76' lang='lat' dir='ltr'>religionis&amp;</span> <span class='ocrx_word' id='word_1_59' title='bbox 589 905 625 969; x_wconf 89' lang='lat' dir='ltr'>ad</span> <span class='ocrx_word' id='word_1_60' title='bbox 646 904 702 965; x_wconf 88' lang='lat' dir='ltr'>Dei</span> <span class='ocrx_word' id='word_1_61' title='bbox 723 901 843 966; x_wconf 88' lang='lat' dir='ltr'>cultum</span> <span class='ocrx_word' id='word_1_62' title='bbox 867 906 1047 979; x_wconf 57' lang='lat' dir='ltr'>pertinenss</span> <span class='ocrx_word' id='word_1_63' title='bbox 1067 906 1119 973; x_wconf 69' lang='grc'>’(7</span> <span class='ocrx_word' id='word_1_64' title='bbox 1140 922 1241 983; x_wconf 86' lang='lat' dir='ltr'>corpus</span> <span class='ocrx_word' id='word_1_65' title='bbox 1267 926 1301 971; x_wconf 80' lang='lat' dir='ltr'>ac</span> <span class='ocrx_word' id='word_1_66' title='bbox 1323 906 1381 988; x_wconf 80' lang='lat' dir='ltr'>sais</span> <span class='ocrx_word' id='word_1_67' title='bbox 1400 906 1449 972; x_wconf 83' lang='lat' dir='ltr'>iiis</span> <span class='ocrx_word' id='word_1_68' title='bbox 1481 908 1602 972; x_wconf 80' lang='lat' dir='ltr'>Domini</span> <span class='ocrx_word' id='word_1_69' title='bbox 1636 905 1816 989; x_wconf 78' lang='lat' dir='ltr'>consecratur</span> <span class='ocrx_word' id='word_1_70' title='bbox 1832 952 1850 985; x_wconf 77' lang='lat'>,</span> 
     </span>
     <span class='ocr_line' id='line_1_7' title="bbox 272 929 1844 1066; baseline 0.001 -15"><span class='ocrx_word' id='word_1_71' title='bbox 272 988 355 1051; x_wconf 89' lang='lat' dir='ltr'>Cum</span> <span class='ocrx_word' id='word_1_72' title='bbox 388 990 475 1051; x_wconf 87' lang='lat' dir='ltr'>enim·</span> <span class='ocrx_word' id='word_1_73' title='bbox 499 981 625 1061; x_wconf 87' lang='lat' dir='ltr'>quisque</span> <span class='ocrx_word' id='word_1_74' title='bbox 652 981 751 1047; x_wconf 80' lang='lat' dir='ltr'>fidelis</span> <span class='ocrx_word' id='word_1_75' title='bbox 781 999 926 1048; x_wconf 86' lang='lat' dir='ltr'>teneatur</span> <span class='ocrx_word' id='word_1_76' title='bbox 950 1004 1043 1048; x_wconf 91' lang='lat' dir='ltr'>unam</span> <span class='ocrx_word' id='word_1_77' title='bbox 1077 985 1353 1052; x_wconf 62' lang='lat' dir='ltr'>arcacissarius.</span> <span class='ocrx_word' id='word_1_78' title='bbox 1379 929 1523 1065; x_wconf 80' lang='lat' dir='ltr'>ldemque</span> <span class='ocrx_word' id='word_1_79' title='bbox 1540 988 1730 1066; x_wconf 88' lang='lat' dir='ltr'>dicendum,</span> <span class='ocrx_word' id='word_1_80' title='bbox 1759 985 1844 1053; x_wconf 83' lang='lat' dir='ltr'>susti·</span> 
     </span>
     <span class='ocr_line' id='line_1_8' title="bbox 271 1062 1843 1149; baseline -0.001 -16"><span class='ocrx_word' id='word_1_81' title='bbox 271 1066 397 1133; x_wconf 79' lang='lat' dir='ltr'>Missam</span> <span class='ocrx_word' id='word_1_82' title='bbox 413 1066 540 1147; x_wconf 88' lang='lat' dir='ltr'>audite,</span> <span class='ocrx_word' id='word_1_83' title='bbox 561 1080 689 1129; x_wconf 88' lang='lat' dir='ltr'>tenetur</span> <span class='ocrx_word' id='word_1_84' title='bbox 709 1079 810 1128; x_wconf 90' lang='lat' dir='ltr'>totam</span> <span class='ocrx_word' id='word_1_85' title='bbox 831 1063 863 1131; x_wconf 79' lang='lat' dir='ltr'>dc</span> <span class='ocrx_word' id='word_1_86' title='bbox 884 1062 1043 1127; x_wconf 89' lang='lat' dir='ltr'>abeodem</span> <span class='ocrx_word' id='word_1_87' title='bbox 1076 1085 1154 1132; x_wconf 88' lang='lat' dir='ltr'>nent</span> <span class='ocrx_word' id='word_1_88' title='bbox 1185 1066 1304 1145; x_wconf 79' lang='lat' dir='ltr'>aliqui,</span> <span class='ocrx_word' id='word_1_89' title='bbox 1331 1068 1369 1149; x_wconf 86' lang='lat' dir='ltr'>de</span> <span class='ocrx_word' id='word_1_90' title='bbox 1389 1088 1428 1132; x_wconf 95' lang='lat' dir='ltr'>eo</span> <span class='ocrx_word' id='word_1_91' title='bbox 1452 1072 1502 1145; x_wconf 90' lang='lat' dir='ltr'>qui</span> <span class='ocrx_word' id='word_1_92' title='bbox 1532 1065 1669 1146; x_wconf 81' lang='lat' dir='ltr'>praesens·</span> <span class='ocrx_word' id='word_1_93' title='bbox 1684 1088 1748 1133; x_wconf 95' lang='lat' dir='ltr'>non</span> <span class='ocrx_word' id='word_1_94' title='bbox 1765 1066 1843 1132; x_wconf 80' lang='lat' dir='ltr'>esiet</span> 
     </span>
     <span class='ocr_line' id='line_1_9' title="bbox 273 1144 1851 1227; baseline -0.002 -13"><span class='ocrx_word' id='word_1_95' title='bbox 273 1148 383 1214; x_wconf 87' lang='lat' dir='ltr'>audire</span> <span class='ocrx_word' id='word_1_96' title='bbox 403 1197 411 1227; x_wconf 93' lang='lat'><strong>‚</strong></span> <span class='ocrx_word' id='word_1_97' title='bbox 442 1151 486 1211; x_wconf 91' lang='lat' dir='ltr'>ita</span> <span class='ocrx_word' id='word_1_98' title='bbox 507 1165 546 1211; x_wconf 91' lang='lat' dir='ltr'>iit</span> <span class='ocrx_word' id='word_1_99' title='bbox 572 1144 592 1208; x_wconf 91' lang='lat' dir='ltr'>si</span> <span class='ocrx_word' id='word_1_100' title='bbox 610 1149 729 1223; x_wconf 74' lang='lat' dir='ltr'>integre</span> <span class='ocrx_word' id='word_1_101' title='bbox 745 1163 812 1208; x_wconf 91' lang='lat' dir='ltr'>eam</span> <span class='ocrx_word' id='word_1_102' title='bbox 830 1164 891 1209; x_wconf 92' lang='lat' dir='ltr'>non</span> <span class='ocrx_word' id='word_1_103' title='bbox 910 1144 1016 1209; x_wconf 86' lang='lat' dir='ltr'>audiat</span> <span class='ocrx_word' id='word_1_104' title='bbox 1034 1192 1043 1222; x_wconf 95' lang='lat'>,</span> <span class='ocrx_word' id='word_1_105' title='bbox 1077 1165 1213 1225; x_wconf 89' lang='lat' dir='ltr'>tempore</span> <span class='ocrx_word' id='word_1_106' title='bbox 1237 1169 1296 1225; x_wconf 94' lang='lat' dir='ltr'>quo</span> <span class='ocrx_word' id='word_1_107' title='bbox 1322 1146 1463 1213; x_wconf 82' lang='lat' dir='ltr'>Sacerdos</span> <span class='ocrx_word' id='word_1_108' title='bbox 1490 1147 1519 1212; x_wconf 90' lang='lat' dir='ltr'>se</span> <span class='ocrx_word' id='word_1_109' title='bbox 1534 1152 1757 1223; x_wconf 78' lang='lat' dir='ltr'>communicat,</span> <span class='ocrx_word' id='word_1_110' title='bbox 1772 1148 1851 1225; x_wconf 76' lang='lat' dir='ltr'>quiet</span> 
     </span>
     <span class='ocr_line' id='line_1_10' title="bbox 272 1224 1847 1305; baseline -0.003 -12"><span class='ocrx_word' id='word_1_111' title='bbox 272 1246 333 1293; x_wconf 87' lang='lat' dir='ltr'>nec</span> <span class='ocrx_word' id='word_1_112' title='bbox 363 1226 547 1303; x_wconf 83' lang='lat' dir='ltr'>abeodem,</span> <span class='ocrx_word' id='word_1_113' title='bbox 579 1247 670 1290; x_wconf 90' lang='lat' dir='ltr'>uriam</span> <span class='ocrx_word' id='word_1_114' title='bbox 698 1224 820 1287; x_wconf 74' lang='lat' dir='ltr'>Missam</span> <span class='ocrx_word' id='word_1_115' title='bbox 845 1245 906 1288; x_wconf 93' lang='lat' dir='ltr'>non</span> <span class='ocrx_word' id='word_1_116' title='bbox 932 1224 1042 1301; x_wconf 90' lang='lat' dir='ltr'>audit,</span> <span class='ocrx_word' id='word_1_117' title='bbox 1075 1227 1138 1294; x_wconf 87' lang='lat' dir='ltr'>sive</span> <span class='ocrx_word' id='word_1_118' title='bbox 1158 1225 1196 1291; x_wconf 93' lang='lat' dir='ltr'>sit</span> <span class='ocrx_word' id='word_1_119' title='bbox 1216 1228 1383 1292; x_wconf 79' lang='lat' dir='ltr'>essentialis</span> <span class='ocrx_word' id='word_1_120' title='bbox 1408 1277 1416 1305; x_wconf 93' lang='lat'>,</span> <span class='ocrx_word' id='word_1_121' title='bbox 1445 1226 1508 1292; x_wconf 73' lang='lat' dir='ltr'>save</span> <span class='ocrx_word' id='word_1_122' title='bbox 1531 1228 1640 1293; x_wconf 90' lang='lat' dir='ltr'>saltem</span> <span class='ocrx_word' id='word_1_123' title='bbox 1661 1228 1699 1294; x_wconf 88' lang='lat' dir='ltr'>de</span> <span class='ocrx_word' id='word_1_124' title='bbox 1714 1230 1787 1293; x_wconf 82' lang='lat' dir='ltr'>eius·</span> <span class='ocrx_word' id='word_1_125' title='bbox 1799 1230 1847 1289; x_wconf 75' lang='lat' dir='ltr'>in·</span> 
     </span>
     <span class='ocr_line' id='line_1_11' title="bbox 272 1304 1845 1389; baseline -0.009 -20"><span class='ocrx_word' id='word_1_126' title='bbox 272 1305 363 1372; x_wconf 88' lang='lat' dir='ltr'>sicuti</span> <span class='ocrx_word' id='word_1_127' title='bbox 381 1308 450 1372; x_wconf 90' lang='lat' dir='ltr'>vult</span> <span class='ocrx_word' id='word_1_128' title='bbox 473 1305 623 1380; x_wconf 74' lang='lat' dir='ltr'>Ecclesia,</span> <span class='ocrx_word' id='word_1_129' title='bbox 639 1304 672 1368; x_wconf 80' lang='lat' dir='ltr'>dt</span> <span class='ocrx_word' id='word_1_130' title='bbox 693 1304 909 1368; x_wconf 89' lang='lat' dir='ltr'>tantummodo</span> <span class='ocrx_word' id='word_1_131' title='bbox 924 1322 1043 1380; x_wconf 89' lang='lat' dir='ltr'>partem</span> <span class='ocrx_word' id='word_1_132' title='bbox 1076 1310 1226 1389; x_wconf 79' lang='lat' dir='ltr'>tegritate</span> <span class='ocrx_word' id='word_1_133' title='bbox 1245 1307 1280 1373; x_wconf 73' lang='grc' dir='ltr'>ἃ</span> <span class='ocrx_word' id='word_1_134' title='bbox 1299 1308 1524 1385; x_wconf 89' lang='lat' dir='ltr'>complemento</span> <span class='ocrx_word' id='word_1_135' title='bbox 1541 1313 1750 1386; x_wconf 81' lang='lat' dir='ltr'>communio,</span> <span class='ocrx_word' id='word_1_136' title='bbox 1763 1312 1845 1371; x_wconf 66' lang='lat' dir='ltr'>inte.</span> 
     </span>
    </p>
   </div>
   <div class='ocr_carea' id='block_1_2' title="bbox 243 1384 1909 1544">
    <p class='ocr_par' dir='ltr' id='par_1_2' title="bbox 243 1384 1909 1544">
     <span class='ocr_line' id='line_1_12' title="bbox 243 1384 1868 1471; baseline 0.001 -20"><span class='ocrx_word' id='word_1_137' title='bbox 243 1456 246 1463; x_wconf 67' lang='grc'>,</span> <span class='ocrx_word' id='word_1_138' title='bbox 271 1390 385 1465; x_wconf 81' lang='lat' dir='ltr'>unius,</span> <span class='ocrx_word' id='word_1_139' title='bbox 406 1387 455 1451; x_wconf 88' lang='lat' dir='ltr'>vel</span> <span class='ocrx_word' id='word_1_140' title='bbox 475 1388 607 1464; x_wconf 88' lang='lat' dir='ltr'>plurium</span> <span class='ocrx_word' id='word_1_141' title='bbox 617 1403 736 1471; x_wconf 82' lang='lat' dir='ltr'>partes.</span> <span class='ocrx_word' id='word_1_142' title='bbox 754 1384 792 1448; x_wconf 90' lang='lat' dir='ltr'>Et</span> <span class='ocrx_word' id='word_1_143' title='bbox 808 1385 879 1449; x_wconf 86' lang='lat' dir='ltr'>licet</span> <span class='ocrx_word' id='word_1_144' title='bbox 896 1384 952 1447; x_wconf 91' lang='lat' dir='ltr'>hoc</span> <span class='ocrx_word' id='word_1_145' title='bbox 965 1404 1043 1461; x_wconf 82' lang='lat' dir='ltr'>ptae·</span> <span class='ocrx_word' id='word_1_146' title='bbox 1075 1388 1165 1468; x_wconf 83' lang='lat' dir='ltr'>graiis</span> <span class='ocrx_word' id='word_1_147' title='bbox 1183 1409 1248 1465; x_wconf 86' lang='lat' dir='ltr'>pais</span> <span class='ocrx_word' id='word_1_148' title='bbox 1269 1386 1331 1465; x_wconf 84' lang='lat' dir='ltr'>est,</span> <span class='ocrx_word' id='word_1_149' title='bbox 1353 1410 1388 1452; x_wconf 90' lang='lat' dir='ltr'>ac</span> <span class='ocrx_word' id='word_1_150' title='bbox 1409 1389 1476 1452; x_wconf 88' lang='lat' dir='ltr'>ideo</span> <span class='ocrx_word' id='word_1_151' title='bbox 1491 1408 1559 1464; x_wconf 87' lang='lat' dir='ltr'>pars</span> <span class='ocrx_word' id='word_1_152' title='bbox 1579 1390 1755 1465; x_wconf 83' lang='lat' dir='ltr'>notabilis,</span> <span class='ocrx_word' id='word_1_153' title='bbox 1775 1398 1868 1464; x_wconf 69' lang='lat' dir='ltr'>quaa·</span> 
     </span>
     <span class='ocr_line' id='line_1_13' title="bbox 269 1464 1909 1544; baseline -0.003 -9"><span class='ocrx_word' id='word_1_154' title='bbox 269 1482 396 1544; x_wconf 80' lang='lat' dir='ltr'>certum</span> <span class='ocrx_word' id='word_1_155' title='bbox 418 1469 604 1544; x_wconf 70' lang='lat' dir='ltr'>parvitatem</span> <span class='ocrx_word' id='word_1_156' title='bbox 639 1469 687 1528; x_wconf 82' lang='lat' dir='ltr'>ieu</span> <span class='ocrx_word' id='word_1_157' title='bbox 716 1464 879 1530; x_wconf 79' lang='lat' dir='ltr'>levitatem</span> <span class='ocrx_word' id='word_1_158' title='bbox 903 1470 1048 1530; x_wconf 81' lang='lat' dir='ltr'>materiae</span> <span class='ocrx_word' id='word_1_159' title='bbox 1075 1469 1251 1534; x_wconf 76' lang='lat' dir='ltr'>aestimanda</span> <span class='ocrx_word' id='word_1_160' title='bbox 1271 1469 1313 1533; x_wconf 80' lang='lat' dir='ltr'>est</span> <span class='ocrx_word' id='word_1_161' title='bbox 1330 1487 1394 1533; x_wconf 84' lang='lat' dir='ltr'>non</span> <span class='ocrx_word' id='word_1_162' title='bbox 1412 1486 1532 1531; x_wconf 82' lang='lat' dir='ltr'>tantun</span> <span class='ocrx_word' id='word_1_163' title='bbox 1553 1468 1816 1533; x_wconf 72' lang='lat' dir='ltr'>eediuiurnicate</span> <span class='ocrx_word' id='word_1_164' title='bbox 1833 1508 1850 1543; x_wconf 86' lang='lat'>,-</span> <span class='ocrx_word' id='word_1_165' title='bbox 1905 1472 1909 1477; x_wconf 88' lang='grc'><em>·</em></span> 
     </span>
    </p>
   </div>
   <div class='ocr_carea' id='block_1_3' title="bbox 236 1542 1850 3627">
    <p class='ocr_par' dir='ltr' id='par_1_3' title="bbox 236 1542 1850 3627">
     <span class='ocr_line' id='line_1_14' title="bbox 269 1542 1837 1625; baseline -0.001 -12"><span class='ocrx_word' id='word_1_166' title='bbox 269 1546 446 1624; x_wconf 76' lang='lat' dir='ltr'>admittat,</span> <span class='ocrx_word' id='word_1_167' title='bbox 477 1568 537 1611; x_wconf 93' lang='lat' dir='ltr'>non</span> <span class='ocrx_word' id='word_1_168' title='bbox 557 1564 662 1610; x_wconf 90' lang='lat' dir='ltr'>tamen</span> <span class='ocrx_word' id='word_1_169' title='bbox 680 1542 888 1623; x_wconf 81' lang='lat' dir='ltr'>adimpletur,</span> <span class='ocrx_word' id='word_1_170' title='bbox 915 1542 936 1607; x_wconf 88' lang='lat' dir='ltr'>li</span> <span class='ocrx_word' id='word_1_171' title='bbox 956 1543 1037 1609; x_wconf 89' lang='lat' dir='ltr'>defe-</span> <span class='ocrx_word' id='word_1_172' title='bbox 1076 1548 1129 1612; x_wconf 80' lang='lat' dir='ltr'>sed¹</span> <span class='ocrx_word' id='word_1_173' title='bbox 1153 1552 1249 1612; x_wconf 86' lang='lat' dir='ltr'>etiarn</span> <span class='ocrx_word' id='word_1_174' title='bbox 1277 1568 1316 1612; x_wconf 87' lang='lat' dir='ltr'>eir</span> <span class='ocrx_word' id='word_1_175' title='bbox 1344 1550 1495 1625; x_wconf 78' lang='lat' dir='ltr'>dignitate</span> <span class='ocrx_word' id='word_1_176' title='bbox 1524 1552 1624 1625; x_wconf 89' lang='lat' dir='ltr'>operis</span> <span class='ocrx_word' id='word_1_177' title='bbox 1644 1596 1661 1625; x_wconf 89' lang='lat'>,.</span> <span class='ocrx_word' id='word_1_178' title='bbox 1681 1568 1737 1612; x_wconf 86' lang='lat' dir='ltr'>nec</span> <span class='ocrx_word' id='word_1_179' title='bbox 1765 1546 1837 1613; x_wconf 78' lang='lat' dir='ltr'>leve</span> 
     </span>
     <span class='ocr_line' id='line_1_15' title="bbox 269 1623 1844 1707; baseline -0.001 -16"><span class='ocrx_word' id='word_1_180' title='bbox 269 1624 337 1693; x_wconf 73' lang='lat' dir='ltr'>dius</span> <span class='ocrx_word' id='word_1_181' title='bbox 357 1628 550 1705; x_wconf 77' lang='lat' dir='ltr'>integritatis</span> <span class='ocrx_word' id='word_1_182' title='bbox 569 1623 607 1687; x_wconf 89' lang='lat' dir='ltr'>sit</span> <span class='ocrx_word' id='word_1_183' title='bbox 629 1628 748 1707; x_wconf 81' lang='lat' dir='ltr'>gravis,</span> <span class='ocrx_word' id='word_1_184' title='bbox 768 1646 835 1701; x_wconf 82' lang='lat' dir='ltr'>quae</span> <span class='ocrx_word' id='word_1_185' title='bbox 856 1623 978 1702; x_wconf 88' lang='lat' dir='ltr'>quaudo</span> <span class='ocrx_word' id='word_1_186' title='bbox 993 1645 1042 1691; x_wconf 89' lang='lat' dir='ltr'>ta·</span> <span class='ocrx_word' id='word_1_187' title='bbox 1073 1625 1256 1693; x_wconf 87' lang='lat' dir='ltr'>censendum</span> <span class='ocrx_word' id='word_1_188' title='bbox 1279 1627 1322 1691; x_wconf 87' lang='lat' dir='ltr'>eil</span> <span class='ocrx_word' id='word_1_189' title='bbox 1344 1628 1443 1693; x_wconf 78' lang='lat' dir='ltr'>abesse</span> <span class='ocrx_word' id='word_1_190' title='bbox 1476 1626 1512 1692; x_wconf 89' lang='lat' dir='ltr'>ab</span> <span class='ocrx_word' id='word_1_191' title='bbox 1536 1630 1669 1693; x_wconf 81' lang='lat' dir='ltr'>essentia·</span> <span class='ocrx_word' id='word_1_192' title='bbox 1691 1626 1741 1693; x_wconf 90' lang='lat' dir='ltr'>vel</span> <span class='ocrx_word' id='word_1_193' title='bbox 1763 1629 1844 1691; x_wconf 89' lang='lat' dir='ltr'>inte·</span> 
     </span>
     <span class='ocr_line' id='line_1_16' title="bbox 269 1704 1843 1789; baseline 0 -18"><span class='ocrx_word' id='word_1_194' title='bbox 269 1706 308 1773; x_wconf 81' lang='lat' dir='ltr'>iis</span> <span class='ocrx_word' id='word_1_195' title='bbox 325 1704 363 1772; x_wconf 77' lang='lat' dir='ltr'>fit</span> <span class='ocrx_word' id='word_1_196' title='bbox 383 1755 391 1785; x_wconf 95' lang='lat'>,</span> <span class='ocrx_word' id='word_1_197' title='bbox 412 1706 490 1771; x_wconf 88' lang='lat' dir='ltr'>infra</span> <span class='ocrx_word' id='word_1_198' title='bbox 508 1704 679 1770; x_wconf 87' lang='lat' dir='ltr'>videbitur.</span> <span class='ocrx_word' id='word_1_199' title='bbox 707 1704 888 1771; x_wconf 82' lang='lat' dir='ltr'>Notandum</span> <span class='ocrx_word' id='word_1_200' title='bbox 916 1705 976 1769; x_wconf 89' lang='lat' dir='ltr'>hic·</span> <span class='ocrx_word' id='word_1_201' title='bbox 989 1727 1041 1771; x_wconf 89' lang='lat' dir='ltr'>oc·</span> <span class='ocrx_word' id='word_1_202' title='bbox 1077 1711 1191 1789; x_wconf 81' lang='lat' dir='ltr'>gritate</span> <span class='ocrx_word' id='word_1_203' title='bbox 1214 1709 1389 1787; x_wconf 74' lang='lat' dir='ltr'>sacrificii,</span> <span class='ocrx_word' id='word_1_204' title='bbox 1417 1711 1465 1771; x_wconf 91' lang='lat' dir='ltr'>cui</span> <span class='ocrx_word' id='word_1_205' title='bbox 1488 1711 1548 1774; x_wconf 91' lang='lat' dir='ltr'>toti</span> <span class='ocrx_word' id='word_1_206' title='bbox 1569 1707 1717 1774; x_wconf 75' lang='lat' dir='ltr'>interese·</span> <span class='ocrx_word' id='word_1_207' title='bbox 1730 1724 1843 1773; x_wconf 87' lang='lat' dir='ltr'>tenen·</span> 
     </span>
     <span class='ocr_line' id='line_1_17' title="bbox 268 1785 1843 1869; baseline -0.001 -17"><span class='ocrx_word' id='word_1_208' title='bbox 268 1789 369 1852; x_wconf 89' lang='lat' dir='ltr'>currit</span> <span class='ocrx_word' id='word_1_209' title='bbox 400 1790 486 1851; x_wconf 89' lang='lat' dir='ltr'>circa</span> <span class='ocrx_word' id='word_1_210' title='bbox 512 1786 640 1851; x_wconf 88' lang='lat' dir='ltr'>allatum</span> <span class='ocrx_word' id='word_1_211' title='bbox 665 1805 842 1865; x_wconf 88' lang='lat' dir='ltr'>canonem,</span> <span class='ocrx_word' id='word_1_212' title='bbox 873 1785 950 1863; x_wconf 88' lang='lat' dir='ltr'>quod</span> <span class='ocrx_word' id='word_1_213' title='bbox 967 1786 1042 1851; x_wconf 88' lang='lat' dir='ltr'>licet</span> <span class='ocrx_word' id='word_1_214' title='bbox 1075 1807 1141 1853; x_wconf 89' lang='lat' dir='ltr'>tur.</span> <span class='ocrx_word' id='word_1_215' title='bbox 1170 1787 1260 1853; x_wconf 87' lang='lat' dir='ltr'>Unde</span> <span class='ocrx_word' id='word_1_216' title='bbox 1275 1796 1325 1866; x_wconf 92' lang='lat' dir='ltr'>qui</span> <span class='ocrx_word' id='word_1_217' title='bbox 1345 1786 1443 1869; x_wconf 83' lang='lat' dir='ltr'>potesi</span> <span class='ocrx_word' id='word_1_218' title='bbox 1469 1786 1578 1853; x_wconf 84' lang='lat' dir='ltr'>saliem</span> <span class='ocrx_word' id='word_1_219' title='bbox 1599 1785 1742 1853; x_wconf 81' lang='lat' dir='ltr'>interesse</span> <span class='ocrx_word' id='word_1_220' title='bbox 1769 1804 1843 1850; x_wconf 90' lang='lat' dir='ltr'>coti·</span> 
     </span>
     <span class='ocr_line' id='line_1_18' title="bbox 268 1861 1849 1948; baseline -0.003 -15"><span class='ocrx_word' id='word_1_221' title='bbox 268 1865 320 1933; x_wconf 83' lang='lat' dir='ltr'>hic</span> <span class='ocrx_word' id='word_1_222' title='bbox 339 1886 441 1933; x_wconf 86' lang='lat' dir='ltr'>canon</span> <span class='ocrx_word' id='word_1_223' title='bbox 463 1868 606 1945; x_wconf 89' lang='lat' dir='ltr'>loquatur</span> <span class='ocrx_word' id='word_1_224' title='bbox 627 1865 663 1928; x_wconf 88' lang='lat' dir='ltr'>de</span> <span class='ocrx_word' id='word_1_225' title='bbox 688 1863 755 1930; x_wconf 91' lang='lat' dir='ltr'>solo</span> <span class='ocrx_word' id='word_1_226' title='bbox 782 1865 830 1929; x_wconf 90' lang='lat' dir='ltr'>die</span> <span class='ocrx_word' id='word_1_227' title='bbox 845 1867 1009 1931; x_wconf 87' lang='lat' dir='ltr'>Dominico</span> <span class='ocrx_word' id='word_1_228' title='bbox 1032 1916 1041 1945; x_wconf 96' lang='lat'>,</span> <span class='ocrx_word' id='word_1_229' title='bbox 1074 1868 1264 1946; x_wconf 74' lang='lat' dir='ltr'>sacrationi,</span> <span class='ocrx_word' id='word_1_230' title='bbox 1293 1868 1475 1946; x_wconf 81' lang='lat' dir='ltr'>&amp;reliquae</span> <span class='ocrx_word' id='word_1_231' title='bbox 1501 1870 1601 1932; x_wconf 83' lang='lat' dir='ltr'>Misdae</span> <span class='ocrx_word' id='word_1_232' title='bbox 1623 1871 1730 1948; x_wconf 88' lang='lat' dir='ltr'>parti,</span> <span class='ocrx_word' id='word_1_233' title='bbox 1754 1865 1791 1931; x_wconf 87' lang='lat' dir='ltr'>ad</span> <span class='ocrx_word' id='word_1_234' title='bbox 1810 1861 1849 1929; x_wconf 85' lang='lat' dir='ltr'>id</span> 
     </span>
     <span class='ocr_line' id='line_1_19' title="bbox 268 1943 1843 2032; baseline -0.004 -19"><span class='ocrx_word' id='word_1_235' title='bbox 268 1948 378 2013; x_wconf 83' lang='lat' dir='ltr'>eaeteri</span> <span class='ocrx_word' id='word_1_236' title='bbox 397 1963 500 2032; x_wconf 73' lang='lat' dir='ltr'>tameip</span> <span class='ocrx_word' id='word_1_237' title='bbox 516 1950 579 2010; x_wconf 87' lang='lat' dir='ltr'>dies</span> <span class='ocrx_word' id='word_1_238' title='bbox 596 1943 658 2009; x_wconf 91' lang='lat' dir='ltr'>selli</span> <span class='ocrx_word' id='word_1_239' title='bbox 677 1949 740 2022; x_wconf 90' lang='lat' dir='ltr'>pari</span> <span class='ocrx_word' id='word_1_240' title='bbox 764 1948 886 2011; x_wconf 90' lang='lat' dir='ltr'>ratione</span> <span class='ocrx_word' id='word_1_241' title='bbox 901 1966 1040 2021; x_wconf 88' lang='lat' dir='ltr'>compre·</span> <span class='ocrx_word' id='word_1_242' title='bbox 1074 1967 1200 2014; x_wconf 88' lang='lat' dir='ltr'>tenetur</span> <span class='ocrx_word' id='word_1_243' title='bbox 1221 1999 1230 2026; x_wconf 91' lang='lat'>,</span> <span class='ocrx_word' id='word_1_244' title='bbox 1256 1970 1326 2015; x_wconf 92' lang='lat' dir='ltr'>cum</span> <span class='ocrx_word' id='word_1_245' title='bbox 1355 1950 1410 2013; x_wconf 87' lang='lat' dir='ltr'>illa</span> <span class='ocrx_word' id='word_1_246' title='bbox 1431 1947 1467 2012; x_wconf 88' lang='lat' dir='ltr'>lit</span> <span class='ocrx_word' id='word_1_247' title='bbox 1488 1969 1556 2024; x_wconf 83' lang='lat' dir='ltr'>pars</span> <span class='ocrx_word' id='word_1_248' title='bbox 1584 1948 1755 2025; x_wconf 81' lang='lat' dir='ltr'>principalis</span> <span class='ocrx_word' id='word_1_249' title='bbox 1771 1965 1843 2009; x_wconf 93' lang='lat' dir='ltr'>con·</span> 
     </span>
     <span class='ocr_line' id='line_1_20' title="bbox 266 2023 1842 2114; baseline -0.004 -23"><span class='ocrx_word' id='word_1_250' title='bbox 266 2024 463 2105; x_wconf 85' lang='lat' dir='ltr'>siendunuir,</span> <span class='ocrx_word' id='word_1_251' title='bbox 479 2048 550 2111; x_wconf 79' lang='lat' dir='ltr'>qum</span> <span class='ocrx_word' id='word_1_252' title='bbox 570 2046 657 2104; x_wconf 82' lang='lat' dir='ltr'>aeque</span> <span class='ocrx_word' id='word_1_253' title='bbox 672 2026 781 2090; x_wconf 89' lang='lat' dir='ltr'>divino</span> <span class='ocrx_word' id='word_1_254' title='bbox 800 2028 897 2114; x_wconf 79' lang='lat' dir='ltr'>cultui</span> <span class='ocrx_word' id='word_1_255' title='bbox 920 2025 1037 2091; x_wconf 87' lang='lat' dir='ltr'>sintad·</span> <span class='ocrx_word' id='word_1_256' title='bbox 1074 2034 1175 2092; x_wconf 79' lang='lat' dir='ltr'>tinent</span> <span class='ocrx_word' id='word_1_257' title='bbox 1198 2030 1360 2094; x_wconf 82' lang='lat' dir='ltr'>essentiam</span> <span class='ocrx_word' id='word_1_258' title='bbox 1388 2028 1534 2093; x_wconf 85' lang='lat' dir='ltr'>Sacrificii</span> <span class='ocrx_word' id='word_1_259' title='bbox 1554 2070 1569 2105; x_wconf 77' lang='lat'>‚‚</span> <span class='ocrx_word' id='word_1_260' title='bbox 1593 2047 1649 2093; x_wconf 87' lang='lat' dir='ltr'>nec</span> <span class='ocrx_word' id='word_1_261' title='bbox 1679 2023 1842 2104; x_wconf 78' lang='lat' dir='ltr'>principale</span> 
     </span>
     <span class='ocr_line' id='line_1_21' title="bbox 267 2102 1842 2187; baseline 0 -17"><span class='ocrx_word' id='word_1_262' title='bbox 267 2104 409 2185; x_wconf 63' lang='lat' dir='ltr'>dictu&amp;</span> <span class='ocrx_word' id='word_1_263' title='bbox 429 2110 549 2173; x_wconf 89' lang='lat' dir='ltr'>mentio</span> <span class='ocrx_word' id='word_1_264' title='bbox 570 2127 664 2183; x_wconf 86' lang='lat' dir='ltr'>quam</span> <span class='ocrx_word' id='word_1_265' title='bbox 688 2102 763 2171; x_wconf 84' lang='lat' dir='ltr'>facit</span> <span class='ocrx_word' id='word_1_266' title='bbox 790 2106 826 2169; x_wconf 89' lang='lat' dir='ltr'>de</span> <span class='ocrx_word' id='word_1_267' title='bbox 848 2107 916 2169; x_wconf 89' lang='lat' dir='ltr'>solis</span> <span class='ocrx_word' id='word_1_268' title='bbox 944 2106 1038 2172; x_wconf 83' lang='lat' dir='ltr'>sarcu-</span> <span class='ocrx_word' id='word_1_269' title='bbox 1073 2108 1268 2174; x_wconf 84' lang='lat' dir='ltr'>accessorium</span> <span class='ocrx_word' id='word_1_270' title='bbox 1285 2112 1456 2187; x_wconf 84' lang='lat' dir='ltr'>sequatur;</span> <span class='ocrx_word' id='word_1_271' title='bbox 1488 2112 1551 2172; x_wconf 93' lang='lat' dir='ltr'>imo</span> <span class='ocrx_word' id='word_1_272' title='bbox 1574 2110 1624 2185; x_wconf 93' lang='lat' dir='ltr'>qui</span> <span class='ocrx_word' id='word_1_273' title='bbox 1645 2107 1842 2172; x_wconf 82' lang='lat' dir='ltr'>accediiiam</span> 
     </span>
     <span class='ocr_line' id='line_1_22' title="bbox 245 2178 1842 2264; baseline -0.004 -9"><span class='ocrx_word' id='word_1_274' title='bbox 245 2185 405 2264; x_wconf 61' lang='lat' dir='ltr'>iarum,</span> <span class='ocrx_word' id='word_1_275' title='bbox 424 2178 467 2255; x_wconf 82' lang='lat' dir='ltr'>eis</span> <span class='ocrx_word' id='word_1_276' title='bbox 484 2186 683 2264; x_wconf 88' lang='lat' dir='ltr'>ampliativa,</span> <span class='ocrx_word' id='word_1_277' title='bbox 700 2207 764 2250; x_wconf 91' lang='lat' dir='ltr'>non</span> <span class='ocrx_word' id='word_1_278' title='bbox 777 2208 854 2251; x_wconf 87' lang='lat' dir='ltr'>veto</span> <span class='ocrx_word' id='word_1_279' title='bbox 869 2186 1040 2263; x_wconf 83' lang='lat' dir='ltr'>excluliva,</span> <span class='ocrx_word' id='word_1_280' title='bbox 1074 2187 1191 2263; x_wconf 74' lang='lat' dir='ltr'>perasla</span> <span class='ocrx_word' id='word_1_281' title='bbox 1210 2186 1440 2255; x_wconf 89' lang='lat' dir='ltr'>consecratione</span> <span class='ocrx_word' id='word_1_282' title='bbox 1462 2236 1470 2264; x_wconf 96' lang='lat'>,</span> <span class='ocrx_word' id='word_1_283' title='bbox 1496 2209 1553 2253; x_wconf 88' lang='lat' dir='ltr'>nee</span> <span class='ocrx_word' id='word_1_284' title='bbox 1579 2183 1623 2253; x_wconf 83' lang='lat' dir='ltr'>ad</span> <span class='ocrx_word' id='word_1_285' title='bbox 1635 2189 1735 2255; x_wconf 85' lang='lat' dir='ltr'>aliam·</span> <span class='ocrx_word' id='word_1_286' title='bbox 1745 2184 1842 2263; x_wconf 90' lang='lat' dir='ltr'>potest</span> 
     </span>
     <span class='ocr_line' id='line_1_23' title="bbox 236 2264 1842 2347; baseline -0.002 -17"><span class='ocrx_word' id='word_1_287' title='bbox 236 2265 350 2337; x_wconf 73' lang='lat' dir='ltr'>,unde</span> <span class='ocrx_word' id='word_1_288' title='bbox 378 2265 415 2330; x_wconf 91' lang='lat' dir='ltr'>ad</span> <span class='ocrx_word' id='word_1_289' title='bbox 451 2286 555 2331; x_wconf 87' lang='lat' dir='ltr'>omnes</span> <span class='ocrx_word' id='word_1_290' title='bbox 572 2265 779 2345; x_wconf 86' lang='lat' dir='ltr'>extenditur,</span> <span class='ocrx_word' id='word_1_291' title='bbox 799 2264 871 2328; x_wconf 89' lang='lat' dir='ltr'>idcsl</span> <span class='ocrx_word' id='word_1_292' title='bbox 888 2270 983 2330; x_wconf 86' lang='lat' dir='ltr'>etiam</span> <span class='ocrx_word' id='word_1_293' title='bbox 1004 2270 1037 2329; x_wconf 85' lang='lat' dir='ltr'>ad</span> <span class='ocrx_word' id='word_1_294' title='bbox 1073 2270 1194 2332; x_wconf 77' lang='lat' dir='ltr'>Missam</span> <span class='ocrx_word' id='word_1_295' title='bbox 1211 2270 1319 2346; x_wconf 86' lang='lat' dir='ltr'>adire,</span> <span class='ocrx_word' id='word_1_296' title='bbox 1348 2286 1474 2335; x_wconf 85' lang='lat' dir='ltr'>tenetur</span> <span class='ocrx_word' id='word_1_297' title='bbox 1498 2268 1655 2347; x_wconf 89' lang='lat' dir='ltr'>reliquum·</span> <span class='ocrx_word' id='word_1_298' title='bbox 1670 2266 1778 2330; x_wconf 65' lang='lat' dir='ltr'>Misia·</span> <span class='ocrx_word' id='word_1_299' title='bbox 1790 2284 1842 2328; x_wconf 91' lang='lat' dir='ltr'>au·</span> 
     </span>
     <span class='ocr_line' id='line_1_24' title="bbox 269 2342 1848 2425; baseline -0.002 -16"><span class='ocrx_word' id='word_1_300' title='bbox 269 2345 410 2410; x_wconf 81' lang='lat' dir='ltr'>ciericos</span> <span class='ocrx_word' id='word_1_301' title='bbox 430 2346 464 2412; x_wconf 82' lang='lat' dir='ltr'>dt</span> <span class='ocrx_word' id='word_1_302' title='bbox 486 2342 653 2425; x_wconf 80' lang='lat' dir='ltr'>Religiosos</span> <span class='ocrx_word' id='word_1_303' title='bbox 676 2393 686 2425; x_wconf 89' lang='lat'>,</span> <span class='ocrx_word' id='word_1_304' title='bbox 712 2365 756 2412; x_wconf 85' lang='lat' dir='ltr'>erc·</span> <span class='ocrx_word' id='word_1_305' title='bbox 778 2363 838 2425; x_wconf 81' lang='lat' dir='ltr'>cap.</span> <span class='ocrx_word' id='word_1_306' title='bbox 860 2349 967 2410; x_wconf 82' lang='lat' dir='ltr'>Omnes</span> <span class='ocrx_word' id='word_1_307' title='bbox 988 2367 1039 2411; x_wconf 85' lang='lat' dir='ltr'>ea·</span> <span class='ocrx_word' id='word_1_308' title='bbox 1072 2350 1163 2419; x_wconf 81' lang='lat' dir='ltr'>dire,</span> <span class='ocrx_word' id='word_1_309' title='bbox 1188 2353 1256 2423; x_wconf 83' lang='lat' dir='ltr'>quia</span> <span class='ocrx_word' id='word_1_310' title='bbox 1290 2354 1318 2410; x_wconf 91' lang='lat' dir='ltr'>in</span> <span class='ocrx_word' id='word_1_311' title='bbox 1337 2350 1394 2413; x_wconf 87' lang='lat' dir='ltr'>tali</span> <span class='ocrx_word' id='word_1_312' title='bbox 1422 2345 1500 2413; x_wconf 87' lang='lat' dir='ltr'>casii</span> <span class='ocrx_word' id='word_1_313' title='bbox 1521 2344 1550 2412; x_wconf 90' lang='lat' dir='ltr'>se</span> <span class='ocrx_word' id='word_1_314' title='bbox 1575 2347 1670 2413; x_wconf 89' lang='lat' dir='ltr'>habet·</span> <span class='ocrx_word' id='word_1_315' title='bbox 1681 2344 1770 2410; x_wconf 92' lang='lat' dir='ltr'>sicuti</span> <span class='ocrx_word' id='word_1_316' title='bbox 1787 2345 1848 2408; x_wconf 52' lang='lat' dir='ltr'>ille*</span> 
     </span>
     <span class='ocr_line' id='line_1_25' title="bbox 270 2423 1840 2507; baseline -0.003 -16"><span class='ocrx_word' id='word_1_317' title='bbox 270 2428 340 2491; x_wconf 80' lang='lat' dir='ltr'>dem</span> <span class='ocrx_word' id='word_1_318' title='bbox 359 2427 431 2503; x_wconf 68' lang='lat' dir='ltr'>diis..</span> <span class='ocrx_word' id='word_1_319' title='bbox 785 2426 788 2434; x_wconf 85' lang='lat'>&#39;</span> <span class='ocrx_word' id='word_1_320' title='bbox 1072 2433 1121 2491; x_wconf 91' lang='lat' dir='ltr'>cui</span> <span class='ocrx_word' id='word_1_321' title='bbox 1139 2428 1217 2492; x_wconf 84' lang='lat' dir='ltr'>decli</span> <span class='ocrx_word' id='word_1_322' title='bbox 1235 2430 1426 2493; x_wconf 87' lang='lat' dir='ltr'>Breviarium</span> <span class='ocrx_word' id='word_1_323' title='bbox 1445 2477 1454 2507; x_wconf 93' lang='lat'>,</span> <span class='ocrx_word' id='word_1_324' title='bbox 1477 2430 1529 2507; x_wconf 92' lang='lat' dir='ltr'>qui</span> <span class='ocrx_word' id='word_1_325' title='bbox 1546 2441 1671 2491; x_wconf 85' lang='lat' dir='ltr'>tenetur</span> <span class='ocrx_word' id='word_1_326' title='bbox 1687 2429 1783 2490; x_wconf 87' lang='lat' dir='ltr'>etiam</span> <span class='ocrx_word' id='word_1_327' title='bbox 1802 2423 1840 2487; x_wconf 90' lang='lat' dir='ltr'>ad</span> 
     </span>
     <span class='ocr_line' id='line_1_26' title="bbox 236 2503 1841 2587; baseline -0.002 -17"><span class='ocrx_word' id='word_1_328' title='bbox 236 2524 266 2587; x_wconf 74' lang='grc' dir='ltr'>ιι.</span> <span class='ocrx_word' id='word_1_329' title='bbox 314 2508 427 2582; x_wconf 86' lang='lat' dir='ltr'>Quare·</span> <span class='ocrx_word' id='word_1_330' title='bbox 457 2523 492 2571; x_wconf 89' lang='lat' dir='ltr'>ut</span> <span class='ocrx_word' id='word_1_331' title='bbox 513 2506 719 2571; x_wconf 86' lang='lat' dir='ltr'>communiter</span> <span class='ocrx_word' id='word_1_332' title='bbox 737 2505 875 2570; x_wconf 88' lang='lat' dir='ltr'>sentiunt</span> <span class='ocrx_word' id='word_1_333' title='bbox 892 2504 1037 2587; x_wconf 78' lang='lat' dir='ltr'>aullores,</span> <span class='ocrx_word' id='word_1_334' title='bbox 1071 2526 1213 2586; x_wconf 80' lang='lat' dir='ltr'>quartam</span> <span class='ocrx_word' id='word_1_335' title='bbox 1231 2526 1349 2587; x_wconf 88' lang='lat' dir='ltr'>partem</span> <span class='ocrx_word' id='word_1_336' title='bbox 1365 2506 1600 2586; x_wconf 85' lang='lat' dir='ltr'>Officii,.quam</span> <span class='ocrx_word' id='word_1_337' title='bbox 1619 2503 1678 2572; x_wconf 89' lang='lat' dir='ltr'>scit</span> <span class='ocrx_word' id='word_1_338' title='bbox 1697 2507 1841 2569; x_wconf 82' lang='lat' dir='ltr'>nicanori·</span> 
     </span>
     <span class='ocr_line' id='line_1_27' title="bbox 236 2554 1850 2665; baseline -0.002 -14"><span class='ocrx_word' id='word_1_339' title='bbox 236 2592 254 2631; x_wconf 81' lang='lat'>¹</span> <span class='ocrx_word' id='word_1_340' title='bbox 269 2605 333 2651; x_wconf 94' lang='lat' dir='ltr'>non</span> <span class='ocrx_word' id='word_1_341' title='bbox 343 2554 533 2651; x_wconf 65' lang='lat' dir='ltr'>satisfaceret</span> <span class='ocrx_word' id='word_1_342' title='bbox 545 2605 715 2665; x_wconf 76' lang='lat' dir='ltr'>precepto,</span> <span class='ocrx_word' id='word_1_343' title='bbox 735 2585 768 2650; x_wconf 80' lang='lat' dir='ltr'>dc</span> <span class='ocrx_word' id='word_1_344' title='bbox 785 2587 959 2652; x_wconf 80' lang='lat' dir='ltr'>mortaliter</span> <span class='ocrx_word' id='word_1_345' title='bbox 972 2608 1038 2662; x_wconf 89' lang='lat' dir='ltr'>pec·</span> <span class='ocrx_word' id='word_1_346' title='bbox 1072 2606 1133 2653; x_wconf 86' lang='lat' dir='ltr'>tec.</span> <span class='ocrx_word' id='word_1_347' title='bbox 1152 2589 1219 2653; x_wconf 90' lang='lat' dir='ltr'>Nec</span> <span class='ocrx_word' id='word_1_348' title='bbox 1229 2610 1322 2653; x_wconf 85' lang='lat' dir='ltr'>cic-eo</span> <span class='ocrx_word' id='word_1_349' title='bbox 1342 2590 1443 2665; x_wconf 91' lang='lat' dir='ltr'>quod,</span> <span class='ocrx_word' id='word_1_350' title='bbox 1460 2605 1496 2654; x_wconf 92' lang='lat' dir='ltr'>ut</span> <span class='ocrx_word' id='word_1_351' title='bbox 1513 2592 1558 2651; x_wconf 88' lang='lat' dir='ltr'>ait</span> <span class='ocrx_word' id='word_1_352' title='bbox 1577 2587 1614 2651; x_wconf 90' lang='lat' dir='ltr'>de</span> <span class='ocrx_word' id='word_1_353' title='bbox 1627 2588 1850 2665; x_wconf 78' lang='lat' dir='ltr'>Lugo,nemo·</span> 
     </span>
     <span class='ocr_line' id='line_1_28' title="bbox 236 2664 1841 2757; baseline -0.003 -25"><span class='ocrx_word' id='word_1_354' title='bbox 236 2683 376 2757; x_wconf 58' lang='lat' dir='ltr'>r‚taren</span> <span class='ocrx_word' id='word_1_355' title='bbox 391 2670 441 2743; x_wconf 90' lang='lat' dir='ltr'>qui</span> <span class='ocrx_word' id='word_1_356' title='bbox 460 2670 586 2731; x_wconf 84' lang='lat' dir='ltr'>tertiam</span> <span class='ocrx_word' id='word_1_357' title='bbox 604 2681 722 2741; x_wconf 89' lang='lat' dir='ltr'>partem</span> <span class='ocrx_word' id='word_1_358' title='bbox 738 2667 838 2731; x_wconf 80' lang='lat' dir='ltr'>Miiiae</span> <span class='ocrx_word' id='word_1_359' title='bbox 854 2664 916 2729; x_wconf 93' lang='lat' dir='ltr'>sine</span> <span class='ocrx_word' id='word_1_360' title='bbox 936 2667 1037 2732; x_wconf 86' lang='lat' dir='ltr'>caussa</span> <span class='ocrx_word' id='word_1_361' title='bbox 1071 2687 1217 2733; x_wconf 84' lang='lat' dir='ltr'>teneatur</span> <span class='ocrx_word' id='word_1_362' title='bbox 1234 2669 1333 2734; x_wconf 79' lang='lat' dir='ltr'>adesse</span> <span class='ocrx_word' id='word_1_363' title='bbox 1353 2668 1453 2734; x_wconf 79' lang='lat' dir='ltr'>Miliae</span> <span class='ocrx_word' id='word_1_364' title='bbox 1476 2668 1515 2733; x_wconf 89' lang='lat' dir='ltr'>de</span> <span class='ocrx_word' id='word_1_365' title='bbox 1535 2665 1792 2746; x_wconf 69' lang='lat' dir='ltr'>praesanctificata</span> <span class='ocrx_word' id='word_1_366' title='bbox 1809 2667 1841 2727; x_wconf 91' lang='lat' dir='ltr'>in</span> 
     </span>
     <span class='ocr_line' id='line_1_29' title="bbox 253 2745 1842 2831; baseline -0.003 -20"><span class='ocrx_word' id='word_1_367' title='bbox 253 2746 464 2831; x_wconf 81' lang='lat' dir='ltr'>omitteret.</span> <span class='ocrx_word' id='word_1_368' title='bbox 505 2745 631 2809; x_wconf 88' lang='lat' dir='ltr'>Etenim</span> <span class='ocrx_word' id='word_1_369' title='bbox 663 2763 819 2822; x_wconf 89' lang='lat' dir='ltr'>praecepta·</span> <span class='ocrx_word' id='word_1_370' title='bbox 849 2745 891 2810; x_wconf 88' lang='lat' dir='ltr'>eil</span> <span class='ocrx_word' id='word_1_371' title='bbox 920 2748 1037 2811; x_wconf 84' lang='lat' dir='ltr'>auditio</span> <span class='ocrx_word' id='word_1_372' title='bbox 1073 2745 1150 2812; x_wconf 87' lang='lat' dir='ltr'>seslo</span> <span class='ocrx_word' id='word_1_373' title='bbox 1172 2750 1382 2827; x_wconf 85' lang='lat' dir='ltr'>Parasceves,</span> <span class='ocrx_word' id='word_1_374' title='bbox 1410 2752 1480 2825; x_wconf 90' lang='lat' dir='ltr'>quia</span> <span class='ocrx_word' id='word_1_375' title='bbox 1503 2754 1599 2811; x_wconf 85' lang='lat' dir='ltr'>inea</span> <span class='ocrx_word' id='word_1_376' title='bbox 1629 2766 1690 2811; x_wconf 89' lang='lat' dir='ltr'>non</span> <span class='ocrx_word' id='word_1_377' title='bbox 1711 2746 1842 2810; x_wconf 83' lang='lat' dir='ltr'>fitcon·</span> 
     </span>
     <span class='ocr_line' id='line_1_30' title="bbox 271 2821 1848 2903; baseline -0.003 -12"><span class='ocrx_word' id='word_1_378' title='bbox 271 2827 374 2891; x_wconf 82' lang='lat' dir='ltr'>Millae</span> <span class='ocrx_word' id='word_1_379' title='bbox 401 2844 461 2887; x_wconf 92' lang='lat' dir='ltr'>non</span> <span class='ocrx_word' id='word_1_380' title='bbox 488 2840 613 2888; x_wconf 89' lang='lat' dir='ltr'>tantum</span> <span class='ocrx_word' id='word_1_381' title='bbox 632 2827 728 2899; x_wconf 89' lang='lat' dir='ltr'>quoad</span> <span class='ocrx_word' id='word_1_382' title='bbox 748 2823 963 2902; x_wconf 87' lang='lat' dir='ltr'>Sacrificium,</span> <span class='ocrx_word' id='word_1_383' title='bbox 988 2823 1035 2889; x_wconf 90' lang='lat' dir='ltr'>sed</span> <span class='ocrx_word' id='word_1_384' title='bbox 1072 2828 1219 2903; x_wconf 85' lang='lat' dir='ltr'>sectatio,</span> <span class='ocrx_word' id='word_1_385' title='bbox 1237 2827 1393 2903; x_wconf 88' lang='lat' dir='ltr'>sequitur,</span> <span class='ocrx_word' id='word_1_386' title='bbox 1417 2849 1488 2891; x_wconf 91' lang='lat' dir='ltr'>non·</span> <span class='ocrx_word' id='word_1_387' title='bbox 1505 2830 1604 2891; x_wconf 87' lang='lat' dir='ltr'>teneri</span> <span class='ocrx_word' id='word_1_388' title='bbox 1627 2828 1698 2890; x_wconf 89' lang='lat' dir='ltr'>huic</span> <span class='ocrx_word' id='word_1_389' title='bbox 1719 2821 1848 2902; x_wconf 80' lang='lat' dir='ltr'>adesse,-</span> 
     </span>
     <span class='ocr_line' id='line_1_31' title="bbox 263 2902 1850 2983; baseline -0.001 -15"><span class='ocrx_word' id='word_1_390' title='bbox 263 2905 364 2983; x_wconf 90' lang='lat' dir='ltr'>quoad</span> <span class='ocrx_word' id='word_1_391' title='bbox 382 2921 483 2968; x_wconf 91' lang='lat' dir='ltr'>totain</span> <span class='ocrx_word' id='word_1_392' title='bbox 500 2904 693 2981; x_wconf 82' lang='lat' dir='ltr'>Liturgiam,</span> <span class='ocrx_word' id='word_1_393' title='bbox 714 2903 785 2967; x_wconf 87' lang='lat' dir='ltr'>idesl</span> <span class='ocrx_word' id='word_1_394' title='bbox 800 2924 920 2982; x_wconf 89' lang='lat' dir='ltr'>preces,</span> <span class='ocrx_word' id='word_1_395' title='bbox 936 2902 1036 2970; x_wconf 71' lang='lat' dir='ltr'>ledro—</span> <span class='ocrx_word' id='word_1_396' title='bbox 1072 2909 1101 2968; x_wconf 94' lang='lat' dir='ltr'>in</span> <span class='ocrx_word' id='word_1_397' title='bbox 1124 2929 1184 2982; x_wconf 90' lang='lat' dir='ltr'>qua</span> <span class='ocrx_word' id='word_1_398' title='bbox 1201 2910 1262 2971; x_wconf 86' lang='lat' dir='ltr'>iam</span> <span class='ocrx_word' id='word_1_399' title='bbox 1278 2904 1414 2971; x_wconf 77' lang='lat' dir='ltr'>seslaell</span> <span class='ocrx_word' id='word_1_400' title='bbox 1434 2906 1642 2972; x_wconf 86' lang='lat' dir='ltr'>consecratio:</span> <span class='ocrx_word' id='word_1_401' title='bbox 1662 2906 1743 2969; x_wconf 89' lang='lat' dir='ltr'>ratio</span> <span class='ocrx_word' id='word_1_402' title='bbox 1758 2906 1850 2967; x_wconf 90' lang='lat' dir='ltr'>enim·</span> 
     </span>
     <span class='ocr_line' id='line_1_32' title="bbox 264 2982 1838 3065; baseline -0.003 -14"><span class='ocrx_word' id='word_1_403' title='bbox 264 3006 320 3051; x_wconf 86' lang='lat' dir='ltr'>nes</span> <span class='ocrx_word' id='word_1_404' title='bbox 334 2982 534 3063; x_wconf 75' lang='lat' dir='ltr'>,·asliones·,·</span> <span class='ocrx_word' id='word_1_405' title='bbox 550 2982 653 3049; x_wconf 88' lang='lat' dir='ltr'>sacras·</span> <span class='ocrx_word' id='word_1_406' title='bbox 665 2988 860 3049; x_wconf 87' lang='lat' dir='ltr'>caeremonias</span> <span class='ocrx_word' id='word_1_407' title='bbox 883 3034 891 3062; x_wconf 92' lang='lat'>,</span> <span class='ocrx_word' id='word_1_408' title='bbox 920 3007 986 3059; x_wconf 84' lang='lat' dir='ltr'>qiiae</span> <span class='ocrx_word' id='word_1_409' title='bbox 1005 2989 1035 3049; x_wconf 89' lang='lat' dir='ltr'>in</span> <span class='ocrx_word' id='word_1_410' title='bbox 1070 2984 1256 3062; x_wconf 81' lang='lat' dir='ltr'>disparitatis</span> <span class='ocrx_word' id='word_1_411' title='bbox 1273 2986 1343 3065; x_wconf 81' lang='lat' dir='ltr'>est&#39;,</span> <span class='ocrx_word' id='word_1_412' title='bbox 1367 2991 1437 3065; x_wconf 86' lang='lat' dir='ltr'>quia</span> <span class='ocrx_word' id='word_1_413' title='bbox 1454 2991 1492 3050; x_wconf 92' lang='lat' dir='ltr'>in·</span> <span class='ocrx_word' id='word_1_414' title='bbox 1503 2985 1593 3052; x_wconf 84' lang='lat' dir='ltr'>Misia</span> <span class='ocrx_word' id='word_1_415' title='bbox 1611 2985 1648 3051; x_wconf 91' lang='lat' dir='ltr'>de</span> <span class='ocrx_word' id='word_1_416' title='bbox 1667 2982 1838 3064; x_wconf 74' lang='lat' dir='ltr'>praesandli·</span> 
     </span>
     <span class='ocr_line' id='line_1_33' title="bbox 265 3063 1837 3148; baseline -0.001 -19"><span class='ocrx_word' id='word_1_417' title='bbox 265 3063 774 3144; x_wconf 76' lang='lat' dir='ltr'>eaperagisolent,idcircocap.</span> <span class='ocrx_word' id='word_1_418' title='bbox 801 3065 949 3129; x_wconf 82' lang='lat' dir='ltr'>omnesde</span> <span class='ocrx_word' id='word_1_419' title='bbox 968 3085 1034 3130; x_wconf 85' lang='lat' dir='ltr'>ccii·</span> <span class='ocrx_word' id='word_1_420' title='bbox 1069 3064 1170 3130; x_wconf 83' lang='lat' dir='ltr'>sicatis</span> <span class='ocrx_word' id='word_1_421' title='bbox 1188 3089 1248 3133; x_wconf 91' lang='lat' dir='ltr'>non</span> <span class='ocrx_word' id='word_1_422' title='bbox 1280 3067 1361 3131; x_wconf 85' lang='lat' dir='ltr'>adest</span> <span class='ocrx_word' id='word_1_423' title='bbox 1394 3065 1568 3148; x_wconf 84' lang='lat' dir='ltr'>rigorosum</span> <span class='ocrx_word' id='word_1_424' title='bbox 1588 3080 1772 3144; x_wconf 85' lang='lat' dir='ltr'>praeceptuni</span> <span class='ocrx_word' id='word_1_425' title='bbox 1790 3068 1837 3128; x_wconf 93' lang='lat' dir='ltr'>in·</span> 
     </span>
     <span class='ocr_line' id='line_1_34' title="bbox 258 3142 1846 3227; baseline -0.002 -15"><span class='ocrx_word' id='word_1_426' title='bbox 258 3145 364 3227; x_wconf 79' lang='lat' dir='ltr'>setrai.</span> <span class='ocrx_word' id='word_1_427' title='bbox 389 3144 452 3222; x_wconf 77' lang='lat' dir='ltr'>dist.</span> <span class='ocrx_word' id='word_1_428' title='bbox 474 3164 501 3206; x_wconf 86' lang='lat' dir='ltr'>i.</span> <span class='ocrx_word' id='word_1_429' title='bbox 523 3142 680 3208; x_wconf 71' lang='lat' dir='ltr'>nabeturz</span> <span class='ocrx_word' id='word_1_430' title='bbox 702 3147 764 3226; x_wconf 80' lang='lat' dir='ltr'>Qui</span> <span class='ocrx_word' id='word_1_431' title='bbox 779 3157 883 3208; x_wconf 75' lang='lat' dir='ltr'>autem·</span> <span class='ocrx_word' id='word_1_432' title='bbox 898 3167 955 3209; x_wconf 86' lang='lat' dir='ltr'>nori</span> <span class='ocrx_word' id='word_1_433' title='bbox 967 3164 1034 3224; x_wconf 82' lang='lat' dir='ltr'>per·</span> <span class='ocrx_word' id='word_1_434' title='bbox 1070 3149 1279 3211; x_wconf 76' lang='lat' dir='ltr'>tetveniendi‘.</span> <span class='ocrx_word' id='word_1_435' title='bbox 1309 3149 1468 3213; x_wconf 85' lang='lat' dir='ltr'>Caeterum</span> <span class='ocrx_word' id='word_1_436' title='bbox 1495 3165 1587 3213; x_wconf 87' lang='lat' dir='ltr'>nemo</span> <span class='ocrx_word' id='word_1_437' title='bbox 1674 3145 1735 3210; x_wconf 87' lang='lat' dir='ltr'>abit</span> <span class='ocrx_word' id='word_1_438' title='bbox 1757 3143 1846 3223; x_wconf 77' lang='lat' dir='ltr'>potis·</span> 
     </span>
     <span class='ocr_line' id='line_1_35' title="bbox 258 3222 1846 3368; baseline -0.001 -76"><span class='ocrx_word' id='word_1_439' title='bbox 258 3225 380 3306; x_wconf 78' lang='lat' dir='ltr'>severas</span> <span class='ocrx_word' id='word_1_440' title='bbox 398 3224 575 3313; x_wconf 71' lang='lat' dir='ltr'>irroratione</span> <span class='ocrx_word' id='word_1_441' title='bbox 595 3222 684 3305; x_wconf 73' lang='lat' dir='ltr'>iisque</span> <span class='ocrx_word' id='word_1_442' title='bbox 706 3229 780 3315; x_wconf 67' lang='lat' dir='ltr'>ditm</span> <span class='ocrx_word' id='word_1_443' title='bbox 796 3224 886 3305; x_wconf 67' lang='lat' dir='ltr'>Miffa</span> <span class='ocrx_word' id='word_1_444' title='bbox 915 3243 1034 3368; x_wconf 57' lang='lat' dir='ltr'>perafre-</span> <span class='ocrx_word' id='word_1_445' title='bbox 1069 3225 1088 3289; x_wconf 82' lang='lat' dir='ltr'>ii</span> <span class='ocrx_word' id='word_1_446' title='bbox 1112 3228 1208 3292; x_wconf 87' lang='lat' dir='ltr'>vellet</span> <span class='ocrx_word' id='word_1_447' title='bbox 1231 3226 1637 3309; x_wconf 74' lang='lat' dir='ltr'>Ecclesia,.hoc·rigor0se,</span> <span class='ocrx_word' id='word_1_448' title='bbox 1691 3225 1744 3290; x_wconf 85' lang='lat' dir='ltr'>iub</span> <span class='ocrx_word' id='word_1_449' title='bbox 1759 3245 1846 3291; x_wconf 65' lang='lat' dir='ltr'>mou·</span> 
     </span>
     <span class='ocr_line' id='line_1_36' title="bbox 264 3306 1750 3394; baseline 0.001 -24"><span class='ocrx_word' id='word_1_450' title='bbox 264 3318 333 3370; x_wconf 75' lang='lat' dir='ltr'>aur.</span> <span class='ocrx_word' id='word_1_451' title='bbox 357 3351 364 3365; x_wconf 90' lang='lat'>.</span> <span class='ocrx_word' id='word_1_452' title='bbox 387 3316 582 3369; x_wconf 78' lang='lat' dir='ltr'>..convenit</span> <span class='ocrx_word' id='word_1_453' title='bbox 597 3325 795 3370; x_wconf 79' lang='lat' dir='ltr'>communione</span> <span class='ocrx_word' id='word_1_454' title='bbox 815 3306 954 3385; x_wconf 79' lang='lat' dir='ltr'>privari.</span> <span class='ocrx_word' id='word_1_455' title='bbox 1001 3324 1032 3371; x_wconf 88' lang='lat' dir='ltr'>ta</span> <span class='ocrx_word' id='word_1_456' title='bbox 1070 3308 1127 3370; x_wconf 86' lang='lat' dir='ltr'>tali</span> <span class='ocrx_word' id='word_1_457' title='bbox 1151 3312 1332 3386; x_wconf 67' lang='lat' dir='ltr'>praecipere:</span> <span class='ocrx_word' id='word_1_458' title='bbox 1551 3384 1554 3394; x_wconf 89' lang='lat'>.</span> <span class='ocrx_word' id='word_1_459' title='bbox 1747 3381 1750 3386; x_wconf 28' lang='lat'>¹</span> 
     </span>
     <span class='ocr_line' id='line_1_37' title="bbox 264 3384 1845 3467; baseline 0.001 -16"><span class='ocrx_word' id='word_1_460' title='bbox 264 3386 389 3463; x_wconf 77' lang='lat' dir='ltr'>Natalis</span> <span class='ocrx_word' id='word_1_461' title='bbox 404 3384 497 3450; x_wconf 84' lang='lat' dir='ltr'>Alex.</span> <span class='ocrx_word' id='word_1_462' title='bbox 509 3385 693 3450; x_wconf 75' lang='lat' dir='ltr'>§.Antonin</span> <span class='ocrx_word' id='word_1_463' title='bbox 716 3389 904 3461; x_wconf 66' lang='lat' dir='ltr'>Pulntoine,</span> <span class='ocrx_word' id='word_1_464' title='bbox 928 3387 1031 3452; x_wconf 87' lang='lat' dir='ltr'>Tour·</span> <span class='ocrx_word' id='word_1_465' title='bbox 1107 3387 1199 3454; x_wconf 75' lang='lat' dir='ltr'>Maria</span> <span class='ocrx_word' id='word_1_466' title='bbox 1231 3409 1349 3467; x_wconf 88' lang='lat' dir='ltr'>quoque</span> <span class='ocrx_word' id='word_1_467' title='bbox 1378 3405 1454 3455; x_wconf 85' lang='lat' dir='ltr'>tota·</span> <span class='ocrx_word' id='word_1_468' title='bbox 1476 3387 1632 3454; x_wconf 85' lang='lat' dir='ltr'>audienda·</span> <span class='ocrx_word' id='word_1_469' title='bbox 1647 3387 1691 3452; x_wconf 84' lang='lat' dir='ltr'>est</span> <span class='ocrx_word' id='word_1_470' title='bbox 1716 3387 1754 3451; x_wconf 88' lang='lat' dir='ltr'>ab</span> <span class='ocrx_word' id='word_1_471' title='bbox 1771 3403 1845 3452; x_wconf 65' lang='lat' dir='ltr'>uno*</span> 
     </span>
     <span class='ocr_line' id='line_1_38' title="bbox 261 3466 1834 3545; baseline 0 -14"><span class='ocrx_word' id='word_1_472' title='bbox 261 3467 337 3544; x_wconf 87' lang='lat' dir='ltr'>nely</span> <span class='ocrx_word' id='word_1_473' title='bbox 351 3487 420 3531; x_wconf 91' lang='lat' dir='ltr'>cum</span> <span class='ocrx_word' id='word_1_474' title='bbox 437 3466 504 3530; x_wconf 85' lang='lat' dir='ltr'>aliis</span> <span class='ocrx_word' id='word_1_475' title='bbox 513 3468 736 3531; x_wconf 89' lang='lat' dir='ltr'>communiter.</span> <span class='ocrx_word' id='word_1_476' title='bbox 759 3466 842 3530; x_wconf 88' lang='lat' dir='ltr'>Hinc</span> <span class='ocrx_word' id='word_1_477' title='bbox 851 3469 941 3532; x_wconf 83' lang='lat' dir='ltr'>iuxta</span> <span class='ocrx_word' id='word_1_478' title='bbox 952 3468 1033 3531; x_wconf 88' lang='lat' dir='ltr'>mul·</span> <span class='ocrx_word' id='word_1_479' title='bbox 1067 3468 1243 3545; x_wconf 84' lang='lat' dir='ltr'>eodemque</span> <span class='ocrx_word' id='word_1_480' title='bbox 1268 3468 1432 3534; x_wconf 87' lang='lat' dir='ltr'>Sacerdote</span> <span class='ocrx_word' id='word_1_481' title='bbox 1457 3486 1568 3535; x_wconf 88' lang='lat' dir='ltr'>contra</span> <span class='ocrx_word' id='word_1_482' title='bbox 1586 3470 1767 3532; x_wconf 85' lang='lat' dir='ltr'>Navarrum</span> <span class='ocrx_word' id='word_1_483' title='bbox 1799 3466 1834 3532; x_wconf 80' lang='lat' dir='ltr'>dc</span> 
     </span>
     <span class='ocr_line' id='line_1_39' title="bbox 262 3545 1834 3627; baseline -0.001 -16"><span class='ocrx_word' id='word_1_484' title='bbox 262 3567 336 3622; x_wconf 83' lang='lat' dir='ltr'>tos,</span> <span class='ocrx_word' id='word_1_485' title='bbox 357 3545 900 3624; x_wconf 77' lang='lat' dir='ltr'>praecipue·Cabairuiinmhrenum.</span> <span class='ocrx_word' id='word_1_486' title='bbox 923 3564 949 3626; x_wconf 80' lang='lat'>7:</span> <span class='ocrx_word' id='word_1_487' title='bbox 982 3546 1029 3611; x_wconf 88' lang='lat' dir='ltr'>ubi</span> <span class='ocrx_word' id='word_1_488' title='bbox 1065 3547 1337 3612; x_wconf 79' lang='lat' dir='ltr'>Cabass&#39;iitiumhi&#39;c</span> <span class='ocrx_word' id='word_1_489' title='bbox 1359 3569 1449 3612; x_wconf 82' lang='lat' dir='ltr'>num·</span> <span class='ocrx_word' id='word_1_490' title='bbox 1467 3567 1495 3627; x_wconf 82' lang='lat'>5&#39;.</span> <span class='ocrx_word' id='word_1_491' title='bbox 1521 3551 1609 3613; x_wconf 80' lang='lat' dir='ltr'>iuxta</span> <span class='ocrx_word' id='word_1_492' title='bbox 1625 3546 1770 3623; x_wconf 83' lang='lat' dir='ltr'>sensum,</span> <span class='ocrx_word' id='word_1_493' title='bbox 1799 3545 1834 3611; x_wconf 73' lang='grc' dir='ltr'>ἀ</span> 
     </span>
    </p>
   </div>
   <div class='ocr_carea' id='block_1_4' title="bbox 262 3617 1864 3705">
    <p class='ocr_par' dir='ltr' id='par_1_4' title="bbox 262 3617 1864 3705">
     <span class='ocr_line' id='line_1_40' title="bbox 262 3617 1864 3705; baseline -0.001 -13"><span class='ocrx_word' id='word_1_494' title='bbox 262 3644 360 3692; x_wconf 88' lang='lat' dir='ltr'>notat</span> <span class='ocrx_word' id='word_1_495' title='bbox 377 3627 454 3689; x_wconf 91' lang='lat' dir='ltr'>lianc</span> <span class='ocrx_word' id='word_1_496' title='bbox 484 3620 668 3689; x_wconf 87' lang='lat' dir='ltr'>sententiam</span> <span class='ocrx_word' id='word_1_497' title='bbox 696 3645 731 3689; x_wconf 92' lang='lat' dir='ltr'>ut</span> <span class='ocrx_word' id='word_1_498' title='bbox 760 3630 1002 3692; x_wconf 89' lang='lat' dir='ltr'>communiorem</span> <span class='ocrx_word' id='word_1_499' title='bbox 1022 3675 1039 3705; x_wconf 87' lang='lat'>,.</span> <span class='ocrx_word' id='word_1_500' title='bbox 1067 3631 1184 3704; x_wconf 85' lang='lat' dir='ltr'>praxim</span> <span class='ocrx_word' id='word_1_501' title='bbox 1205 3629 1364 3692; x_wconf 73' lang='lat' dir='ltr'>Ecclesia.</span> <span class='ocrx_word' id='word_1_502' title='bbox 1390 3629 1473 3693; x_wconf 90' lang='lat' dir='ltr'>Hinc</span> <span class='ocrx_word' id='word_1_503' title='bbox 1498 3647 1569 3692; x_wconf 94' lang='lat' dir='ltr'>non·</span> <span class='ocrx_word' id='word_1_504' title='bbox 1586 3627 1693 3695; x_wconf 83' lang='lat' dir='ltr'>implet</span> <span class='ocrx_word' id='word_1_505' title='bbox 1721 3617 1864 3705; x_wconf 63' lang='lat' dir='ltr'>praece-³</span> 
     </span>
    </p>
   </div>
   <div class='ocr_carea' id='block_1_5' title="bbox 1850 3404 1974 3589">
    <p class='ocr_par' dir='ltr' id='par_1_5' title="bbox 1850 3404 1974 3589">
     <span class='ocr_line' id='line_1_41' title="bbox 1853 3404 1974 3461; baseline -0.025 0"><span class='ocrx_word' id='word_1_506' title='bbox 1853 3404 1974 3461; x_wconf 70' lang='lat' dir='ltr'>Misero:</span> 
     </span>
     <span class='ocr_line' id='line_1_42' title="bbox 1851 3486 1971 3525; baseline -0.05 0"><span class='ocrx_word' id='word_1_507' title='bbox 1851 3487 1877 3525; x_wconf 62' lang='lat' dir='ltr'>fl</span> <span class='ocrx_word' id='word_1_508' title='bbox 1926 3486 1971 3522; x_wconf 64' lang='lat' dir='ltr'>{lle</span> 
     </span>
     <span class='ocr_line' id='line_1_43' title="bbox 1850 3536 1944 3589; baseline -0.011 0"><span class='ocrx_word' id='word_1_509' title='bbox 1850 3536 1944 3589; x_wconf 85' lang='lat' dir='ltr'>dieiidt</span> 
     </span>
    </p>
   </div>
   <div class='ocr_carea' id='block_1_6' title="bbox 1851 3677 1964 3714">
    <p class='ocr_par' dir='ltr' id='par_1_6' title="bbox 1851 3677 1964 3714">
     <span class='ocr_line' id='line_1_44' title="bbox 1851 3677 1964 3714; baseline -0.009 0"><span class='ocrx_word' id='word_1_510' title='bbox 1851 3677 1894 3714; x_wconf 74' lang='lat' dir='ltr'>slo&#39;</span> <span class='ocrx_word' id='word_1_511' title='bbox 1931 3678 1964 3713; x_wconf 69' lang='grc' dir='ltr'>ΕΟ</span> 
     </span>
    </p>
   </div>
   <div class='ocr_carea' id='block_1_7' title="bbox 259 3702 1959 3794">
    <p class='ocr_par' dir='ltr' id='par_1_7' title="bbox 259 3702 1959 3794">
     <span class='ocr_line' id='line_1_45' title="bbox 259 3702 1959 3794; baseline -0.001 -24"><span class='ocrx_word' id='word_1_512' title='bbox 259 3707 557 3785; x_wconf 89' lang='lat' dir='ltr'>probabilioremque</span> <span class='ocrx_word' id='word_1_513' title='bbox 579 3753 595 3782; x_wconf 77' lang='grc'>,.</span> <span class='ocrx_word' id='word_1_514' title='bbox 625 3704 668 3768; x_wconf 87' lang='lat' dir='ltr'>cll</span> <span class='ocrx_word' id='word_1_515' title='bbox 698 3702 884 3770; x_wconf 81' lang='lat' dir='ltr'>solummodo</span> <span class='ocrx_word' id='word_1_516' title='bbox 910 3706 1031 3774; x_wconf 85' lang='lat' dir='ltr'>veniale</span> <span class='ocrx_word' id='word_1_517' title='bbox 1066 3730 1152 3787; x_wconf 85' lang='lat' dir='ltr'>ptum</span> <span class='ocrx_word' id='word_1_518' title='bbox 1172 3713 1224 3784; x_wconf 88' lang='lat' dir='ltr'>qui</span> <span class='ocrx_word' id='word_1_519' title='bbox 1242 3708 1458 3786; x_wconf 86' lang='lat' dir='ltr'>plures-partes</span> <span class='ocrx_word' id='word_1_520' title='bbox 1479 3705 1646 3773; x_wconf 81' lang='lat' dir='ltr'>sive-simul</span> <span class='ocrx_word' id='word_1_521' title='bbox 1668 3705 1731 3769; x_wconf 89' lang='lat' dir='ltr'>sive</span> <span class='ocrx_word' id='word_1_522' title='bbox 1754 3707 1959 3794; x_wconf 79' lang='lat' dir='ltr'>adl-&#39;denique</span> 
     </span>
    </p>
   </div>
   <div class='ocr_carea' id='block_1_8' title="bbox 248 3782 1841 4749">
    <p class='ocr_par' dir='ltr' id='par_1_8' title="bbox 248 3782 1841 4749">
     <span class='ocr_line' id='line_1_46' title="bbox 258 3782 1832 3866; baseline -0.001 -15"><span class='ocrx_word' id='word_1_523' title='bbox 258 3805 419 3866; x_wconf 86' lang='lat' dir='ltr'>peccatum</span> <span class='ocrx_word' id='word_1_524' title='bbox 438 3782 555 3850; x_wconf 88' lang='lat' dir='ltr'>omissio</span> <span class='ocrx_word' id='word_1_525' title='bbox 572 3784 737 3849; x_wconf 86' lang='lat' dir='ltr'>auditionis</span> <span class='ocrx_word' id='word_1_526' title='bbox 758 3785 864 3849; x_wconf 82' lang='lat' dir='ltr'>Missae·</span> <span class='ocrx_word' id='word_1_527' title='bbox 886 3786 922 3850; x_wconf 87' lang='lat' dir='ltr'>ab</span> <span class='ocrx_word' id='word_1_528' title='bbox 939 3791 1035 3852; x_wconf 77' lang='lat' dir='ltr'>initio</span> <span class='ocrx_word' id='word_1_529' title='bbox 1067 3787 1157 3856; x_wconf 86' lang='lat' dir='ltr'>versis</span> <span class='ocrx_word' id='word_1_530' title='bbox 1177 3786 1261 3852; x_wconf 89' lang='lat' dir='ltr'>audit</span> <span class='ocrx_word' id='word_1_531' title='bbox 1280 3835 1289 3866; x_wconf 97' lang='lat'>,</span> <span class='ocrx_word' id='word_1_532' title='bbox 1316 3807 1372 3852; x_wconf 89' lang='lat' dir='ltr'>nec</span> <span class='ocrx_word' id='word_1_533' title='bbox 1392 3790 1442 3865; x_wconf 92' lang='lat' dir='ltr'>qui</span> <span class='ocrx_word' id='word_1_534' title='bbox 1461 3785 1647 3865; x_wconf 75' lang='lat' dir='ltr'>successive,</span> <span class='ocrx_word' id='word_1_535' title='bbox 1678 3806 1753 3862; x_wconf 87' lang='lat' dir='ltr'>puta</span> <span class='ocrx_word' id='word_1_536' title='bbox 1778 3805 1832 3848; x_wconf 84' lang='lat' dir='ltr'>air·</span> 
     </span>
     <span class='ocr_line' id='line_1_47' title="bbox 258 3863 1835 3954; baseline -0.003 -23"><span class='ocrx_word' id='word_1_537' title='bbox 258 3864 353 3944; x_wconf 87' lang='lat' dir='ltr'>iisque</span> <span class='ocrx_word' id='word_1_538' title='bbox 371 3866 408 3930; x_wconf 84' lang='lat' dir='ltr'>ad</span> <span class='ocrx_word' id='word_1_539' title='bbox 428 3863 592 3942; x_wconf 88' lang='lat' dir='ltr'>Episloiam</span> <span class='ocrx_word' id='word_1_540' title='bbox 609 3864 765 3954; x_wconf 79' lang='lat' dir='ltr'>exclusive</span> <span class='ocrx_word' id='word_1_541' title='bbox 783 3913 791 3943; x_wconf 93' lang='lat'>,</span> <span class='ocrx_word' id='word_1_542' title='bbox 807 3863 855 3930; x_wconf 84' lang='lat' dir='ltr'>sed</span> <span class='ocrx_word' id='word_1_543' title='bbox 875 3865 909 3932; x_wconf 82' lang='lat' dir='ltr'>dt</span> <span class='ocrx_word' id='word_1_544' title='bbox 931 3866 951 3929; x_wconf 83' lang='lat' dir='ltr'>li</span> <span class='ocrx_word' id='word_1_545' title='bbox 969 3866 1029 3945; x_wconf 89' lang='lat' dir='ltr'>ipsa</span> <span class='ocrx_word' id='word_1_546' title='bbox 1064 3870 1130 3937; x_wconf 80' lang='lat' dir='ltr'>dita</span> <span class='ocrx_word' id='word_1_547' title='bbox 1148 3867 1549 3950; x_wconf 68' lang='lat' dir='ltr'>abono—aconlecratlone</span> <span class='ocrx_word' id='word_1_548' title='bbox 1566 3865 1706 3945; x_wconf 87' lang='lat' dir='ltr'>usquein</span> <span class='ocrx_word' id='word_1_549' title='bbox 1727 3865 1835 3950; x_wconf 84' lang='lat' dir='ltr'>finem,</span> 
     </span>
     <span class='ocr_line' id='line_1_48' title="bbox 260 3944 1834 4026; baseline -0.002 -14"><span class='ocrx_word' id='word_1_550' title='bbox 260 3945 398 4026; x_wconf 86' lang='lat' dir='ltr'>Epillola</span> <span class='ocrx_word' id='word_1_551' title='bbox 419 3944 610 4022; x_wconf 89' lang='lat' dir='ltr'>relinquatur</span> <span class='ocrx_word' id='word_1_552' title='bbox 636 3947 706 4009; x_wconf 88' lang='lat' dir='ltr'>sine·</span> <span class='ocrx_word' id='word_1_553' title='bbox 728 3944 803 4009; x_wconf 85' lang='lat' dir='ltr'>iusta</span> <span class='ocrx_word' id='word_1_554' title='bbox 819 3947 920 4012; x_wconf 84' lang='lat' dir='ltr'>causs&#39;a</span> <span class='ocrx_word' id='word_1_555' title='bbox 940 3995 950 4023; x_wconf 92' lang='lat'>,</span> <span class='ocrx_word' id='word_1_556' title='bbox 972 3949 1030 4013; x_wconf 84' lang='lat' dir='ltr'>noc</span> <span class='ocrx_word' id='word_1_557' title='bbox 1065 3952 1173 4017; x_wconf 85' lang='lat' dir='ltr'>audita</span> <span class='ocrx_word' id='word_1_558' title='bbox 1195 3949 1232 4013; x_wconf 88' lang='lat' dir='ltr'>ab</span> <span class='ocrx_word' id='word_1_559' title='bbox 1248 3948 1310 4013; x_wconf 87' lang='lat' dir='ltr'>alio</span> <span class='ocrx_word' id='word_1_560' title='bbox 1326 3946 1484 4013; x_wconf 68' lang='lat' dir='ltr'>adiurato-</span> <span class='ocrx_word' id='word_1_561' title='bbox 1506 3947 1608 4026; x_wconf 79' lang='lat' dir='ltr'>usque‘</span> <span class='ocrx_word' id='word_1_562' title='bbox 1627 3946 1664 4010; x_wconf 84' lang='lat' dir='ltr'>td</span> <span class='ocrx_word' id='word_1_563' title='bbox 1679 3946 1834 4010; x_wconf 84' lang='lat' dir='ltr'>consecra·</span> 
     </span>
     <span class='ocr_line' id='line_1_49' title="bbox 259 4026 1833 4109; baseline -0.001 -17"><span class='ocrx_word' id='word_1_564' title='bbox 259 4029 426 4092; x_wconf 84' lang='lat' dir='ltr'>damnatur</span> <span class='ocrx_word' id='word_1_565' title='bbox 460 4044 493 4089; x_wconf 91' lang='lat' dir='ltr'>ut</span> <span class='ocrx_word' id='word_1_566' title='bbox 520 4029 652 4090; x_wconf 87' lang='lat' dir='ltr'>materia</span> <span class='ocrx_word' id='word_1_567' title='bbox 668 4026 824 4092; x_wconf 86' lang='lat' dir='ltr'>mortalis.</span> <span class='ocrx_word' id='word_1_568' title='bbox 855 4027 905 4091; x_wconf 88' lang='lat' dir='ltr'>lta</span> <span class='ocrx_word' id='word_1_569' title='bbox 924 4027 1028 4095; x_wconf 87' lang='lat' dir='ltr'>censet</span> <span class='ocrx_word' id='word_1_570' title='bbox 1065 4032 1287 4109; x_wconf 84' lang='lat' dir='ltr'>tionem,·quia</span> <span class='ocrx_word' id='word_1_571' title='bbox 1308 4026 1654 4094; x_wconf 78' lang='lat' dir='ltr'>ciimMislasitunum</span> <span class='ocrx_word' id='word_1_572' title='bbox 1670 4042 1833 4092; x_wconf 82' lang='lat' dir='ltr'>totumex</span> 
     </span>
     <span class='ocr_line' id='line_1_50' title="bbox 260 4105 1831 4188; baseline -0.002 -17"><span class='ocrx_word' id='word_1_573' title='bbox 260 4107 398 4172; x_wconf 86' lang='lat' dir='ltr'>Tabiena</span> <span class='ocrx_word' id='word_1_574' title='bbox 410 4154 420 4185; x_wconf 96' lang='lat'>,</span> <span class='ocrx_word' id='word_1_575' title='bbox 436 4106 618 4184; x_wconf 83' lang='lat' dir='ltr'>Navarrus,</span> <span class='ocrx_word' id='word_1_576' title='bbox 637 4107 771 4185; x_wconf 88' lang='lat' dir='ltr'>Suarez,</span> <span class='ocrx_word' id='word_1_577' title='bbox 789 4106 850 4170; x_wconf 79' lang='lat' dir='ltr'>dcc.</span> <span class='ocrx_word' id='word_1_578' title='bbox 873 4109 933 4171; x_wconf 84' lang='lat' dir='ltr'>Alii</span> <span class='ocrx_word' id='word_1_579' title='bbox 953 4125 1028 4171; x_wconf 90' lang='lat' dir='ltr'>vero</span> <span class='ocrx_word' id='word_1_580' title='bbox 1053 4111 1221 4188; x_wconf 74' lang='lat' dir='ltr'>soblatione</span> <span class='ocrx_word' id='word_1_581' title='bbox 1241 4155 1258 4188; x_wconf 84' lang='lat'>,·</span> <span class='ocrx_word' id='word_1_582' title='bbox 1281 4105 1514 4174; x_wconf 85' lang='lat' dir='ltr'>consecratione</span> <span class='ocrx_word' id='word_1_583' title='bbox 1549 4108 1583 4173; x_wconf 75' lang='grc' dir='ltr'>δι</span> <span class='ocrx_word' id='word_1_584' title='bbox 1615 4108 1831 4172; x_wconf 82' lang='lat' dir='ltr'>communione</span> 
     </span>
     <span class='ocr_line' id='line_1_51' title="bbox 257 4183 1839 4268; baseline -0.001 -15"><span class='ocrx_word' id='word_1_585' title='bbox 257 4204 374 4253; x_wconf 90' lang='lat' dir='ltr'>notant</span> <span class='ocrx_word' id='word_1_586' title='bbox 400 4189 561 4251; x_wconf 86' lang='lat' dir='ltr'>materiam</span> <span class='ocrx_word' id='word_1_587' title='bbox 598 4207 730 4266; x_wconf 76' lang='lat' dir='ltr'>gravem¹</span> <span class='ocrx_word' id='word_1_588' title='bbox 751 4186 812 4250; x_wconf 77' lang='lat' dir='ltr'>esse</span> <span class='ocrx_word' id='word_1_589' title='bbox 838 4204 963 4251; x_wconf 87' lang='lat' dir='ltr'>tantum</span> <span class='ocrx_word' id='word_1_590' title='bbox 991 4188 1028 4252; x_wconf 89' lang='lat' dir='ltr'>ab</span> <span class='ocrx_word' id='word_1_591' title='bbox 1064 4209 1209 4268; x_wconf 87' lang='lat' dir='ltr'>tanquam</span> <span class='ocrx_word' id='word_1_592' title='bbox 1238 4210 1286 4254; x_wconf 66' lang='lat' dir='ltr'>ex&#39;</span> <span class='ocrx_word' id='word_1_593' title='bbox 1309 4189 1444 4266; x_wconf 82' lang='lat' dir='ltr'>partibus</span> <span class='ocrx_word' id='word_1_594' title='bbox 1468 4186 1635 4254; x_wconf 73' lang='lat' dir='ltr'>conitindli&#39;s</span> <span class='ocrx_word' id='word_1_595' title='bbox 1660 4183 1839 4252; x_wconf 84' lang='lat' dir='ltr'>successivis·</span> 
     </span>
     <span class='ocr_line' id='line_1_52' title="bbox 253 4265 1841 4346; baseline -0.003 -16"><span class='ocrx_word' id='word_1_596' title='bbox 253 4268 355 4332; x_wconf 82' lang='lat' dir='ltr'>initio.</span> <span class='ocrx_word' id='word_1_597' title='bbox 373 4266 549 4345; x_wconf 81' lang='lat' dir='ltr'>Evangelii.</span> <span class='ocrx_word' id='word_1_598' title='bbox 582 4267 631 4332; x_wconf 84' lang='lat' dir='ltr'>Sic</span> <span class='ocrx_word' id='word_1_599' title='bbox 655 4270 767 4333; x_wconf 75' lang='lat' dir='ltr'>Pontes</span> <span class='ocrx_word' id='word_1_600' title='bbox 792 4266 826 4332; x_wconf 77' lang='lat' dir='ltr'>dc</span> <span class='ocrx_word' id='word_1_601' title='bbox 849 4266 919 4330; x_wconf 86' lang='lat' dir='ltr'>alii.</span> <span class='ocrx_word' id='word_1_602' title='bbox 949 4268 1027 4333; x_wconf 91' lang='lat' dir='ltr'>Cum</span> <span class='ocrx_word' id='word_1_603' title='bbox 1051 4267 1267 4346; x_wconf 77' lang='lat' dir='ltr'>coalescens,</span> <span class='ocrx_word' id='word_1_604' title='bbox 1298 4286 1400 4345; x_wconf 87' lang='lat' dir='ltr'>partes</span> <span class='ocrx_word' id='word_1_605' title='bbox 1424 4266 1613 4333; x_wconf 86' lang='lat' dir='ltr'>diversarum</span> <span class='ocrx_word' id='word_1_606' title='bbox 1640 4265 1802 4330; x_wconf 81' lang='lat' dir='ltr'>Missarum</span> <span class='ocrx_word' id='word_1_607' title='bbox 1821 4307 1841 4344; x_wconf 45' lang='lat'>,1</span> 
     </span>
     <span class='ocr_line' id='line_1_53' title="bbox 253 4345 1833 4437; baseline -0.002 -23"><span class='ocrx_word' id='word_1_608' title='bbox 253 4365 363 4414; x_wconf 79' lang='lat' dir='ltr'>nmen</span> <span class='ocrx_word' id='word_1_609' title='bbox 386 4395 394 4422; x_wconf 89' lang='lat'>,</span> <span class='ocrx_word' id='word_1_610' title='bbox 429 4351 473 4411; x_wconf 88' lang='lat' dir='ltr'>ait</span> <span class='ocrx_word' id='word_1_611' title='bbox 501 4345 662 4437; x_wconf 82' lang='lat' dir='ltr'>Tournely</span> <span class='ocrx_word' id='word_1_612' title='bbox 681 4392 697 4426; x_wconf 88' lang='lat'>,-</span> <span class='ocrx_word' id='word_1_613' title='bbox 722 4346 770 4414; x_wconf 80' lang='lat' dir='ltr'>hae</span> <span class='ocrx_word' id='word_1_614' title='bbox 799 4349 958 4426; x_wconf 78' lang='lat' dir='ltr'>opiniones</span> <span class='ocrx_word' id='word_1_615' title='bbox 981 4351 1027 4412; x_wconf 93' lang='lat' dir='ltr'>in·</span> <span class='ocrx_word' id='word_1_616' title='bbox 1060 4349 1192 4415; x_wconf 79' lang='lat' dir='ltr'>cunrad</span> <span class='ocrx_word' id='word_1_617' title='bbox 1203 4348 1234 4413; x_wconf 91' lang='lat' dir='ltr'>se</span> <span class='ocrx_word' id='word_1_618' title='bbox 1254 4352 1469 4416; x_wconf 86' lang='lat' dir='ltr'>invicem-non</span> <span class='ocrx_word' id='word_1_619' title='bbox 1484 4349 1766 4424; x_wconf 87' lang='lat' dir='ltr'>ordinentur,nec</span> <span class='ocrx_word' id='word_1_620' title='bbox 1786 4347 1833 4411; x_wconf 85' lang='lat' dir='ltr'>in·</span> 
     </span>
     <span class='ocr_line' id='line_1_54' title="bbox 252 4425 1841 4508; baseline -0.003 -14"><span class='ocrx_word' id='word_1_621' title='bbox 252 4446 349 4494; x_wconf 75' lang='lat' dir='ltr'>certe</span> <span class='ocrx_word' id='word_1_622' title='bbox 377 4426 465 4501; x_wconf 89' lang='lat' dir='ltr'>sint,</span> <span class='ocrx_word' id='word_1_623' title='bbox 501 4446 539 4490; x_wconf 89' lang='lat' dir='ltr'>ne</span> <span class='ocrx_word' id='word_1_624' title='bbox 568 4429 756 4492; x_wconf 86' lang='lat' dir='ltr'>conscientia</span> <span class='ocrx_word' id='word_1_625' title='bbox 784 4428 958 4503; x_wconf 86' lang='lat' dir='ltr'>remordeat</span> <span class='ocrx_word' id='word_1_626' title='bbox 980 4425 1024 4495; x_wconf 88' lang='lat' dir='ltr'>sa·</span> <span class='ocrx_word' id='word_1_627' title='bbox 1049 4450 1111 4508; x_wconf 86' lang='lat' dir='ltr'>¹cer</span> <span class='ocrx_word' id='word_1_628' title='bbox 1131 4429 1161 4494; x_wconf 90' lang='lat' dir='ltr'>se</span> <span class='ocrx_word' id='word_1_629' title='bbox 1179 4425 1663 4505; x_wconf 77' lang='lat' dir='ltr'>communicent,-scddisiunslae</span> <span class='ocrx_word' id='word_1_630' title='bbox 1674 4442 1841 4506; x_wconf 68' lang='lat' dir='ltr'>omnesne,-</span> 
     </span>
     <span class='ocr_line' id='line_1_55' title="bbox 249 4504 1832 4589; baseline -0.001 -19"><span class='ocrx_word' id='word_1_631' title='bbox 249 4511 420 4589; x_wconf 83' lang='lat' dir='ltr'>tegentium</span> <span class='ocrx_word' id='word_1_632' title='bbox 441 4504 484 4571; x_wconf 83' lang='lat' dir='ltr'>eil</span> <span class='ocrx_word' id='word_1_633' title='bbox 502 4522 546 4570; x_wconf 90' lang='lat' dir='ltr'>ut.</span> <span class='ocrx_word' id='word_1_634' title='bbox 557 4507 657 4572; x_wconf 81' lang='lat' dir='ltr'>Misia</span> <span class='ocrx_word' id='word_1_635' title='bbox 670 4511 791 4587; x_wconf 81' lang='lat' dir='ltr'>integra</span> <span class='ocrx_word' id='word_1_636' title='bbox 811 4508 868 4587; x_wconf 81' lang='lat' dir='ltr'>,dt</span> <span class='ocrx_word' id='word_1_637' title='bbox 885 4525 954 4576; x_wconf 85' lang='lat' dir='ltr'>tota</span> <span class='ocrx_word' id='word_1_638' title='bbox 974 4529 1025 4575; x_wconf 90' lang='lat' dir='ltr'>au·</span> <span class='ocrx_word' id='word_1_639' title='bbox 1052 4509 1094 4577; x_wconf 75' lang='lat' dir='ltr'>&#39;dc</span> <span class='ocrx_word' id='word_1_640' title='bbox 1112 4508 1171 4573; x_wconf 89' lang='lat' dir='ltr'>sint</span> <span class='ocrx_word' id='word_1_641' title='bbox 1189 4508 1492 4586; x_wconf 81' lang='lat' dir='ltr'>partes&#39;diversarum</span> <span class='ocrx_word' id='word_1_642' title='bbox 1508 4505 1673 4573; x_wconf 73' lang='lat' dir='ltr'>Missurum</span> <span class='ocrx_word' id='word_1_643' title='bbox 1688 4521 1832 4570; x_wconf 87' lang='lat' dir='ltr'>noncon·</span> 
     </span>
     <span class='ocr_line' id='line_1_56' title="bbox 253 4584 1831 4670; baseline -0.003 -15"><span class='ocrx_word' id='word_1_644' title='bbox 253 4589 383 4655; x_wconf 69' lang='lat' dir='ltr'>diaron.</span> <span class='ocrx_word' id='word_1_645' title='bbox 731 4665 733 4670; x_wconf 23' lang='grc' dir='ltr'>Ι</span> <span class='ocrx_word' id='word_1_646' title='bbox 976 4661 979 4668; x_wconf 47' lang='grc'><em>,</em></span> <span class='ocrx_word' id='word_1_647' title='bbox 1061 4588 1473 4655; x_wconf 68' lang='lat' dir='ltr'>stituentes&#39;unanrMisaam</span> <span class='ocrx_word' id='word_1_648' title='bbox 1493 4589 1663 4653; x_wconf 77' lang='lat' dir='ltr'>iuratione</span> <span class='ocrx_word' id='word_1_649' title='bbox 1679 4584 1831 4652; x_wconf 81' lang='lat' dir='ltr'>Sacrificii</span> 
     </span>
     <span class='ocr_line' id='line_1_57' title="bbox 248 4666 1832 4749; baseline -0.004 -15"><span class='ocrx_word' id='word_1_650' title='bbox 248 4717 252 4726; x_wconf 90' lang='lat'><em>.</em></span> <span class='ocrx_word' id='word_1_651' title='bbox 295 4669 426 4734; x_wconf 86' lang='lat' dir='ltr'>Certum</span> <span class='ocrx_word' id='word_1_652' title='bbox 441 4667 485 4732; x_wconf 86' lang='lat' dir='ltr'>est</span> <span class='ocrx_word' id='word_1_653' title='bbox 507 4687 632 4745; x_wconf 80' lang='lat' dir='ltr'>peccare</span> <span class='ocrx_word' id='word_1_654' title='bbox 653 4668 828 4733; x_wconf 87' lang='lat' dir='ltr'>venialiter·</span> <span class='ocrx_word' id='word_1_655' title='bbox 850 4667 1024 4747; x_wconf 70' lang='lat' dir='ltr'>qui&#39;ciilpa·</span> <span class='ocrx_word' id='word_1_656' title='bbox 1060 4667 1217 4737; x_wconf 75' lang='lat' dir='ltr'>seutsaciae</span> <span class='ocrx_word' id='word_1_657' title='bbox 1235 4666 1360 4736; x_wconf 70' lang='lat' dir='ltr'>allionis</span> <span class='ocrx_word' id='word_1_658' title='bbox 1384 4719 1391 4749; x_wconf 97' lang='lat'>,</span> <span class='ocrx_word' id='word_1_659' title='bbox 1419 4670 1593 4733; x_wconf 82' lang='lat' dir='ltr'>nullatenus</span> <span class='ocrx_word' id='word_1_660' title='bbox 1610 4667 1763 4733; x_wconf 80' lang='lat' dir='ltr'>suntuna</span> <span class='ocrx_word' id='word_1_661' title='bbox 1783 4668 1832 4729; x_wconf 91' lang='lat' dir='ltr'>in·</span> 
     </span>
    </p>
   </div>
   <div class='ocr_carea' id='block_1_9' title="bbox 251 4746 1841 4829">
    <p class='ocr_par' dir='ltr' id='par_1_9' title="bbox 251 4746 1841 4829">
     <span class='ocr_line' id='line_1_58' title="bbox 251 4746 1841 4829; baseline -0.005 -12"><span class='ocrx_word' id='word_1_662' title='bbox 251 4749 389 4828; x_wconf 79' lang='lat' dir='ltr'>biliter,</span> <span class='ocrx_word' id='word_1_663' title='bbox 413 4747 465 4812; x_wconf 91' lang='lat' dir='ltr'>seu</span> <span class='ocrx_word' id='word_1_664' title='bbox 493 4746 556 4814; x_wconf 89' lang='lat' dir='ltr'>sine</span> <span class='ocrx_word' id='word_1_665' title='bbox 582 4748 659 4812; x_wconf 88' lang='lat' dir='ltr'>iiilla</span> <span class='ocrx_word' id='word_1_666' title='bbox 687 4750 789 4814; x_wconf 84' lang='lat' dir='ltr'>caussa</span> <span class='ocrx_word' id='word_1_667' title='bbox 818 4770 880 4814; x_wconf 90' lang='lat' dir='ltr'>non</span> <span class='ocrx_word' id='word_1_668' title='bbox 897 4750 1023 4814; x_wconf 91' lang='lat' dir='ltr'>audiunt</span> <span class='ocrx_word' id='word_1_669' title='bbox 1049 4759 1147 4829; x_wconf 84' lang='lat' dir='ltr'>&#39;tegra</span> <span class='ocrx_word' id='word_1_670' title='bbox 1167 4747 1267 4814; x_wconf 72' lang='lat' dir='ltr'>Missa</span> <span class='ocrx_word' id='word_1_671' title='bbox 1281 4769 1371 4827; x_wconf 88' lang='lat' dir='ltr'>quam</span> <span class='ocrx_word' id='word_1_672' title='bbox 1388 4748 1493 4815; x_wconf 89' lang='lat' dir='ltr'>audire</span> <span class='ocrx_word' id='word_1_673' title='bbox 1515 4747 1645 4813; x_wconf 82' lang='lat' dir='ltr'>Ecclesia</span> <span class='ocrx_word' id='word_1_674' title='bbox 1666 4746 1841 4826; x_wconf 69' lang='lat' dir='ltr'>praecipu..</span> 
     </span>
    </p>
   </div>
   <div class='ocr_carea' id='block_1_10' title="bbox 251 4825 1833 4906">
    <p class='ocr_par' dir='ltr' id='par_1_10' title="bbox 251 4825 1833 4906">
     <span class='ocr_line' id='line_1_59' title="bbox 251 4825 1833 4906; baseline -0.003 -12"><span class='ocrx_word' id='word_1_675' title='bbox 251 4833 379 4898; x_wconf 78' lang='lat' dir='ltr'>initium</span> <span class='ocrx_word' id='word_1_676' title='bbox 395 4827 494 4893; x_wconf 69' lang='lat' dir='ltr'>Missa</span> <span class='ocrx_word' id='word_1_677' title='bbox 511 4849 585 4894; x_wconf 87' lang='lat' dir='ltr'>ante</span> <span class='ocrx_word' id='word_1_678' title='bbox 602 4825 783 4906; x_wconf 86' lang='lat' dir='ltr'>Epissoiam,</span> <span class='ocrx_word' id='word_1_679' title='bbox 806 4829 891 4894; x_wconf 69' lang='lat' dir='ltr'>inriti</span> <span class='ocrx_word' id='word_1_680' title='bbox 914 4832 958 4893; x_wconf 91' lang='lat' dir='ltr'>illi</span> <span class='ocrx_word' id='word_1_681' title='bbox 979 4847 1024 4894; x_wconf 94' lang='lat' dir='ltr'>et·</span> <span class='ocrx_word' id='word_1_682' title='bbox 1059 4830 1155 4896; x_wconf 88' lang='lat' dir='ltr'>sicuti·</span> <span class='ocrx_word' id='word_1_683' title='bbox 1169 4849 1226 4894; x_wconf 88' lang='lat' dir='ltr'>nec</span> <span class='ocrx_word' id='word_1_684' title='bbox 1246 4828 1322 4893; x_wconf 87' lang='lat' dir='ltr'>esset</span> <span class='ocrx_word' id='word_1_685' title='bbox 1342 4831 1364 4893; x_wconf 91' lang='lat' dir='ltr'>si</span> <span class='ocrx_word' id='word_1_686' title='bbox 1380 4829 1525 4895; x_wconf 84' lang='lat' dir='ltr'>Sacerdos</span> <span class='ocrx_word' id='word_1_687' title='bbox 1536 4828 1665 4893; x_wconf 85' lang='lat' dir='ltr'>hostiam</span> <span class='ocrx_word' id='word_1_688' title='bbox 1683 4829 1833 4903; x_wconf 82' lang='lat' dir='ltr'>sumeret,</span> 
     </span>
    </p>
   </div>
   <div class='ocr_carea' id='block_1_11' title="bbox 1848 3791 1985 3909">
    <p class='ocr_par' dir='ltr' id='par_1_11' title="bbox 1848 3791 1985 3909">
     <span class='ocr_line' id='line_1_60' title="bbox 1854 3791 1985 3846; baseline 0.023 -5"><span class='ocrx_word' id='word_1_689' title='bbox 1854 3791 1985 3846; x_wconf 71' lang='lat' dir='ltr'>sieetdm·</span> 
     </span>
     <span class='ocr_line' id='line_1_61' title="bbox 1848 3870 1890 3909; baseline 0.095 -4"><span class='ocrx_word' id='word_1_690' title='bbox 1848 3870 1890 3909; x_wconf 80' lang='lat' dir='ltr'>te.</span> 
     </span>
    </p>
   </div>
   <div class='ocr_carea' id='block_1_12' title="bbox 250 4905 1844 5074">
    <p class='ocr_par' dir='ltr' id='par_1_12' title="bbox 250 4905 1844 5074">
     <span class='ocr_line' id='line_1_62' title="bbox 250 4905 1844 4990; baseline -0.005 -14"><span class='ocrx_word' id='word_1_691' title='bbox 250 4914 314 4976; x_wconf 91' lang='lat' dir='ltr'>iam</span> <span class='ocrx_word' id='word_1_692' title='bbox 343 4913 397 4988; x_wconf 88' lang='lat' dir='ltr'>qui</span> <span class='ocrx_word' id='word_1_693' title='bbox 423 4908 548 4986; x_wconf 73' lang='lat' dir='ltr'>peraua-</span> <span class='ocrx_word' id='word_1_694' title='bbox 566 4914 791 4975; x_wconf 84' lang='lat' dir='ltr'>communione</span> <span class='ocrx_word' id='word_1_695' title='bbox 810 4910 1022 4988; x_wconf 77' lang='lat' dir='ltr'>egrediuntur.</span> <span class='ocrx_word' id='word_1_696' title='bbox 1059 4925 1238 4990; x_wconf 84' lang='lat' dir='ltr'>quam-non·</span> <span class='ocrx_word' id='word_1_697' title='bbox 1251 4908 1359 4984; x_wconf 85' lang='lat' dir='ltr'>liodie,</span> <span class='ocrx_word' id='word_1_698' title='bbox 1375 4909 1425 4974; x_wconf 89' lang='lat' dir='ltr'>sed</span> <span class='ocrx_word' id='word_1_699' title='bbox 1446 4911 1518 4976; x_wconf 88' lang='lat' dir='ltr'>lieri·</span> <span class='ocrx_word' id='word_1_700' title='bbox 1532 4905 1745 4984; x_wconf 78' lang='lat' dir='ltr'>consecravit,</span> <span class='ocrx_word' id='word_1_701' title='bbox 1762 4927 1844 4989; x_wconf 79' lang='lat' dir='ltr'>nain·</span> 
     </span>
     <span class='ocr_line' id='line_1_63' title="bbox 250 4985 1844 5074; baseline -0.008 -14"><span class='ocrx_word' id='word_1_702' title='bbox 250 4993 438 5060; x_wconf 74' lang='lat' dir='ltr'>Mortaiiter</span> <span class='ocrx_word' id='word_1_703' title='bbox 457 5008 561 5053; x_wconf 86' lang='lat' dir='ltr'>tamen</span> <span class='ocrx_word' id='word_1_704' title='bbox 580 5010 723 5068; x_wconf 84' lang='lat' dir='ltr'>peccaret</span> <span class='ocrx_word' id='word_1_705' title='bbox 740 4991 790 5067; x_wconf 93' lang='lat' dir='ltr'>qui</span> <span class='ocrx_word' id='word_1_706' title='bbox 807 4987 872 5054; x_wconf 83' lang='lat' dir='ltr'>sol&#39;o</span> <span class='ocrx_word' id='word_1_707' title='bbox 888 5008 1025 5069; x_wconf 84' lang='lat' dir='ltr'>tempore</span> <span class='ocrx_word' id='word_1_708' title='bbox 1059 4990 1356 5056; x_wconf 77' lang='lat' dir='ltr'>consecratiouiiius</span> <span class='ocrx_word' id='word_1_709' title='bbox 1378 4988 1505 5067; x_wconf 79' lang='lat' dir='ltr'>liosliz,</span> <span class='ocrx_word' id='word_1_710' title='bbox 1524 4989 1563 5056; x_wconf 75' lang='grc' dir='ltr'>ἀ</span> <span class='ocrx_word' id='word_1_711' title='bbox 1578 4985 1844 5074; x_wconf 64' lang='lat' dir='ltr'>constitnptioal·¹</span> 
     </span>
    </p>
   </div>
   <div class='ocr_carea' id='block_1_13' title="bbox 250 5064 1846 5215">
    <p class='ocr_par' dir='ltr' id='par_1_13' title="bbox 250 5064 1846 5215">
     <span class='ocr_line' id='line_1_64' title="bbox 250 5064 1846 5215; baseline -0.009 -74"><span class='ocrx_word' id='word_1_712' title='bbox 250 5070 496 5140; x_wconf 68' lang='lat' dir='ltr'>consecrationis</span> <span class='ocrx_word' id='word_1_713' title='bbox 513 5067 734 5147; x_wconf 84' lang='lat' dir='ltr'>abesset·‚.cum</span> <span class='ocrx_word' id='word_1_714' title='bbox 753 5069 820 5136; x_wconf 83' lang='lat' dir='ltr'>hate</span> <span class='ocrx_word' id='word_1_715' title='bbox 836 5090 903 5148; x_wconf 87' lang='lat' dir='ltr'>pars</span> <span class='ocrx_word' id='word_1_716' title='bbox 914 5069 1024 5136; x_wconf 81' lang='lat' dir='ltr'>litma-</span> <span class='ocrx_word' id='word_1_717' title='bbox 1061 5074 1163 5138; x_wconf 80' lang='lat' dir='ltr'>terius·</span> <span class='ocrx_word' id='word_1_718' title='bbox 1178 5067 1314 5136; x_wconf 77' lang='lat' dir='ltr'>Missam-</span> <span class='ocrx_word' id='word_1_719' title='bbox 1329 5069 1602 5136; x_wconf 64' lang='lat' dir='ltr'>nonieoriilituunt</span> <span class='ocrx_word' id='word_1_720' title='bbox 1625 5115 1635 5146; x_wconf 91' lang='lat'>‚</span> <span class='ocrx_word' id='word_1_721' title='bbox 1662 5064 1846 5215; x_wconf 49' lang='grc' dir='ltr'>ἢουᾶῗῶυ</span> 
     </span>
     <span class='ocr_line' id='line_1_65' title="bbox 1457 5168 1550 5209; baseline -0.032 -33"><span class='ocrx_word' id='word_1_722' title='bbox 1457 5169 1463 5176; x_wconf 82' lang='grc'><strong><em>,</em></strong></span> <span class='ocrx_word' id='word_1_723' title='bbox 1522 5168 1550 5209; x_wconf 34' lang='lat'>²·</span> 
     </span>
    </p>
   </div>
   <div class='ocr_carea' id='block_1_14' title="bbox 0 0 2218 6000">
    <p class='ocr_par' dir='ltr' id='par_1_14' title="bbox 0 0 2218 6000">
     <span class='ocr_line' id='line_1_66' title="bbox 0 0 2218 6000; baseline 0 12"><span class='ocrx_word' id='word_1_724' title='bbox 0 0 2218 6000; x_wconf 95' lang='lat' dir='ltr'> </span> 
     </span>
    </p>
   </div>
  </div>
 </body>
</html>
