4425 6000
1279 428 1283 451 l
1364 446 1375 466 ι
1655 444 1663 455 ,

335 531 464 606 ¹404*
533 507 706 603 Tener.
736 528 793 578 oa
823 509 1080 579 Pancetrrs
1115 504 1343 580 Decatoct
1372 503 1474 576 Cat.
1501 499 1606 575 vm.

294 610 454 688 propalare
481 605 598 671 crimen
626 604 782 669 oecultum
807 603 987 669 detrauoris
1007 651 1017 679 ‚
1037 601 1059 664 st
1094 620 1182 670 tatur
1202 598 1370 689 secretum,
1386 621 1424 665 ex
1446 602 1477 665 vi
1497 597 1541 663 sui
1557 597 1694 663 muneris
1720 594 1774 664 seu
1791 599 1863 664 offi-

293 711 330 754 ea
348 686 518 766 propalatio
538 685 651 750 serviat
672 681 763 766 adsui
784 682 1002 758 defensionem,
1022 702 1058 748 ut
1093 687 1131 749 cii
1153 681 1187 744 ad
1207 682 1280 744 illud
1297 681 1478 747 servandum
1498 677 1568 744 sunt
1587 678 1739 756 obnoxii,
1758 679 1792 745 dt
1811 680 1863 744 iub

294 769 525 833 calumniatoris
541 765 729 841 deprimatur
752 763 939 854 audioritas,
960 762 1058 840 sicque
1093 765 1150 829 tali
1171 781 1264 824 onere
1284 764 1417 827 alterius
1434 755 1583 848 secpetum
1606 759 1764 835 recipiunt
1784 801 1792 816 ·
1816 758 1862 824 Sic

293 847 474 913 detrahatur
488 843 562 908 sides
579 846 755 909 calumnia.
777 845 808 906 Si
827 865 929 909 autem
945 865 1057 920 capro·
1092 844 1294 910 communiter
1314 839 1479 906 Doslorea.

293 928 406 1006 palatio
426 946 487 989 non
503 923 672 1003 inserviat,
687 942 742 987 oec
762 921 819 990 frat
839 924 875 987 ad
893 922 935 987 sui
953 924 1057 989 defen·
1131 925 1287 988 Secretttm
1309 923 1403 1000 igitur
1418 920 1497 996 quod
1511 941 1551 986 ex
1567 933 1684 981 natura
1706 914 1859 993 teiiequi·
1877 926 1912 996 ua

293 1009 406 1073 sionem
428 1055 436 1083 ,
459 1005 508 1069 t'ed
533 1021 657 1070 tantum
675 1024 714 1068 ex
741 1009 862 1070 motivo
889 1004 1056 1082 vindislae,
1092 1021 1142 1067 tur
1160 1050 1167 1075 ‚
1197 1001 1417 1065 observandum
1446 997 1491 1063 est
1512 998 1568 1065 sub
1588 996 1718 1060 mortali
1736 1045 1746 1073 ,
1770 996 1802 1061 dt
1820 991 1912 1060 eus‘tt

291 1093 350 1154 crit
372 1089 502 1163 illicita,
529 1090 600 1162 quia
623 1073 794 1161 piopalatio
821 1086 934 1150 occulti
957 1089 1056 1149 crimi-
1093 1082 1227 1155 iullitia,
1244 1084 1363 1156 quotics
1381 1099 1420 1143 ex
1440 1079 1521 1143 illius
1538 1077 1739 1165 revelatione
1757 1078 1783 1138 is
1798 1097 1860 1156 gra·
1873 1069 1912 1170 {fl

293 1175 361 1246 nis,
382 1187 418 1232 ut
435 1167 587 1253 colligitur
607 1186 647 1230 ex
666 1164 771 1239 diuis,
792 1184 935 1230 naturam
955 1166 1055 1229 detra·
1093 1166 1175 1228 viter
1196 1159 1326 1225 laedatur
1346 1162 1436 1223 cuius
1462 1156 1504 1221 est
1529 1161 1713 1233 secretum,
1738 1157 1789 1248 vel
1808 1156 1858 1219 da·
1872 1179 1912 1233 pp⁴

291 1247 637 1325 mopsuostenum,
658 1265 714 1310 nec
736 1246 879 1322 excusat,
900 1245 955 1309 nist
983 1243 1057 1310 sasla
1091 1263 1196 1306 meum
1217 1240 1337 1320 aliquod
1366 1244 1397 1304 in
1418 1237 1501 1305 fama
1526 1237 1577 1307 vel
1603 1240 1636 1302 in
1656 1234 1793 1302 sortunia
1809 1230 1907 1314 ipsius

291 1328 330 1393 fit
350 1349 390 1393 ex
417 1330 537 1393 motivo
561 1329 690 1394 alicuius
716 1327 874 1391 ueceil'arii
904 1325 973 1392 boni
992 1376 1001 1405 ,
1023 1349 1057 1392 ac
1093 1324 1268 1387 immineat.
1292 1320 1472 1387 Notandum
1488 1339 1589 1386 tamen
1612 1339 1671 1383 nec
1690 1319 1749 1383 boc
1768 1313 1858 1385 lecre-
1872 1325 1912 1365 Ἰ·

293 1408 417 1487 proinde
432 1429 471 1473 ex
488 1407 615 1474 iulia&
634 1403 809 1472 rationabili
826 1408 944 1472 cauil'a.
1094 1423 1161 1469 tum
1177 1398 1316 1488 frangere
1335 1454 1342 1480 ‚
1362 1425 1417 1467 nec
1439 1401 1498 1467 alia
1510 1402 1578 1466 duo
1594 1448 1604 1479 ,
1634 1399 1673 1462 de
1698 1397 1806 1476 quibua
1820 1398 1862 1462 di·

709 1508 712 1514 ’
1093 1500 1180 1548 cetur
1199 1531 1209 1560 ,
1228 1486 1290 1548 elle
1310 1502 1492 1561 peccatum,
1518 1480 1640 1557 quando
1656 1482 1726 1554 quis
1748 1481 1781 1545 vi
1802 1497 1861 1544 tor·

621 1573 648 1632 5.
689 1568 730 1630 Χ.
1094 1580 1267 1627 mentorum
1288 1564 1339 1627 vel
1369 1568 1475 1626 mortis
1506 1560 1706 1638 compellitur
1739 1557 1863 1623 utillud

379 1688 424 1747 θ’
448 1681 580 1749 ”elei
594 1682 704 1766 sav
724 1706 780 1750 tv
800 1685 969 1757 racina.
1094 1643 1251 1786 {ltili
1269 1637 1740 1786 ‘lusistislusistis
1756 1637 1865 1783 lile

330 1801 410 1865 Cum
432 1799 573 1866 hasienus
589 1806 742 1882 egerimus
759 1799 797 1863 de
813 1797 989 1863 criminibus
1009 1820 1057 1863 oc·
1093 1802 1254 1866 commodo
1271 1771 1344 1865 illud
1360 1802 1462 1865 celare
1479 1797 1670 1878 ,dummodo
1688 1817 1753 1860 non
1771 1797 1863 1863 cedat

292 1880 385 1944 cultis
407 1900 468 1943 non
490 1881 720 1946 revelandis&
745 1880 913 1943 decorum
944 1881 1058 1944 notitia
1095 1886 1127 1945 in
1147 1883 1298 1958 publicum
1328 1882 1496 1956 danrnum,
1523 1881 1560 1944 ad
1589 1876 1672 1954 quod
1701 1877 1863 1963 vitandum

292 1958 483 2034 aliarumque
510 1980 610 2023 rerum
635 1957 712 2037 saepe
735 1956 890 2023 commissa
921 1961 1058 2023 naturali
1094 1961 1216 2038 quilque
1242 1980 1364 2025 tenetur
1385 1964 1480 2024 etiam
1513 1957 1611 2021 subire
1641 1972 1791 2019 mortem.
1818 1955 1864 2020 ld·

174 2080 178 2087 ·
291 2035 413 2104 secreto
459 2040 519 2100 nori
544 2042 746 2117 incongruum
776 2037 916 2100 duximus
945 2036 981 2100 de
1009 2061 1058 2102 eo·
1095 2046 1176 2104 circo
1192 2041 1279 2104 miles
1298 2058 1420 2104 tenetur
1436 2038 1558 2103 servate
1576 2035 1758 2113 secretum,
1779 2041 1864 2100 cuius

183 2142 185 2149 ·
218 2136 220 2141 ·
291 2115 358 2179 dem
390 2070 509 2192 qssu'ue
525 2115 573 2181 bic
597 2138 710 2196 agere,
727 2115 800 2185 idest
816 2117 852 2180 de
868 2115 988 2182 secreto
1007 2138 1059 2182 ex·
1095 2122 1246 2184 revelatio
1264 2122 1387 2184 cederet
1409 2121 1439 2180 in
1467 2120 1611 2182 damnum
1640 2115 1796 2180 exercitus
1814 2114 1863 2180 vel

293 2214 343 2261 tta
375 2193 593 2261 consessionem
623 2216 780 2278 acceptu,
809 2199 878 2273 quia
904 2197 940 2261 de
966 2197 1059 2277 sigillo
1093 2201 1204 2277 ducis,
1234 2201 1306 2263 licet
1327 2197 1509 2265 cruciatibus
1529 2212 1714 2261 necaretur.
1744 2192 1796 2258 lta
1814 2197 1862 2273 qui

291 2273 486 2339 consessionis
504 2277 541 2338 ad
559 2280 711 2353 propritun
733 2280 832 2344 locum
848 2296 935 2353 agere
956 2281 1059 2341 remit·
1093 2277 1229 2343 officium
1246 2280 1395 2357 publicum
1415 2296 1560 2343 exercent
1582 2281 1682 2339 etiam
1698 2295 1772 2337 cum
1785 2277 1862 2342 vitat

290 2360 389 2419 timus
414 2403 423 2432 ,
448 2355 567 2430 quando
598 2353 712 2421 scilicet
745 2354 991 2437 perturbabimus
1012 2359 1058 2429 de
1093 2361 1264 2423 discrimine
1299 2357 1351 2422 lub
1379 2356 1499 2422 filentio
1527 2359 1665 2419 retinete
1698 2352 1809 2418 debent
1828 2372 1862 2419 ea

294 2436 495 2499 Poenitentiae
520 2436 745 2514 Sacramento,
772 2437 809 2503 ad
843 2435 921 2510 ottod
949 2434 1058 2510 spesiat
1095 2460 1160 2514 quae
1184 2443 1214 2500 in
1231 2440 1357 2502 consilio
1375 2455 1506 2516 aguntur
1525 2434 1562 2500 ad
1576 2452 1745 2499 commune
1756 2431 1861 2505 bonum

291 2511 458 2587 conscilio,
477 2513 512 2579 δι
537 2515 623 2578 huius
652 2513 799 2582 secretum
823 2514 884 2581 five
905 2515 1063 2594 tigillum,
1094 2519 1259 2592 speslantia
1282 2516 1360 2596 ,nisi
1380 2520 1466 2595 parvi
1488 2514 1585 2580 essent
1607 2516 1790 2590 momenti,
1813 2508 1862 2579 vei

190 2636 193 2643 ·
294 2612 329 2658 ut
351 2590 427 2657 s0¹²t
443 2594 612 2680 appellari·
1095 2599 1165 2661 talis
1183 2598 1334 2661 revelatio
1350 2598 1472 2662 cederet
1495 2598 1526 2657 in
1544 2597 1616 2658 leve
1636 2610 1801 2660 commune
1816 2589 1861 2655 da·

335 2675 455 2762 Praeter
474 2673 622 2737 secretum
641 2674 718 2751 quod
739 2675 867 2751 iubetur
892 2671 944 2739 sub
964 2673 1060 2752 sigillo
1094 2697 1219 2754 mnum,
1239 2680 1310 2753 quia
1331 2697 1393 2741 non
1415 2674 1577 2740 censentur
1594 2680 1626 2736 in
1652 2693 1688 2737 re
1709 2672 1773 2738 levi
1793 2669 1861 2737 obli·

293 2749 485 2844 tonseiitoois
504 2753 584 2815 aliud
601 2749 712 2832 triplex
731 2753 879 2822 secretum
893 2754 1059 2832 considera·
1093 2759 1249 2835 gationem
1271 2757 1341 2820 talis
1366 2753 1472 2820 secreti
1504 2754 1651 2836 servandi·
1681 2773 1755 2818 cum
1773 2768 1861 2815 tanto

293 2853 318 2894 rr
342 2831 439 2895 soter.
465 2834 594 2896 Primurn
623 2838 745 2911 quando
764 2857 803 2899 ex
828 2853 938 2899 natura
956 2837 999 2898 rei
1019 2834 1060 2896 sc·
1095 2836 1286 2902 incommodo
1303 2836 1417 2912 l'ubire,
1434 2837 1572 2912 quamvis
1591 2832 1864 2897 oblervaturosiu·

292 2913 398 2987 qttitur
419 2930 526 3004 ,puta
548 2930 584 2976 ut
608 2914 627 2975 si
653 2921 719 2990 quis
748 2914 818 2979 casu
838 2915 891 2979 vel
913 2912 1060 2977 industria
1097 2919 1236 2982 raverint
1257 2964 1265 2994 ,
1285 2920 1437 2992 quianon
1459 2913 1636 2978 iudicantur
1664 2911 1694 2976 se
1719 2910 1804 2976 velle
1824 2914 1863 2974 iu·

241 3003 243 3007 '
293 3012 441 3071 cognovit
463 2993 589 3057 alterius
613 2995 780 3073 deiillpm,
802 2998 854 3062 vel
879 2998 999 3075 accepit
1021 3016 1060 3058 ex
1095 3000 1226 3063 ramenti
1257 2996 1380 3062 vinculo
1411 2992 1575 3073 astringere
1598 3015 1675 3058 cum
1702 2993 1860 3058 tantuin·

292 3072 443 3135 relatione
474 3070 535 3135 sine
564 3073 668 3138 debito
698 3077 772 3141 illud
806 3074 975 3152 servandi,
1009 3075 1058 3138 vel
1093 3078 1349 3142 commodoinre
1367 3079 1456 3152 parvi
1474 3076 1646 3139 momenti.

292 3151 414 3242 quando
441 3152 517 3215 alins
546 3159 699 3217 exanimi
720 3157 849 3220 levitate
871 3156 944 3220 iilud
975 3175 1059 3219 reve·
1135 3158 1246 3231 Quoad
1267 3153 1382 3221 secreta
1405 3174 1481 3219 vero
1501 3174 1595 3231 ,quae
1621 3150 1793 3227 respiciunt
1814 3151 1862 3220 bo·

292 3230 401 3321 iavit.
436 3249 464 3290 a..
484 3231 618 3322 Quando
647 3255 693 3296 res
715 3257 752 3299 ex
776 3254 885 3299 natura
915 3235 968 3299 sua
997 3255 1058 3298 non
1096 3257 1167 3301 num
1187 3236 1374 3312 particulare
1393 3238 1566 3312 privatum,
1586 3228 1803 3312 seclusosravi
1820 3238 1860 3296 in

291 3308 458 3372 inducebat
478 3310 613 3373 debiturn
635 3309 771 3377 servandi
801 3314 979 3389 secretum,
1010 3313 1058 3377 vel
1094 3316 1253 3381 commodo
1268 3310 1421 3379 subeundo
1451 3331 1676 3378 tormentorum
1701 3313 1755 3377 uel
1785 3334 1859 3377 mor·

291 3388 411 3451 nulium
433 3388 575 3452 damnum
600 3408 638 3453 ex
661 3396 726 3461 eius
744 3395 935 3458 revelatione
959 3389 1060 3468 sequa·
1096 3400 1157 3473 tis,
1177 3393 1320 3470 utsupra
1341 3397 1471 3458 diximus
1491 3442 1499 3470 ,
1528 3393 1718 3468 alteriui'que
1741 3393 1860 3457 huiusce

292 3485 365 3542 tur,
389 3488 444 3531 nec
460 3469 533 3554 mibi
555 3470 591 3532 ab
622 3472 684 3536 aiio
713 3473 900 3556 commissum
921 3470 963 3535 cii
985 3520 993 3546 ‚
1013 3469 1060 3534 sed
1114 3478 1214 3542 coeris
1239 3494 1292 3551 pro
1308 3479 1374 3538 eius
1392 3475 1580 3540 revelatione
1601 3467 1780 3550 ,servanda
1797 3469 1861 3537 fiant

290 3545 404 3689 (ἔοικε
428 3568 483 3625 ego
503 3549 646 3625 spopondi
673 3554 748 3617 illud
772 3554 895 3618 servare
915 3602 923 3630 ,
943 3552 976 3617 de
1004 3552 1060 3616 hoc
1095 3498 1147 3620 sub
1164 3558 1247 3632 gravi
1266 3551 1316 3628 ,st
1338 3559 1467 3619 materia
1487 3557 1588 3632 gravis
1609 3548 1645 3616 lit
1668 3597 1682 3614 .
1709 3552 1762 3617 Sic
1782 3573 1862 3618 eoru·

303 3644 406 3713 ,¹⁶¹1Uf
434 3629 583 3691 demtum
611 3632 810 3713 promissum,
834 3653 897 3698 non
921 3632 1059 3698 commis·
1094 3638 1249 3713 muniter;
1262 3637 1340 3714 ¹<uria
1359 3655 1398 3697 ex
1416 3636 1609 3698 revelatione
1627 3634 1703 3696 talis
1716 3632 1824 3698 secreti
1834 3635 1862 3695 in

289 3706 374 3770 ium.
399 3723 426 3786 3.
444 3707 587 3802 ¹Quando
607 3709 754 3776 secretum
774 3713 846 3777 mibi
871 3713 1060 3777 commiilum
1095 3717 1226 3780 materia
1245 3717 1333 3795 gravi
1353 3716 1506 3781 cauliatur
1537 3714 1678 3789 proximo
1698 3733 1795 3792 grave
1815 3733 1863 3776 no·

290 3784 333 3848 est
354 3786 391 3851 ab
410 3788 477 3853 alto.
491 3791 588 3854 tacite
605 3793 656 3854 vel
678 3793 836 3871 expresse,
856 3793 890 3859 δι
910 3814 966 3872 ego
982 3798 1060 3860 taci·
1100 3798 1194 3862 tabi1e
1211 3794 1347 3861 inbonis
1364 3798 1440 3861 vita:
1466 3795 1516 3861 vel
1543 3791 1677 3857 lortunae
1696 3794 1863 3858 detrimen·

292 3883 324 3930 ¹⁸
342 3866 391 3929 Vel
409 3868 546 3943 expresse
568 3867 688 3936 servale
704 3874 843 3950 promisi,
867 3875 948 3950 quod
962 3878 1059 3939 omni·
1095 3897 1186 3943 tum.
1217 3876 1295 3938 Corn
1320 3878 1475 4021 &oximus
1505 3893 1582 3938 veto
1606 3876 1652 3936 ius
1690 3870 1801 3938 habeat
1829 3870 1863 3937 ad

290 3945 346 4008 δυ’
368 3944 823 4040 stfifflffiestriclsssOfOfisss·
846 3954 886 4019 Et
911 3954 968 4019 hoc
992 3957 1059 4029 <lui-
1093 3961 1198 4023 omnia
1221 3953 1299 4020 dela
1365 3952 1596 4034 na,.reve1are
1622 3950 1686 4019 tale
1718 3947 1863 4035 sectetur!=

291 4024 360 4086 dem
376 4025 512 4117 &presse
527 4024 640 4092 dicitur
655 4030 804 4097 secretum
823 4033 1060 4100 commissum&
1083 4041 1218 4103 'ratione
1236 4038 1321 4100 cuius
1338 4036 1539 4101 revelationis
1559 4030 1674 4098 iasltua
1689 4035 1862 4110 eorumdem

293 4105 470 4199 promissum
486 4152 497 4183 ,
527 4110 651 4183 quando
672 4114 749 4176 alter
777 4114 879 4178 verbis
908 4112 1059 4179 secretum
1093 4119 1245 4182 bonorum
1261 4119 1401 4191 proximo
1418 4119 1581 4191 imminet,
1596 4111 1642 4176 est
1658 4116 1770 4191 gravis
1788 4116 1865 4188 iniit,-

290 4184 375 4277 nuhi
394 4188 588 4278 commendat
608 4237 623 4268 ,.
636 4189 670 4254 dc
695 4212 751 4271 ego
770 4213 889 4270 quoque
917 4193 1059 4266 expretus
1093 4196 1175 4262 {litia
1187 4220 1202 4273 ·,
1214 4197 1327 4260 idcirco
1347 4217 1442 4274 grave
1459 4212 1641 4274 peccatum.
1663 4193 1698 4257 Si
1718 4189 1865 4262 sectetur)

289 4264 392 4327 verbis
419 4263 707 4335 illudclervarurum
737 4277 913 4350 promitto.
946 4271 1058 4338 Tacite
1094 4298 1170 4342 vero
1189 4274 1227 4341 lit
1249 4274 1368 4341 secundi
1384 4279 1528 4356 generis,
1553 4274 1673 4339 scilicet
1693 4275 1775 4350 quod
1796 4292 1865 4353 pror

291 4362 368 4407 vero
383 4345 504 4439 quando
517 4367 558 4410 ex
573 4351 805 4426 circumstantiis
824 4355 946 4421 coniiat
961 4355 1058 4419 alium
1093 4355 1193 4420 misisti
1215 4405 1227 4434 ,
1252 4377 1314 4420 non
1334 4375 1440 4424 autem
1467 4356 1510 4419 ab.
1533 4374 1571 4419 eo
1600 4352 1743 4431 accepilii
1776 4354 1868 4419 taletu

290 4442 358 4517 rem
376 4426 450 4487 mihi
467 4426 519 4490 sub
540 4426 656 4522 secreto
677 4436 888 4512 committere,
905 4435 1057 4500 iicetver·
1092 4435 1334 4502 commilitonem
1353 4484 1363 4514 ,
1386 4436 1466 4514 quod
1490 4433 1639 4501 secretum
1664 4434 1783 4499 dicitur
1798 4453 1867 4513 pru·

291 4500 336 4564 bis
351 4500 380 4567 se
397 4525 460 4568 non
476 4528 650 4601 exprimat,
669 4509 703 4575 dt
722 4534 778 4593 ego
797 4515 905 4579 eodem
921 4515 1057 4580 modoil·
1093 4515 1237 4595 millum,
1249 4537 1312 4581 non
1332 4516 1523 4582 commissum
1543 4562 1553 4593 ,
1573 4513 1607 4579 ἀ
1627 4532 1666 4578 ex
1688 4517 1755 4577 eius
1779 4532 1865 4591 reve?

293 4580 353 4673 lud,
366 4603 492 4657 accepto
502 4632 514 4680 ·.
531 4588 580 4652 Sic
603 4589 717 4684 Medici
733 4641 743 4668 ,
762 4593 946 4676 Chirurglii,
963 4596 1057 4659 advo·
1094 4599 1208 4661 latione
1229 4596 1351 4662 aliunde
1380 4597 1528 4663 danaoum
1557 4614 1620 4658 non
1651 4592 1802 4671 sequatur
1831 4595 1862 4664 in

290 4661 566 4754 catt,obssettrces
591 4669 756 4761 ,aliique‚
777 4673 813 4736 ad
840 4697 915 4750 quos
935 4696 990 4753 pro
1010 4694 1058 4737 re·
1094 4674 1246 4752 fortunis,
1262 4678 1332 4740 vita
1352 4678 1402 4743 vel
1420 4674 1527 4752 fama,
1559 4671 1656 4751 fitque
1675 4692 1782 4740 return
1801 4672 1865 4738 illa·

290 4740 394 4805 medio
422 4744 472 4807 vel
494 4746 622 4811 consilto
648 4756 814 4843 recturittu
844 4751 896 4821 sub
926 4752 1059 4834 rigoroso
1094 4776 1248 4831 rmnuuae
1264 4755 1389 4832 praetia
1420 4752 1613 4835 promissione
1637 4754 1725 4819 licite
1745 4771 1863 4832 potetas

290 4819 437 4900 secreto(
454 4822 571 4890 hocesl
592 4827 734 4921 promisso
752 4831 785 4895 de
810 4834 967 4900 commisso
982 4838 994 4909 )
1012 4851 1057 4896 te·
1093 4832 1284 4901 manifestare
1304 4883 1314 4914 ,
1341 4835 1488 4915 obligabit
1515 4836 1564 4900 vei
1584 4839 1648 4902 ndi
1667 4833 1745 4899 iilud
1762 4832 1862 4898 serva·

280 4920 514 4996 nenturutem
602 4909 776 5001 nolcelare.
804 4912 915 4978 itidem
941 4913 1059 4979 tbeolo-
1094 4936 1127 4982 re
1148 4913 1310 4980 secundum
1331 4915 1449 4997 regulas
1465 4914 1619 4994 generales
1639 4913 1787 4979 demodo
1805 4932 1863 4990 quo

290 4985 483 5078 ‘'22¹⁸ss
542 5026 577 5077 ,·
620 5008 678 5049 V¹r¹
710 4987 842 5085 consulti
865 4998 946 5062 circa
966 4990 1059 5058 ⁴casus
1094 4994 1247 5074 promissio
1267 4994 1801 5073 libcra&acceptataobligat,ut
1821 4994 1862 5057 di·

289 5058 508 5142 ‘Onsclemffi
527 5064 600 5129 hcet
622 5067 761 5143 expresse
777 5092 820 5136 ers
838 5094 901 5143 non
917 5076 1059 5142 commit·
1093 5080 1174 5143 citur
1196 5077 1230 5140 iu
1251 5074 1383 5143 traslatu
1399 5079 1436 5143 de
1455 5074 1794 5144 contractionum
1813 5088 1860 5140 ta·

1757 5172 1833 5218 tntu
