4425 6000
437 515 515 593 206
717 511 918 588 Trite.
945 536 1009 588 nir
1039 508 1511 588 contritionem.
1539 508 1603 583 Vl.

403 621 405 624 ’
1188 606 1311 691 dedrfli,
1331 612 1464 685 expelles
1483 607 1625 686 accipere.
1645 603 1781 675 Lucium
1801 611 1957 676 autemil-

515 693 573 759 ‘C
613 692 642 761 A
682 694 705 759 P
745 692 776 756 U
819 692 849 756 T
929 692 990 759 vl.
1187 688 1240 754 lud
1258 687 1300 754 est
1316 688 1395 764 quod
1411 688 1520 765 aliquis
1536 689 1667 763 acquirit
1686 689 1770 776 quod
1782 687 1956 757 antestium

1186 787 1249 832 non
1269 783 1358 843 erat,
1379 787 1436 831 nec
1455 770 1484 832 ei
1504 788 1544 833 ex
1560 764 1676 831 iustitia
1695 767 1877 836 debebatur.
1898 771 1956 834 Di·

683 860 729 919 De
745 853 857 936 Ultra.
1185 850 1266 913 titur
1287 865 1313 910 ι.
1329 851 1492 914 contraditis
1509 844 1627 925 mutui,
1647 852 1717 925 quia
1734 845 1824 916 usura
1849 845 1955 916 neces·

1187 927 1267 991 sario
1281 926 1486 1003 praeiupponit
1502 944 1646 992 mutuum
1661 926 1725 993 sive
1740 928 1955 1006 expressum&

725 1020 750 1079 ς.
790 1013 816 1076 1,
1187 1002 1333 1100 formale,
1354 1006 1391 1068 de
1412 1027 1474 1101 quo
1499 1006 1633 1100 eirpresse
1656 1012 1840 1101 contenitur
1860 1057 1872 1089 ,
1890 1009 1956 1075 sive

503 1129 589 1215 rufi
609 1124 650 1196 τι
669 1134 827 1210 ium
842 1133 883 1213 n
900 1129 1014 1213 viia·
1187 1081 1956 1243 {i‘llllil‘lllllllllltransilistis}

489 1252 550 1318 Uia
572 1253 662 1317 valde
677 1243 798 1315 confert
816 1248 852 1313 ad
873 1268 975 1311 rerum
989 1244 1155 1310 difficultt·
1187 1248 1364 1310 mutuatio.
1383 1250 1501 1312 mcum
1513 1243 1706 1330 obligatione,
1726 1267 1834 1326 nempe
1849 1251 1956 1330 civili,

394 1258 550 1443 Qter
569 1330 728 1399 l'olvendaa
739 1376 749 1407 ,
769 1348 805 1392 ut
824 1327 935 1394 ordine
958 1324 1010 1392 suo
1029 1344 1154 1403 compo·
1186 1321 1221 1390 dt
1242 1324 1362 1400 ilrilla,
1382 1324 1445 1389 sive
1460 1329 1599 1404 exprella
1619 1323 1678 1403 sit,
1695 1326 1758 1391 five
1774 1331 1893 1409 tacita,
1913 1331 1957 1393 id·

321 1489 324 1494 ‚
511 1429 627 1476 naritur
642 1434 654 1489 ;
670 1410 830 1474 bincneiu
843 1429 875 1473 re
895 1410 975 1472 tanti
985 1407 1156 1481 momenti,
1186 1401 1231 1469 ell
1251 1403 1360 1468 indidla
1379 1404 1478 1485 signo,
1497 1422 1597 1485 nuru,
1615 1407 1705 1471 ruodo
1717 1405 1827 1487 dandi,
1848 1406 1956 1475 vello-

391 1493 424 1557 &
450 1507 498 1555 tot
522 1493 666 1557 involuta
695 1485 927 1554 difficultatibus
948 1486 1157 1576 deliciamur,
1187 1482 1298 1561 quendi
1323 1484 1403 1548 idem
1421 1504 1466 1556 ,ac
1502 1484 1620 1575 pallum
1648 1485 1819 1575 expressum
1846 1487 1957 1569 signifi·

391 1570 559 1637 videbimur
582 1591 610 1633 i.
623 1568 693 1649 quid
705 1570 766 1646 q&
781 1566 947 1645 quotuplex
970 1567 1009 1631 lit
1035 1563 1157 1642 usura,
1187 1564 1348 1628 cantibus.
1372 1580 1400 1644 3.
1418 1564 1650 1653 Reddeudr...3
1671 1566 1787 1645 aliquid
1793 1565 1885 1648 supra
1894 1567 1957 1651 lor·
1993 1633 1999 1640 ,

263 1649 270 1662 ’
390 1673 421 1716 2.
442 1671 501 1728 ari,
526 1649 636 1728 &quo
654 1652 721 1714 iure
737 1653 838 1713 vetita
856 1646 919 1724 sit,
944 1661 972 1727 3.
1003 1643 1153 1723 li·aliquis
1189 1638 1391 1722 trm,utalii
1411 1645 1518 1709 dicunt
1546 1647 1741 1711 accellorium
1769 1650 1807 1710 ad
1837 1653 1959 1728 capita·

389 1734 478 1797 detur
493 1730 626 1807 titulus,
644 1749 684 1794 ex
698 1748 758 1806 quo
773 1729 893 1793 licitum
913 1726 970 1793 fiat
989 1725 1101 1805 aliquid
1122 1728 1153 1788 iri
1190 1724 1217 1786 le
1232 1769 1242 1799 ,
1260 1723 1313 1787 alii
1331 1725 1471 1801 lucrum3
1491 1722 1525 1790 dt
1541 1746 1595 1802 pro
1612 1724 1700 1812 lucro
1725 1727 1910 1808 intelligitur
1924 1748 1960 1794 o·

390 1826 499 1877 mutuo
513 1808 602 1886 lupra
621 1805 735 1874 sortem
760 1810 919 1885 accipere;
942 1832 971 1888 4
987 1826 1029 1870 aii
1053 1805 1153 1884 paea,
1190 1805 1268 1867 mnis
1291 1801 1412 1881 solaque
1439 1825 1487 1869 res
1508 1809 1608 1881 pretio
1633 1804 1837 1886 aestimabilis,
1857 1808 1954 1884 quali·

390 1911 458 1966 quae
481 1905 592 1954 mutuo
606 1891 719 1965 apponi
744 1885 861 1967 solent,
876 1904 913 1950 ut
935 1886 1053 1965 paetum
1072 1906 1153 1951 com·
1191 1900 1240 1948 ter
1259 1880 1331 1948 sunt
1352 1905 1414 1948 non
1430 1905 1469 1949 ea
1484 1882 1580 1948 solum
1594 1906 1663 1963 quae
1683 1890 1713 1948 in
1732 1884 1799 1951 soro
1819 1888 1958 1953 vendun·

391 1968 582 2047 mutuandi,
608 1963 778 2044 savorisque
806 1967 936 2032 alterius
964 1965 1122 2045 praeliandi
1145 2012 1158 2043 ,.
1191 1960 1324 2055 tur,sed
1344 1962 1555 2042 quodcumque
1572 1986 1707 2044 munus,
1724 1966 1761 2032 dc
1777 1987 1875 2044 onus,
1904 1966 1955 2034 seu

392 2052 477 2114 licita
492 2046 552 2112 eise
568 2046 698 2126 possint,
720 2067 748 2125 5.
770 2050 893 2124 quinam
922 2053 1044 2111 ratione
1078 2048 1154 2111 lucri
1189 2042 1484 2135 'civilis-obligatio.
1512 2042 1600 2129 Unde
1627 2044 1778 2112 usurarius
1801 2045 1876 2111 esset
1906 2052 1958 2123 qui

391 2126 520 2194 usurarii
545 2126 735 2191 restitutioni
759 2126 819 2192 [ηπ
841 2126 995 2203 obnoxii,
1018 2130 1047 2190 6.
1072 2147 1157 2205 quae-
1191 2124 1532 2189 intentionembaberet
1551 2125 1702 2204 obligandi
1716 2129 1959 2208 mutuatarium,

392 2228 466 2272 nam
485 2205 544 2271 sint
564 2203 772 2272 usurariorum
800 2225 918 2285 poenae,
938 2226 965 2287 7.
989 2226 1027 2272 ari
1051 2207 1156 2283 culpa·
1191 2220 1226 2265 ut
1245 2200 1429 2267 beneficium
1449 2202 1501 2267 fibi
1520 2202 1691 2271 conferret.
1714 2208 1796 2272 Nam
1816 2208 1891 2272 licet
1906 2209 1958 2273 be·

391 2287 453 2354 bile
469 2283 506 2350 sit
523 2304 647 2371 petere,
661 2285 696 2351 dt
713 2289 851 2363 accipere
866 2304 1008 2352 mutuum
1024 2284 1076 2351 sub
1089 2286 1158 2351 usu·
1191 2280 1337 2347 nesicium
1361 2300 1399 2348 ut
1426 2279 1584 2360 spirituale
1609 2290 1708 2364 pretio
1735 2284 1880 2351 aellimaii
1908 2308 1960 2353 ne·

395 2388 449 2445 ra,
474 2366 502 2428 8.
531 2365 655 2432 tandem
674 2368 744 2443 quid
768 2363 962 2430 sentiendum
979 2368 1018 2432 do
1039 2367 1158 2434 Monti·
1192 2380 1306 2441 queat,
1325 2361 1492 2428 esttamen
1513 2368 1611 2442 pretio
1627 2365 1803 2431 aestimabile
1824 2365 1960 2432 debitum

301 2508 307 2521 ,
338 2508 345 2521 ,
393 2446 450 2512 bus
469 2447 617 2511 Pietatis.
1192 2441 1268 2506 illud
1299 2438 1502 2520 conserendi,
1530 2464 1566 2510 ut
1592 2444 1636 2510 est
1655 2448 1755 2522 pretio
1776 2443 1961 2511 aestimabilie

255 2510 384 2578 Quidam.
436 2524 544 2590 leutae
571 2543 683 2590 nomen
712 2523 863 2603 sumptum
890 2524 934 2590 ell
948 2526 989 2593 'ab
1013 2527 1161 2603 utendo,
1191 2522 1342 2599 obligatio
1359 2522 1548 2610 celebrandi,
1570 2541 1661 2590 notat
1682 2524 1827 2607 Sylvius,
1849 2548 1911 2590 nori
1926 2547 1961 2592 o-

261 2650 362 2690 m„
393 2628 456 2671 non
473 2605 547 2669 alias
567 2624 601 2669 ac
617 2604 721 2671 cultus
746 2625 765 2669 a
786 2607 928 2685 cultura,
945 2606 1044 2685 sicque
1069 2608 1158 2672 usura
1192 2608 1270 2667 mnis
1286 2603 1320 2667 dt
1336 2599 1399 2667 sola
1420 2620 1486 2667 rer.

265 2696 357 2755 ιιιιι,
393 2690 426 2749 iii
441 2704 549 2767 genere
564 2681 638 2763 signi
655 2683 739 2749 usum
759 2682 909 2764 significat
931 2687 994 2754 sive
1018 2688 1157 2767 bonnm,
1233 2680 1332 2748 Ulure
1349 2682 1611 2750 autemdiviclitur
1631 2686 1718 2749 iuxta
1729 2685 1863 2764 regulam
1872 2680 1962 2751 luris·
1974 2715 2004 2770 „p

394 2766 458 2831 sive
472 2765 587 2828 malum
604 2767 648 2828 rei
665 2765 794 2830 alicuius
808 2766 917 2831 :ende
940 2768 977 2831 fit
994 2787 1028 2833 ut
1045 2790 1063 2832 a
1079 2771 1159 2832 Scri·
1193 2761 1399 2829 consultorum
1419 2768 1449 2826 in
1460 2765 1672 2840 lucratoriam,
1689 2765 1963 2843 compensaturiam
1976 2781 2004 2836 ili

394 2843 532 2925 ptoribus
553 2846 642 2909 latius
663 2844 827 2922 aliquando
842 2844 978 2913 sumatur
994 2852 1027 2912 in
1046 2847 1160 2914 bonum
1195 2843 1448 2921 &punientiam
1470 2846 1569 2909 Prima
1588 2841 1632 2907 est
1651 2866 1710 2922 qua
1732 2849 1895 2923 percipitur
1915 2847 1962 2911 lu·

392 2924 531 3003 sensum,
552 2921 626 2988 idell
647 2945 702 3003 pro
722 2924 799 3004 usu,
821 2925 853 2991 dc
878 2928 961 2993 lucro
977 2930 1073 2994 etiam
1093 2930 1158 2992 lici·
1194 2945 1331 2989 crumex
1359 2940 1493 3004 mutuo;
1513 2922 1643 2989 secunde
1660 2945 1719 3002 qua
1740 2926 1854 3003 aliquid
1872 2924 1961 3005 supra

394 3025 448 3072 to.
466 3005 678 3070 communiter
693 3022 800 3070 tamen
814 3026 854 3070 eir
871 3007 924 3072 usu
933 3008 1087 3077 indusium
1096 3009 1160 3088 eil,
1194 3006 1309 3072 sortem
1328 3008 1462 3086 exigitur
1482 3005 1519 3069 ad
1542 3004 1686 3069 damnum
1705 3005 1863 3072 creditoris
1879 3028 1961 3071 com·

394 3102 431 3149 ut
454 3083 570 3148 nonnisi
601 3088 632 3146 in
667 3086 782 3149 malum
818 3083 936 3152 sensum
971 3081 1158 3169 usurpetur.
1196 3085 1480 3166 pensandum,live
1498 3084 1672 3149 obductum
1692 3085 1961 3163 cessans,siveob

346 3224 353 3236 ,
399 3162 510 3228 Ulurae
528 3161 760 3247 uocabulum-in
783 3165 839 3230 tali
866 3165 1086 3246 significatione
1111 3190 1160 3233 ac·
1195 3171 1337 3232 damnum
1352 3185 1525 3244 emergent,
1544 3164 1607 3230 dte.
1637 3162 1673 3231 ἀ
1696 3165 1760 3232 baec
1794 3166 1880 3232 licita
1898 3166 1962 3230 est.

400 3262 543 3321 ceptum,
561 3242 595 3309 dt
611 3243 731 3321 quidem
746 3245 783 3308 ad
802 3246 984 3326 propositum
1005 3248 1161 3326 nollrum,
1198 3248 1307 3312 Tertia
1333 3245 1402 3322 est,
1422 3265 1483 3322 qua·
1502 3263 1595 3322 potira
1615 3247 1783 3322 imponitur
1802 3266 1961 3320 mutuata·

399 3323 479 3388 idem
503 3321 547 3388 est
565 3345 599 3387 ac
621 3327 805 3403 conventio,
825 3326 875 3390 seu
891 3329 1068 3394 contradlus
1089 3329 1160 3395 usu·
1197 3324 1298 3405 rio,si
1325 3325 1529 3403 culpabiliter
1544 3322 1677 3391 morosus
1696 3324 1732 3388 fit
1753 3331 1789 3398 iri
1802 3325 1882 3393 sorte
1898 3326 1962 3393 red·

394 3407 495 3470 rarius
505 3451 515 3482 ,
538 3402 602 3469 sive
617 3403 735 3469 lucrum
750 3453 759 3481 ‚
776 3407 854 3483 quod
870 3428 910 3472 ex
926 3406 1160 3491 contralluusu·
1194 3406 1312 3484 denda,
1332 3406 1366 3472 dt
1386 3407 1451 3472 baec
1467 3409 1608 3484 pariter,
1630 3422 1666 3470 ut
1685 3406 1873 3486 videbimur,
1892 3408 1963 3474 lici-

392 3486 478 3548 tario
500 3485 689 3563 percipitur,
710 3486 788 3563 quod
810 3488 927 3552 lucrum
947 3511 963 3554 a
981 3489 1085 3555 latinir
1104 3487 1160 3555 soe·
1197 3507 1230 3556 ta
1244 3487 1307 3553 elle
1322 3486 1439 3566 potest.

394 3585 453 3629 iius
474 3564 665 3643 appellatur,
688 3585 706 3630 a
727 3566 845 3632 Graecis
862 3588 939 3634 vero
955 3588 1161 3648 partur,qua·
1235 3565 1337 3633 Usurt
1357 3568 1542 3647 locutoria,
1562 3566 1599 3631 de
1618 3587 1675 3643 qua
1693 3565 1755 3634 sola
1773 3588 1814 3633 ex
1834 3565 2003 3646 professo-⁰⁵

396 3642 416 3707 si
436 3643 473 3709 fit
495 3640 588 3708 saetus
609 3644 643 3709 dc
655 3663 761 3723 partus
771 3667 829 3724 ope
838 3652 998 3728 pecuniae,
1014 3650 1068 3715 'vel
1085 3652 1160 3718 alte·
1195 3653 1332 3730 agimus,
1348 3649 1497 3715 dividitur
1519 3671 1546 3713 1.
1564 3650 1596 3708 in
1613 3649 1726 3714 realem
1742 3648 1958 3716 &mentalem
1974 3653 2004 3737 ⁸}

394 3728 457 3788 rius
477 3728 521 3789 rei
543 3727 644 3802 pretio
669 3725 854 3792 aellimabilir
869 3732 1008 3809 genitus,
1029 3731 1103 3797 duni
1124 3730 1161 3796 ab
1196 3731 1299 3796 Realir
1318 3726 1360 3795 est
1374 3727 1665 3808 quando-expresse,
1679 3728 1713 3794 dc
1732 3746 1838 3807 aperte
1846 3729 1966 3796 lucrum
1978 3716 2004 3816 ,ξ

394 3806 496 3880 aliquo
508 3822 618 3869 mutuo
627 3808 824 3883 impertitur.
843 3808 1160 3878 Nomenverousurae
1195 3812 1355 3878 deducitur
1367 3812 1401 3876 in
1418 3807 1556 3889 paetum,
1576 3827 1612 3876 ut
1627 3829 1698 3873 cum
1713 3809 1845 3887 dicitur,
1863 3809 1904 3874 do
1924 3814 1965 3875 ti·

393 3883 495 3977 sicilie
505 3884 678 3961 sumptum,
696 3885 768 3950 idell
778 3889 811 3950 in
827 3889 937 3954 malam
949 3910 1089 3971 partein,
1107 3892 1161 3958 du·
1195 3892 1226 3957 bi
1245 3909 1370 3960 centum
1397 3911 1468 3956 cum
1493 3890 1580 3967 pallo
1598 3888 1734 3968 expreilo
1758 3907 1794 3955 ut
1824 3887 1889 3966 poll
1911 3909 1966 3954 an·

396 3965 516 4057 pliciter
535 3965 959 4057 accipipotell,i.proailu,
980 3969 1164 4039 settmutua⁴
1197 3995 1270 4038 nuni
1291 3973 1426 4039 tenearit
1441 3971 1566 4036 reddere
1585 3969 1657 4035 milii
1677 3985 1802 4036 centum
1818 3968 1852 4035 dt
1878 3971 1967 4048 quin·

388 4051 502 4134 tione,
522 4060 645 4109 ratione
675 4049 760 4111 cuius
781 4048 897 4123 aliquid
923 4050 1010 4130 supra
1031 4052 1161 4131 sortem,
1195 4074 1275 4134 que,
1294 4054 1348 4117 vel
1367 4052 1559 4119 saltemaliit
1578 4053 1714 4130 externis
1731 4051 1828 4121 modii
1852 4049 1966 4117 indica·

397 4123 470 4187 idest
497 4123 671 4218 plusquam
695 4127 800 4190 datum
824 4127 919 4196 suerit
942 4134 1108 4211 accipitur,
1131 4154 1159 4195 2.
1198 4153 1249 4200 tur
1268 4133 1414 4201 nondari
1434 4149 1577 4198 mutuum
1603 4128 1657 4196 nisi
1677 4129 1823 4212 subspe,
1855 4129 1893 4198 ἀ
1913 4151 1967 4198 vo·

396 4223 451 4281 pio
467 4201 586 4268 obicilo
606 4223 637 4267 ιιι
651 4208 801 4280 quembic
818 4208 899 4274 ailus
917 4210 1072 4292 intendit,
1086 4213 1160 4283 idest
1197 4216 1321 4281 limtate
1343 4211 1508 4290 recipiendi
1525 4210 1640 4291 aliquid
1667 4207 1754 4290 supra
1777 4211 1916 4291 sortem,
1930 4222 1966 4276 ut

394 4283 567 4362 prolium,
588 4283 667 4376 quod
690 4304 731 4349 ex
746 4307 859 4355 mutuo
875 4292 1028 4366 procedit.
1198 4294 1219 4359 si
1241 4295 1325 4361 dicit
1342 4311 1504 4372 mutuans,
1522 4289 1577 4358 scir
1599 4295 1661 4356 iam
1676 4312 1726 4357 me
1744 4292 1782 4357 de
1801 4314 1886 4358 more
1903 4309 1966 4356 non

257 4387 388 4443 »ΜΟ
437 4362 535 4456 lisura
559 4362 660 4427 strille
686 4364 901 4460 pronusurario
927 4370 1107 4453 contrallu,
1127 4374 1163 4441 dt
1196 4376 1268 4441 dare
1277 4379 1452 4452 pecuniam,
1468 4372 1608 4440 nisiinibi
1626 4368 1808 4450 srullificet5
1830 4372 1968 4453 vel‚lpe·

255 4453 338 4569 {siff
396 4458 591 4538 ”immone
611 4441 670 4519 l&
686 4442 795 4525 estid,
808 4450 847 4538 de
862 4453 1163 4596 ιιιοιῗξιιιιιιῌεῆ·
1198 4476 1234 4522 ιο
1252 4457 1428 4520 memineris
1444 4459 1503 4520 mei
1524 4459 1557 4520 io
1579 4454 1728 4521 reddenda
1743 4453 1816 4518 mibi
1838 4452 1968 4546 pecunie

271 4530 383 4646 ir..
396 4525 1166 4695 liutulfumruiturus:
1197 4533 1435 4681 illuit
1450 4533 1810 4694 illiniunt
1834 4529 1968 4690 llic

392 4679 424 4764 st
449 4681 486 4746 vs
505 4683 605 4777 mutui
625 4705 634 4760 ἱ
661 4682 696 4750 dt
710 4685 771 4780 ‘hoc
788 4688 870 4755 idem
891 4693 966 4759 dicit
991 4716 1028 4761 ac
1044 4697 1163 4761 lucrum
1199 4716 1288 4762 crum
1306 4711 1466 4761 exmutuo
1480 4696 1658 4763 intenditur
1673 4665 1969 4773 tanquam’debieun

399 4762 567 4858 temporale
589 4764 774 4831 immediate
789 4788 829 4832 ex
853 4772 938 4839 lucro
959 4779 1142 4853 proveniens
1153 4823 1167 4856 ,
1198 4797 1239 4843 eit
1258 4775 1395 4854 iulliria,
1415 4775 1450 4843 dt
1470 4777 1507 4843 de
1531 4774 1609 4844 fatto
1630 4778 1812 4859 percipitur,
1839 4774 1889 4846 led
1906 4773 1967 4837 sine

398 4843 432 4909 ἃ
448 4858 625 4936 mimium:
646 4841 795 4941 Usurafst
806 4851 911 4932 ssplui
926 4857 1067 4936 acceperis
1093 4878 1165 4921 urm
1198 4858 1261 4923 ulla
1285 4860 1496 4924 conventione
1517 4860 1655 4924 exterior
1682 4859 1850 4935 exprellr.
1879 4853 1970 4919 Unde

398 4922 535 5018 dederis,
552 4939 602 4987 <ait
618 4924 648 4986 S
661 4926 690 4988 P.
710 4925 829 4993 Hieron
884 4938 965 4998 urin
981 4956 1016 5001 ca
1039 4956 1071 5002 .i
1097 4935 1164 5000 ‚E-
1198 4935 1316 5004 conliat
1349 4935 1471 5005 usuram
1498 4958 1560 5003 nori
1582 4939 1641 5005 dici
1671 4939 1866 5018 mentalem,
1894 4937 1969 5001 sicut

394 5003 624 5098 acebrelimur
640 5006 809 5072 concordat
847 5052 859 5074 ,ι
876 5015 955 5094 Aug.
973 4959 1077 5081 iisdem
1100 5014 1165 5082 sete
1199 5018 1346 5084 mentalia
1366 5019 1514 5107 dicuntur
1535 5019 1681 5097 pleraque
1697 5019 1969 5099 percata‚eoqui²

396 5081 497 5147 verbu
518 5102 550 5145 in
575 5081 645 5161 psal.
668 5087 714 5166 36.
747 5087 841 5168 lisura
869 5095 954 5177 estfi
978 5096 1045 5175 plus
1076 5117 1164 5177 quam
1199 5100 1232 5163 iti
1251 5096 1318 5166 solo
1336 5100 1431 5166 animi
1451 5099 1577 5166 interno
1599 5098 1840 5180 consumantur,
1863 5094 1972 5195 sedsic·

1889 5197 1934 5249 uti
