<?xml version="1.0" encoding="UTF-8"?>
<!DOCTYPE html PUBLIC "-//W3C//DTD XHTML 1.0 Transitional//EN"
    "http://www.w3.org/TR/xhtml1/DTD/xhtml1-transitional.dtd">
<html xmlns="http://www.w3.org/1999/xhtml" xml:lang="en" lang="en">
 <head>
  <title>
</title>
<meta http-equiv="Content-Type" content="text/html;charset=utf-8" />
  <meta name='ocr-system' content='tesseract 3.04.00' />
  <meta name='ocr-capabilities' content='ocr_page ocr_carea ocr_par ocr_line ocrx_word'/>
</head>
<body>
  <div class='ocr_page' id='page_1' title='image "./institutionesth00boragoog/institutionesth00boragoog_0436.png"; bbox 0 0 4425 6000; ppageno 0'>
   <div class='ocr_carea' id='block_1_1' title="bbox 224 519 1846 3632">
    <p class='ocr_par' dir='ltr' id='par_1_1' title="bbox 265 519 1840 1887">
     <span class='ocr_line' id='line_1_1' title="bbox 577 519 1782 625; baseline 0.006 -32"><span class='ocrx_word' id='word_1_1' title='bbox 577 521 747 595; x_wconf 74' lang='lat' dir='ltr'>Titios.</span> <span class='ocrx_word' id='word_1_2' title='bbox 774 542 832 592; x_wconf 76' lang='lat' dir='ltr'>ns</span> <span class='ocrx_word' id='word_1_3' title='bbox 860 520 1117 625; x_wconf 67' lang='lat' dir='ltr'>Paraetacis</span> <span class='ocrx_word' id='word_1_4' title='bbox 1145 519 1364 594; x_wconf 74' lang='lat' dir='ltr'>siccitatis</span> <span class='ocrx_word' id='word_1_5' title='bbox 1391 520 1493 594; x_wconf 80' lang='lat' dir='ltr'>Cat.</span> <span class='ocrx_word' id='word_1_6' title='bbox 1516 522 1546 594; x_wconf 87' lang='lat'>1.</span> <span class='ocrx_word' id='word_1_7' title='bbox 1707 545 1782 619; x_wconf 80' lang='lat'>425</span> 
     </span>
     <span class='ocr_line' id='line_1_2' title="bbox 273 615 1835 696; baseline -0.002 -7"><span class='ocrx_word' id='word_1_8' title='bbox 273 620 474 690; x_wconf 84' lang='lat' dir='ltr'>excolendam</span> <span class='ocrx_word' id='word_1_9' title='bbox 489 638 625 686; x_wconf 88' lang='lat' dir='ltr'>mentem</span> <span class='ocrx_word' id='word_1_10' title='bbox 647 620 839 693; x_wconf 86' lang='lat' dir='ltr'>inserviunt,</span> <span class='ocrx_word' id='word_1_11' title='bbox 856 616 891 682; x_wconf 82' lang='lat' dir='ltr'>dc</span> <span class='ocrx_word' id='word_1_12' title='bbox 912 616 977 682; x_wconf 86' lang='lat' dir='ltr'>haec</span> <span class='ocrx_word' id='word_1_13' title='bbox 998 618 1036 681; x_wconf 88' lang='lat' dir='ltr'>si·</span> <span class='ocrx_word' id='word_1_14' title='bbox 1072 615 1224 696; x_wconf 85' lang='lat' dir='ltr'>liberalia,</span> <span class='ocrx_word' id='word_1_15' title='bbox 1246 637 1301 683; x_wconf 88' lang='lat' dir='ltr'>nec</span> <span class='ocrx_word' id='word_1_16' title='bbox 1317 619 1457 695; x_wconf 87' lang='lat' dir='ltr'>pietatis,</span> <span class='ocrx_word' id='word_1_17' title='bbox 1480 639 1514 685; x_wconf 88' lang='lat' dir='ltr'>ac</span> <span class='ocrx_word' id='word_1_18' title='bbox 1523 617 1725 687; x_wconf 82' lang='lat' dir='ltr'>necessitatis.</span> <span class='ocrx_word' id='word_1_19' title='bbox 1742 623 1835 686; x_wconf 87' lang='lat' dir='ltr'>Com·</span> 
     </span>
     <span class='ocr_line' id='line_1_3' title="bbox 265 697 1834 782; baseline -0.003 -13"><span class='ocrx_word' id='word_1_20' title='bbox 265 704 377 769; x_wconf 77' lang='lat' dir='ltr'>berella</span> <span class='ocrx_word' id='word_1_21' title='bbox 396 719 568 767; x_wconf 86' lang='lat' dir='ltr'>vocantur.</span> <span class='ocrx_word' id='word_1_22' title='bbox 591 700 748 764; x_wconf 88' lang='lat' dir='ltr'>Caeterum</span> <span class='ocrx_word' id='word_1_23' title='bbox 765 717 803 782; x_wconf 86' lang='lat' dir='ltr'>an</span> <span class='ocrx_word' id='word_1_24' title='bbox 819 698 883 773; x_wconf 87' lang='lat' dir='ltr'>plus</span> <span class='ocrx_word' id='word_1_25' title='bbox 899 698 1036 776; x_wconf 91' lang='lat' dir='ltr'>inopere</span> <span class='ocrx_word' id='word_1_26' title='bbox 1071 700 1170 761; x_wconf 85' lang='lat' dir='ltr'>munia</span> <span class='ocrx_word' id='word_1_27' title='bbox 1207 697 1251 761; x_wconf 83' lang='lat' dir='ltr'>esi</span> <span class='ocrx_word' id='word_1_28' title='bbox 1283 697 1361 775; x_wconf 88' lang='lat' dir='ltr'>apud</span> <span class='ocrx_word' id='word_1_29' title='bbox 1388 698 1562 776; x_wconf 76' lang='lat' dir='ltr'>notiores,</span> <span class='ocrx_word' id='word_1_30' title='bbox 1588 699 1623 768; x_wconf 82' lang='lat' dir='ltr'>dt</span> <span class='ocrx_word' id='word_1_31' title='bbox 1644 701 1764 766; x_wconf 80' lang='lat' dir='ltr'>consiti</span> <span class='ocrx_word' id='word_1_32' title='bbox 1794 719 1834 764; x_wconf 86' lang='lat' dir='ltr'>eir</span> 
     </span>
     <span class='ocr_line' id='line_1_4' title="bbox 269 775 1835 863; baseline -0.003 -15"><span class='ocrx_word' id='word_1_33' title='bbox 269 787 438 863; x_wconf 78' lang='lat' dir='ltr'>reperiatur</span> <span class='ocrx_word' id='word_1_34' title='bbox 472 781 579 846; x_wconf 87' lang='lat' dir='ltr'>laboris</span> <span class='ocrx_word' id='word_1_35' title='bbox 608 796 753 843; x_wconf 88' lang='lat' dir='ltr'>manuum</span> <span class='ocrx_word' id='word_1_36' title='bbox 784 778 837 840; x_wconf 91' lang='lat' dir='ltr'>seu</span> <span class='ocrx_word' id='word_1_37' title='bbox 871 781 1035 853; x_wconf 88' lang='lat' dir='ltr'>corporis,</span> <span class='ocrx_word' id='word_1_38' title='bbox 1071 793 1130 855; x_wconf 82' lang='lat' dir='ltr'>cap.</span> <span class='ocrx_word' id='word_1_39' title='bbox 1155 796 1183 841; x_wconf 86' lang='lat' dir='ltr'>a.</span> <span class='ocrx_word' id='word_1_40' title='bbox 1204 775 1362 842; x_wconf 72' lang='lat' dir='ltr'>&amp;triade</span> <span class='ocrx_word' id='word_1_41' title='bbox 1375 775 1563 859; x_wconf 83' lang='lat' dir='ltr'>feriisnum.</span> <span class='ocrx_word' id='word_1_42' title='bbox 1593 796 1620 859; x_wconf 88' lang='lat'>3.</span> <span class='ocrx_word' id='word_1_43' title='bbox 1646 780 1733 858; x_wconf 89' lang='lat' dir='ltr'>supra</span> <span class='ocrx_word' id='word_1_44' title='bbox 1762 782 1835 845; x_wconf 88' lang='lat' dir='ltr'>alle·</span> 
     </span>
     <span class='ocr_line' id='line_1_5' title="bbox 268 854 1834 940; baseline -0.004 -13"><span class='ocrx_word' id='word_1_45' title='bbox 268 883 359 940; x_wconf 82' lang='lat' dir='ltr'>quatri</span> <span class='ocrx_word' id='word_1_46' title='bbox 383 860 493 924; x_wconf 87' lang='lat' dir='ltr'>laboris</span> <span class='ocrx_word' id='word_1_47' title='bbox 513 861 644 936; x_wconf 89' lang='lat' dir='ltr'>mentis,</span> <span class='ocrx_word' id='word_1_48' title='bbox 661 878 701 920; x_wconf 85' lang='lat' dir='ltr'>ex</span> <span class='ocrx_word' id='word_1_49' title='bbox 726 859 880 920; x_wconf 88' lang='lat' dir='ltr'>communi</span> <span class='ocrx_word' id='word_1_50' title='bbox 905 854 1036 919; x_wconf 82' lang='lat' dir='ltr'>aeslima·</span> <span class='ocrx_word' id='word_1_51' title='bbox 1071 873 1135 934; x_wconf 83' lang='lat' dir='ltr'>gat.</span> <span class='ocrx_word' id='word_1_52' title='bbox 1167 855 1232 921; x_wconf 81' lang='lat' dir='ltr'>luto</span> <span class='ocrx_word' id='word_1_53' title='bbox 1247 876 1285 920; x_wconf 87' lang='lat' dir='ltr'>eit</span> <span class='ocrx_word' id='word_1_54' title='bbox 1306 857 1449 921; x_wconf 87' lang='lat' dir='ltr'>Navarto</span> <span class='ocrx_word' id='word_1_55' title='bbox 1463 880 1527 935; x_wconf 86' lang='lat' dir='ltr'>cap.</span> <span class='ocrx_word' id='word_1_56' title='bbox 1547 880 1592 939; x_wconf 85' lang='lat'>¹4·</span> <span class='ocrx_word' id='word_1_57' title='bbox 1609 859 1746 925; x_wconf 88' lang='lat' dir='ltr'>Manual.</span> <span class='ocrx_word' id='word_1_58' title='bbox 1762 880 1792 921; x_wconf 91' lang='lat' dir='ltr'>n.</span> <span class='ocrx_word' id='word_1_59' title='bbox 1806 876 1834 935; x_wconf 86' lang='lat'>5.</span> 
     </span>
     <span class='ocr_line' id='line_1_6' title="bbox 269 933 1836 1016; baseline -0.001 -11"><span class='ocrx_word' id='word_1_60' title='bbox 269 945 358 1006; x_wconf 91' lang='lat' dir='ltr'>tione</span> <span class='ocrx_word' id='word_1_61' title='bbox 385 939 540 1003; x_wconf 90' lang='lat' dir='ltr'>hominum</span> <span class='ocrx_word' id='word_1_62' title='bbox 565 959 601 1003; x_wconf 88' lang='lat' dir='ltr'>ac</span> <span class='ocrx_word' id='word_1_63' title='bbox 629 953 739 1001; x_wconf 91' lang='lat' dir='ltr'>natura</span> <span class='ocrx_word' id='word_1_64' title='bbox 768 938 867 1011; x_wconf 90' lang='lat' dir='ltr'>operis</span> <span class='ocrx_word' id='word_1_65' title='bbox 890 934 1035 1013; x_wconf 90' lang='lat' dir='ltr'>colligen·</span> <span class='ocrx_word' id='word_1_66' title='bbox 1073 933 1199 1011; x_wconf 84' lang='lat' dir='ltr'>aliisve,</span> <span class='ocrx_word' id='word_1_67' title='bbox 1216 935 1358 1013; x_wconf 86' lang='lat' dir='ltr'>quidquid</span> <span class='ocrx_word' id='word_1_68' title='bbox 1369 937 1598 1001; x_wconf 88' lang='lat' dir='ltr'>incontrariirm</span> <span class='ocrx_word' id='word_1_69' title='bbox 1614 940 1665 1003; x_wconf 90' lang='lat' dir='ltr'>alii</span> <span class='ocrx_word' id='word_1_70' title='bbox 1681 942 1836 1016; x_wconf 91' lang='lat' dir='ltr'>sentiant,</span> 
     </span>
     <span class='ocr_line' id='line_1_7' title="bbox 269 1010 1840 1096; baseline -0.003 -12"><span class='ocrx_word' id='word_1_71' title='bbox 269 1023 342 1084; x_wconf 90' lang='lat' dir='ltr'>dum</span> <span class='ocrx_word' id='word_1_72' title='bbox 360 1019 421 1085; x_wconf 81' lang='lat' dir='ltr'>esi.</span> <span class='ocrx_word' id='word_1_73' title='bbox 445 1019 524 1083; x_wconf 87' lang='lat' dir='ltr'>Item</span> <span class='ocrx_word' id='word_1_74' title='bbox 544 1036 637 1096; x_wconf 88' lang='lat' dir='ltr'>opera</span> <span class='ocrx_word' id='word_1_75' title='bbox 655 1017 791 1091; x_wconf 87' lang='lat' dir='ltr'>corporis</span> <span class='ocrx_word' id='word_1_76' title='bbox 811 1015 872 1079; x_wconf 88' lang='lat' dir='ltr'>alia</span> <span class='ocrx_word' id='word_1_77' title='bbox 888 1010 957 1078; x_wconf 88' lang='lat' dir='ltr'>sunt</span> <span class='ocrx_word' id='word_1_78' title='bbox 976 1014 1032 1079; x_wconf 90' lang='lat' dir='ltr'>ser·</span> <span class='ocrx_word' id='word_1_79' title='bbox 1070 1033 1165 1091; x_wconf 89' lang='lat' dir='ltr'>opera</span> <span class='ocrx_word' id='word_1_80' title='bbox 1182 1014 1371 1092; x_wconf 86' lang='lat' dir='ltr'>huiusmodi,</span> <span class='ocrx_word' id='word_1_81' title='bbox 1386 1036 1448 1092; x_wconf 78' lang='lat' dir='ltr'>qua</span> <span class='ocrx_word' id='word_1_82' title='bbox 1463 1016 1566 1081; x_wconf 87' lang='lat' dir='ltr'>diebus</span> <span class='ocrx_word' id='word_1_83' title='bbox 1586 1015 1665 1081; x_wconf 88' lang='lat' dir='ltr'>sestis</span> <span class='ocrx_word' id='word_1_84' title='bbox 1685 1017 1840 1083; x_wconf 72' lang='lat' dir='ltr'>beticum.</span> 
     </span>
     <span class='ocr_line' id='line_1_8' title="bbox 269 1093 1836 1178; baseline -0.001 -16"><span class='ocrx_word' id='word_1_85' title='bbox 269 1100 349 1164; x_wconf 88' lang='lat' dir='ltr'>vilia</span> <span class='ocrx_word' id='word_1_86' title='bbox 368 1147 378 1178; x_wconf 97' lang='lat'>,</span> <span class='ocrx_word' id='word_1_87' title='bbox 409 1097 470 1161; x_wconf 84' lang='lat' dir='ltr'>alia</span> <span class='ocrx_word' id='word_1_88' title='bbox 499 1117 562 1162; x_wconf 96' lang='lat' dir='ltr'>non</span> <span class='ocrx_word' id='word_1_89' title='bbox 590 1095 740 1158; x_wconf 88' lang='lat' dir='ltr'>servilia.</span> <span class='ocrx_word' id='word_1_90' title='bbox 776 1093 908 1159; x_wconf 86' lang='lat' dir='ltr'>Servilia</span> <span class='ocrx_word' id='word_1_91' title='bbox 936 1094 1034 1170; x_wconf 88' lang='lat' dir='ltr'>sunt,</span> <span class='ocrx_word' id='word_1_92' title='bbox 1069 1094 1247 1170; x_wconf 89' lang='lat' dir='ltr'>ceduntur,</span> <span class='ocrx_word' id='word_1_93' title='bbox 1272 1109 1332 1157; x_wconf 87' lang='lat' dir='ltr'>non</span> <span class='ocrx_word' id='word_1_94' title='bbox 1353 1094 1583 1175; x_wconf 86' lang='lat' dir='ltr'>solumgratia,</span> <span class='ocrx_word' id='word_1_95' title='bbox 1605 1095 1769 1162; x_wconf 78' lang='lat' dir='ltr'>sedetiam</span> <span class='ocrx_word' id='word_1_96' title='bbox 1796 1097 1836 1162; x_wconf 90' lang='lat' dir='ltr'>ob</span> 
     </span>
     <span class='ocr_line' id='line_1_9' title="bbox 268 1169 1834 1259; baseline -0.004 -15"><span class='ocrx_word' id='word_1_97' title='bbox 268 1199 337 1259; x_wconf 82' lang='lat' dir='ltr'>quae</span> <span class='ocrx_word' id='word_1_98' title='bbox 357 1199 395 1241; x_wconf 88' lang='lat' dir='ltr'>eit</span> <span class='ocrx_word' id='word_1_99' title='bbox 424 1178 454 1240; x_wconf 91' lang='lat' dir='ltr'>se</span> <span class='ocrx_word' id='word_1_100' title='bbox 478 1176 590 1241; x_wconf 88' lang='lat' dir='ltr'>habent</span> <span class='ocrx_word' id='word_1_101' title='bbox 619 1172 822 1250; x_wconf 86' lang='lat' dir='ltr'>famulatum,</span> <span class='ocrx_word' id='word_1_102' title='bbox 841 1173 876 1238; x_wconf 78' lang='grc' dir='ltr'>ἀ</span> <span class='ocrx_word' id='word_1_103' title='bbox 902 1169 972 1236; x_wconf 91' lang='lat' dir='ltr'>sunt</span> <span class='ocrx_word' id='word_1_104' title='bbox 997 1194 1035 1239; x_wconf 87' lang='lat' dir='ltr'>ea</span> <span class='ocrx_word' id='word_1_105' title='bbox 1070 1173 1267 1248; x_wconf 87' lang='lat' dir='ltr'>mercedem,</span> <span class='ocrx_word' id='word_1_106' title='bbox 1287 1173 1321 1238; x_wconf 75' lang='grc' dir='ltr'>δε</span> <span class='ocrx_word' id='word_1_107' title='bbox 1346 1175 1449 1237; x_wconf 88' lang='lat' dir='ltr'>animo</span> <span class='ocrx_word' id='word_1_108' title='bbox 1472 1174 1607 1240; x_wconf 87' lang='lat' dir='ltr'>lucrandi</span> <span class='ocrx_word' id='word_1_109' title='bbox 1633 1177 1717 1255; x_wconf 87' lang='lat' dir='ltr'>licite</span> <span class='ocrx_word' id='word_1_110' title='bbox 1734 1179 1834 1254; x_wconf 85' lang='lat' dir='ltr'>peragi</span> 
     </span>
     <span class='ocr_line' id='line_1_10' title="bbox 288 1249 1835 1331; baseline -0.003 -9"><span class='ocrx_word' id='word_1_111' title='bbox 288 1278 336 1322; x_wconf 83' lang='lat' dir='ltr'>uae</span> <span class='ocrx_word' id='word_1_112' title='bbox 363 1259 568 1321; x_wconf 85' lang='lat' dir='ltr'>communiter</span> <span class='ocrx_word' id='word_1_113' title='bbox 593 1275 611 1318; x_wconf 90' lang='lat' dir='ltr'>a</span> <span class='ocrx_word' id='word_1_114' title='bbox 639 1249 731 1318; x_wconf 88' lang='lat' dir='ltr'>servis</span> <span class='ocrx_word' id='word_1_115' title='bbox 759 1252 918 1317; x_wconf 87' lang='lat' dir='ltr'>&amp;infima</span> <span class='ocrx_word' id='word_1_116' title='bbox 949 1251 1035 1328; x_wconf 84' lang='lat' dir='ltr'>plebe</span> <span class='ocrx_word' id='word_1_117' title='bbox 1071 1250 1171 1331; x_wconf 85' lang='lat' dir='ltr'>posse,</span> <span class='ocrx_word' id='word_1_118' title='bbox 1191 1256 1262 1326; x_wconf 83' lang='lat' dir='ltr'>quia</span> <span class='ocrx_word' id='word_1_119' title='bbox 1279 1251 1480 1331; x_wconf 90' lang='lat' dir='ltr'>propositum,</span> <span class='ocrx_word' id='word_1_120' title='bbox 1501 1253 1554 1317; x_wconf 87' lang='lat' dir='ltr'>seit</span> <span class='ocrx_word' id='word_1_121' title='bbox 1570 1257 1835 1321; x_wconf 87' lang='lat' dir='ltr'>intentiolucran·</span> 
     </span>
     <span class='ocr_line' id='line_1_11' title="bbox 267 1281 1833 1420; baseline 0.002 -24"><span class='ocrx_word' id='word_1_122' title='bbox 267 1281 322 1400; x_wconf 76' lang='lat' dir='ltr'>seu</span> <span class='ocrx_word' id='word_1_123' title='bbox 342 1357 360 1401; x_wconf 89' lang='lat' dir='ltr'>a</span> <span class='ocrx_word' id='word_1_124' title='bbox 380 1339 573 1401; x_wconf 87' lang='lat' dir='ltr'>mercenariis</span> <span class='ocrx_word' id='word_1_125' title='bbox 605 1332 802 1410; x_wconf 91' lang='lat' dir='ltr'>hominibus,</span> <span class='ocrx_word' id='word_1_126' title='bbox 826 1337 875 1409; x_wconf 92' lang='lat' dir='ltr'>qui</span> <span class='ocrx_word' id='word_1_127' title='bbox 897 1332 964 1396; x_wconf 85' lang='lat' dir='ltr'>asiis</span> <span class='ocrx_word' id='word_1_128' title='bbox 988 1336 1034 1395; x_wconf 95' lang='lat' dir='ltr'>in·</span> <span class='ocrx_word' id='word_1_129' title='bbox 1070 1331 1099 1392; x_wconf 94' lang='lat' dir='ltr'>di</span> <span class='ocrx_word' id='word_1_130' title='bbox 1117 1353 1181 1420; x_wconf 86' lang='lat' dir='ltr'>non</span> <span class='ocrx_word' id='word_1_131' title='bbox 1198 1330 1272 1396; x_wconf 83' lang='lat' dir='ltr'>lacit</span> <span class='ocrx_word' id='word_1_132' title='bbox 1293 1333 1423 1410; x_wconf 84' lang='lat' dir='ltr'>servile,</span> <span class='ocrx_word' id='word_1_133' title='bbox 1443 1332 1638 1398; x_wconf 88' lang='lat' dir='ltr'>&amp;illicitum</span> <span class='ocrx_word' id='word_1_134' title='bbox 1657 1355 1732 1412; x_wconf 87' lang='lat' dir='ltr'>opus</span> <span class='ocrx_word' id='word_1_135' title='bbox 1773 1333 1833 1399; x_wconf 91' lang='lat' dir='ltr'>uod</span> 
     </span>
     <span class='ocr_line' id='line_1_12' title="bbox 268 1358 1832 1489; baseline -0.001 -11"><span class='ocrx_word' id='word_1_136' title='bbox 268 1414 427 1489; x_wconf 87' lang='lat' dir='ltr'>serviunt,</span> <span class='ocrx_word' id='word_1_137' title='bbox 447 1431 630 1478; x_wconf 83' lang='lat' dir='ltr'>exercentur</span> <span class='ocrx_word' id='word_1_138' title='bbox 649 1412 683 1478; x_wconf 73' lang='grc' dir='ltr'>ὅ(</span> <span class='ocrx_word' id='word_1_139' title='bbox 702 1415 837 1476; x_wconf 87' lang='lat' dir='ltr'>exerceri</span> <span class='ocrx_word' id='word_1_140' title='bbox 863 1408 981 1486; x_wconf 84' lang='lat' dir='ltr'>solent,</span> <span class='ocrx_word' id='word_1_141' title='bbox 1000 1411 1034 1477; x_wconf 80' lang='grc' dir='ltr'>δι</span> <span class='ocrx_word' id='word_1_142' title='bbox 1070 1428 1109 1473; x_wconf 87' lang='lat' dir='ltr'>ex</span> <span class='ocrx_word' id='word_1_143' title='bbox 1129 1414 1159 1473; x_wconf 89' lang='lat' dir='ltr'>le</span> <span class='ocrx_word' id='word_1_144' title='bbox 1176 1433 1237 1475; x_wconf 94' lang='lat' dir='ltr'>non</span> <span class='ocrx_word' id='word_1_145' title='bbox 1263 1411 1304 1475; x_wconf 85' lang='lat' dir='ltr'>est</span> <span class='ocrx_word' id='word_1_146' title='bbox 1331 1411 1413 1488; x_wconf 87' lang='lat' dir='ltr'>tale,</span> <span class='ocrx_word' id='word_1_147' title='bbox 1437 1411 1512 1476; x_wconf 87' lang='lat' dir='ltr'>sicut</span> <span class='ocrx_word' id='word_1_148' title='bbox 1532 1413 1652 1478; x_wconf 91' lang='lat' dir='ltr'>licitum</span> <span class='ocrx_word' id='word_1_149' title='bbox 1673 1434 1733 1478; x_wconf 92' lang='lat' dir='ltr'>non</span> <span class='ocrx_word' id='word_1_150' title='bbox 1752 1358 1832 1478; x_wconf 69' lang='lat' dir='ltr'>satit</span> 
     </span>
     <span class='ocr_line' id='line_1_13' title="bbox 290 1491 1830 1572; baseline 0 -16"><span class='ocrx_word' id='word_1_151' title='bbox 290 1494 478 1568; x_wconf 88' lang='lat' dir='ltr'>rineipaliter</span> <span class='ocrx_word' id='word_1_152' title='bbox 493 1493 693 1568; x_wconf 81' lang='lat' dir='ltr'>perficiuntur</span> <span class='ocrx_word' id='word_1_153' title='bbox 713 1491 813 1556; x_wconf 87' lang='lat' dir='ltr'>labore</span> <span class='ocrx_word' id='word_1_154' title='bbox 822 1511 969 1556; x_wconf 90' lang='lat' dir='ltr'>manuum</span> <span class='ocrx_word' id='word_1_155' title='bbox 980 1512 1034 1567; x_wconf 91' lang='lat' dir='ltr'>pro</span> <span class='ocrx_word' id='word_1_156' title='bbox 1070 1493 1190 1554; x_wconf 90' lang='lat' dir='ltr'>animus</span> <span class='ocrx_word' id='word_1_157' title='bbox 1214 1511 1275 1554; x_wconf 93' lang='lat' dir='ltr'>non</span> <span class='ocrx_word' id='word_1_158' title='bbox 1291 1491 1425 1555; x_wconf 88' lang='lat' dir='ltr'>lucrandi</span> <span class='ocrx_word' id='word_1_159' title='bbox 1443 1491 1522 1567; x_wconf 86' lang='lat' dir='ltr'>quod</span> <span class='ocrx_word' id='word_1_160' title='bbox 1541 1491 1584 1556; x_wconf 84' lang='lat' dir='ltr'>est</span> <span class='ocrx_word' id='word_1_161' title='bbox 1612 1493 1830 1572; x_wconf 90' lang='lat' dir='ltr'>illicitum,·ut</span> 
     </span>
     <span class='ocr_line' id='line_1_14' title="bbox 266 1516 1831 1649; baseline 0 -14"><span class='ocrx_word' id='word_1_162' title='bbox 266 1516 396 1637; x_wconf 67' lang='lat' dir='ltr'>servitio</span> <span class='ocrx_word' id='word_1_163' title='bbox 411 1576 563 1649; x_wconf 91' lang='lat' dir='ltr'>corporis,</span> <span class='ocrx_word' id='word_1_164' title='bbox 578 1566 1034 1646; x_wconf 88' lang='lat' dir='ltr'>cuiusmodisuntomniaopera</span> <span class='ocrx_word' id='word_1_165' title='bbox 1070 1587 1161 1634; x_wconf 88' lang='lat' dir='ltr'>antea</span> <span class='ocrx_word' id='word_1_166' title='bbox 1185 1569 1336 1634; x_wconf 84' lang='lat' dir='ltr'>dicebam.</span> <span class='ocrx_word' id='word_1_167' title='bbox 1359 1571 1441 1633; x_wconf 85' lang='lat' dir='ltr'>Hinc</span> <span class='ocrx_word' id='word_1_168' title='bbox 1458 1568 1655 1635; x_wconf 73' lang='lat' dir='ltr'>transcribere</span> <span class='ocrx_word' id='word_1_169' title='bbox 1669 1571 1771 1636; x_wconf 92' lang='lat' dir='ltr'>diebus</span> <span class='ocrx_word' id='word_1_170' title='bbox 1786 1570 1831 1635; x_wconf 89' lang='lat' dir='ltr'>se·</span> 
     </span>
     <span class='ocr_line' id='line_1_15' title="bbox 265 1648 1835 1730; baseline 0 -16"><span class='ocrx_word' id='word_1_171' title='bbox 265 1652 466 1726; x_wconf 84' lang='lat' dir='ltr'>mechanica,</span> <span class='ocrx_word' id='word_1_172' title='bbox 484 1652 526 1714; x_wconf 88' lang='lat' dir='ltr'>ita</span> <span class='ocrx_word' id='word_1_173' title='bbox 546 1649 624 1713; x_wconf 71' lang='lat' dir='ltr'>dista</span> <span class='ocrx_word' id='word_1_174' title='bbox 639 1654 708 1725; x_wconf 84' lang='lat' dir='ltr'>quia</span> <span class='ocrx_word' id='word_1_175' title='bbox 718 1668 769 1725; x_wconf 91' lang='lat' dir='ltr'>pet</span> <span class='ocrx_word' id='word_1_176' title='bbox 777 1666 859 1712; x_wconf 88' lang='lat' dir='ltr'>artes</span> <span class='ocrx_word' id='word_1_177' title='bbox 879 1648 1035 1714; x_wconf 89' lang='lat' dir='ltr'>mechani·</span> <span class='ocrx_word' id='word_1_178' title='bbox 1070 1648 1120 1712; x_wconf 83' lang='lat' dir='ltr'>siis</span> <span class='ocrx_word' id='word_1_179' title='bbox 1138 1651 1211 1715; x_wconf 90' lang='lat' dir='ltr'>lucri</span> <span class='ocrx_word' id='word_1_180' title='bbox 1228 1648 1280 1714; x_wconf 89' lang='lat' dir='ltr'>seu</span> <span class='ocrx_word' id='word_1_181' title='bbox 1297 1650 1441 1715; x_wconf 83' lang='lat' dir='ltr'>mercedis</span> <span class='ocrx_word' id='word_1_182' title='bbox 1466 1655 1582 1730; x_wconf 83' lang='lat' dir='ltr'>gratia,</span> <span class='ocrx_word' id='word_1_183' title='bbox 1602 1672 1664 1715; x_wconf 90' lang='lat' dir='ltr'>nou</span> <span class='ocrx_word' id='word_1_184' title='bbox 1684 1651 1727 1714; x_wconf 83' lang='lat' dir='ltr'>est</span> <span class='ocrx_word' id='word_1_185' title='bbox 1757 1672 1835 1725; x_wconf 86' lang='lat' dir='ltr'>opus</span> 
     </span>
     <span class='ocr_line' id='line_1_16' title="bbox 266 1724 1832 1813; baseline -0.001 -18"><span class='ocrx_word' id='word_1_186' title='bbox 266 1752 317 1795; x_wconf 85' lang='lat' dir='ltr'>cai</span> <span class='ocrx_word' id='word_1_187' title='bbox 333 1731 524 1808; x_wconf 88' lang='lat' dir='ltr'>diriguntur,</span> <span class='ocrx_word' id='word_1_188' title='bbox 544 1727 821 1813; x_wconf 84' lang='lat' dir='ltr'>&amp;distinguuntur</span> <span class='ocrx_word' id='word_1_189' title='bbox 839 1726 876 1793; x_wconf 87' lang='lat' dir='ltr'>ab</span> <span class='ocrx_word' id='word_1_190' title='bbox 894 1730 1033 1802; x_wconf 89' lang='lat' dir='ltr'>operibus</span> <span class='ocrx_word' id='word_1_191' title='bbox 1069 1724 1206 1807; x_wconf 91' lang='lat' dir='ltr'>servile,</span> <span class='ocrx_word' id='word_1_192' title='bbox 1226 1749 1281 1795; x_wconf 93' lang='lat' dir='ltr'>nec</span> <span class='ocrx_word' id='word_1_193' title='bbox 1305 1729 1374 1794; x_wconf 91' lang='lat' dir='ltr'>ideo</span> <span class='ocrx_word' id='word_1_194' title='bbox 1403 1732 1556 1806; x_wconf 90' lang='lat' dir='ltr'>vetitum,</span> <span class='ocrx_word' id='word_1_195' title='bbox 1581 1733 1651 1808; x_wconf 87' lang='lat' dir='ltr'>quia</span> <span class='ocrx_word' id='word_1_196' title='bbox 1674 1732 1721 1795; x_wconf 90' lang='lat' dir='ltr'>liic</span> <span class='ocrx_word' id='word_1_197' title='bbox 1747 1730 1832 1794; x_wconf 91' lang='lat' dir='ltr'>labor</span> 
     </span>
     <span class='ocr_line' id='line_1_17' title="bbox 267 1804 1832 1887; baseline -0.001 -13"><span class='ocrx_word' id='word_1_198' title='bbox 267 1810 460 1886; x_wconf 78' lang='lat' dir='ltr'>liberalibus,</span> <span class='ocrx_word' id='word_1_199' title='bbox 480 1813 552 1884; x_wconf 88' lang='lat' dir='ltr'>quia</span> <span class='ocrx_word' id='word_1_200' title='bbox 573 1807 638 1874; x_wconf 83' lang='lat' dir='ltr'>haec</span> <span class='ocrx_word' id='word_1_201' title='bbox 660 1829 721 1872; x_wconf 91' lang='lat' dir='ltr'>non</span> <span class='ocrx_word' id='word_1_202' title='bbox 743 1807 876 1874; x_wconf 82' lang='lat' dir='ltr'>babeant</span> <span class='ocrx_word' id='word_1_203' title='bbox 895 1804 1034 1873; x_wconf 62' lang='lat' dir='ltr'>effebum</span> <span class='ocrx_word' id='word_1_204' title='bbox 1068 1806 1112 1870; x_wconf 78' lang='lat' dir='ltr'>ess</span> <span class='ocrx_word' id='word_1_205' title='bbox 1129 1812 1230 1885; x_wconf 83' lang='lat' dir='ltr'>potius</span> <span class='ocrx_word' id='word_1_206' title='bbox 1245 1813 1355 1875; x_wconf 87' lang='lat' dir='ltr'>mentis</span> <span class='ocrx_word' id='word_1_207' title='bbox 1370 1829 1460 1887; x_wconf 90' lang='lat' dir='ltr'>quam</span> <span class='ocrx_word' id='word_1_208' title='bbox 1476 1814 1630 1886; x_wconf 88' lang='lat' dir='ltr'>corporis.</span> <span class='ocrx_word' id='word_1_209' title='bbox 1648 1811 1678 1872; x_wconf 86' lang='lat' dir='ltr'>Si</span> <span class='ocrx_word' id='word_1_210' title='bbox 1695 1813 1760 1886; x_wconf 88' lang='lat' dir='ltr'>quis</span> <span class='ocrx_word' id='word_1_211' title='bbox 1777 1830 1832 1875; x_wconf 86' lang='lat' dir='ltr'>au·</span> 
     </span>
    </p>

    <p class='ocr_par' dir='ltr' id='par_1_2' title="bbox 229 1887 1846 3553">
     <span class='ocr_line' id='line_1_18' title="bbox 229 1887 1833 1973; baseline 0 -20"><span class='ocrx_word' id='word_1_212' title='bbox 229 1968 232 1973; x_wconf 27' lang='grc' dir='ltr'>Ι</span> <span class='ocrx_word' id='word_1_213' title='bbox 266 1888 458 1954; x_wconf 86' lang='lat' dir='ltr'>materialem</span> <span class='ocrx_word' id='word_1_214' title='bbox 474 1890 523 1952; x_wconf 87' lang='lat' dir='ltr'>vel</span> <span class='ocrx_word' id='word_1_215' title='bbox 544 1909 738 1964; x_wconf 90' lang='lat' dir='ltr'>corporeum,</span> <span class='ocrx_word' id='word_1_216' title='bbox 761 1905 814 1951; x_wconf 92' lang='lat' dir='ltr'>aut</span> <span class='ocrx_word' id='word_1_217' title='bbox 839 1887 860 1949; x_wconf 93' lang='lat' dir='ltr'>li</span> <span class='ocrx_word' id='word_1_218' title='bbox 881 1887 1033 1965; x_wconf 90' lang='lat' dir='ltr'>babeant,</span> <span class='ocrx_word' id='word_1_219' title='bbox 1070 1904 1135 1951; x_wconf 91' lang='lat' dir='ltr'>tem</span> <span class='ocrx_word' id='word_1_220' title='bbox 1150 1889 1227 1956; x_wconf 91' lang='lat' dir='ltr'>velit</span> <span class='ocrx_word' id='word_1_221' title='bbox 1247 1888 1307 1952; x_wconf 83' lang='lat' dir='ltr'>esse</span> <span class='ocrx_word' id='word_1_222' title='bbox 1327 1889 1551 1967; x_wconf 84' lang='lat' dir='ltr'>contentiosus,</span> <span class='ocrx_word' id='word_1_223' title='bbox 1572 1889 1736 1964; x_wconf 85' lang='lat' dir='ltr'>respondeo</span> <span class='ocrx_word' id='word_1_224' title='bbox 1752 1889 1833 1954; x_wconf 88' lang='lat' dir='ltr'>bunc</span> 
     </span>
     <span class='ocr_line' id='line_1_19' title="bbox 266 1966 1833 2047; baseline -0.001 -16"><span class='ocrx_word' id='word_1_225' title='bbox 266 1969 476 2047; x_wconf 90' lang='lat' dir='ltr'>principaliter</span> <span class='ocrx_word' id='word_1_226' title='bbox 490 1967 675 2032; x_wconf 80' lang='lat' dir='ltr'>ordinantur</span> <span class='ocrx_word' id='word_1_227' title='bbox 691 1967 727 2032; x_wconf 92' lang='lat' dir='ltr'>ad</span> <span class='ocrx_word' id='word_1_228' title='bbox 745 1968 881 2031; x_wconf 87' lang='lat' dir='ltr'>animuin</span> <span class='ocrx_word' id='word_1_229' title='bbox 896 1971 1033 2031; x_wconf 85' lang='lat' dir='ltr'>excitari·</span> <span class='ocrx_word' id='word_1_230' title='bbox 1069 1966 1202 2031; x_wconf 86' lang='lat' dir='ltr'>laborem</span> <span class='ocrx_word' id='word_1_231' title='bbox 1225 1988 1264 2032; x_wconf 90' lang='lat' dir='ltr'>eit</span> <span class='ocrx_word' id='word_1_232' title='bbox 1299 1966 1385 2031; x_wconf 89' lang='lat' dir='ltr'>sensu</span> <span class='ocrx_word' id='word_1_233' title='bbox 1407 1971 1543 2031; x_wconf 87' lang='lat' dir='ltr'>oninium</span> <span class='ocrx_word' id='word_1_234' title='bbox 1567 1967 1733 2033; x_wconf 80' lang='lat' dir='ltr'>nostorum</span> <span class='ocrx_word' id='word_1_235' title='bbox 1751 2017 1760 2045; x_wconf 96' lang='lat'>,</span> <span class='ocrx_word' id='word_1_236' title='bbox 1780 1971 1833 2044; x_wconf 88' lang='lat' dir='ltr'>qui</span> 
     </span>
     <span class='ocr_line' id='line_1_20' title="bbox 266 2042 1833 2126; baseline -0.001 -14"><span class='ocrx_word' id='word_1_237' title='bbox 266 2049 358 2126; x_wconf 91' lang='lat' dir='ltr'>dum,</span> <span class='ocrx_word' id='word_1_238' title='bbox 376 2047 430 2113; x_wconf 90' lang='lat' dir='ltr'>vel</span> <span class='ocrx_word' id='word_1_239' title='bbox 451 2044 794 2122; x_wconf 84' lang='lat' dir='ltr'>instruendum,cume</span> <span class='ocrx_word' id='word_1_240' title='bbox 814 2064 923 2110; x_wconf 88' lang='lat' dir='ltr'>contra</span> <span class='ocrx_word' id='word_1_241' title='bbox 938 2068 1032 2123; x_wconf 89' lang='lat' dir='ltr'>opera</span> <span class='ocrx_word' id='word_1_242' title='bbox 1066 2042 1248 2125; x_wconf 76' lang='lat' dir='ltr'>scripserunt</span> <span class='ocrx_word' id='word_1_243' title='bbox 1286 2047 1396 2112; x_wconf 90' lang='lat' dir='ltr'>saeculo</span> <span class='ocrx_word' id='word_1_244' title='bbox 1430 2050 1616 2126; x_wconf 77' lang='lat' dir='ltr'>praeterito,</span> <span class='ocrx_word' id='word_1_245' title='bbox 1642 2069 1676 2113; x_wconf 90' lang='lat' dir='ltr'>ac</span> <span class='ocrx_word' id='word_1_246' title='bbox 1706 2048 1833 2123; x_wconf 86' lang='lat' dir='ltr'>nolito,</span> 
     </span>
     <span class='ocr_line' id='line_1_21' title="bbox 266 2124 1834 2207; baseline -0.001 -15"><span class='ocrx_word' id='word_1_247' title='bbox 266 2127 442 2192; x_wconf 84' lang='lat' dir='ltr'>mechanica</span> <span class='ocrx_word' id='word_1_248' title='bbox 463 2126 525 2204; x_wconf 87' lang='lat' dir='ltr'>posi</span> <span class='ocrx_word' id='word_1_249' title='bbox 546 2125 575 2190; x_wconf 91' lang='lat' dir='ltr'>se</span> <span class='ocrx_word' id='word_1_250' title='bbox 596 2124 908 2202; x_wconf 73' lang='lat' dir='ltr'>relinquanteffedlus</span> <span class='ocrx_word' id='word_1_251' title='bbox 928 2147 1034 2201; x_wconf 90' lang='lat' dir='ltr'>corpo·</span> <span class='ocrx_word' id='word_1_252' title='bbox 1061 2170 1074 2207; x_wconf 89' lang='lat'>·.</span> <span class='ocrx_word' id='word_1_253' title='bbox 1111 2146 1130 2188; x_wconf 94' lang='lat' dir='ltr'>n</span> <span class='ocrx_word' id='word_1_254' title='bbox 1156 2127 1295 2192; x_wconf 87' lang='lat' dir='ltr'>aeslimari</span> <span class='ocrx_word' id='word_1_255' title='bbox 1321 2125 1485 2188; x_wconf 85' lang='lat' dir='ltr'>servilem.</span> <span class='ocrx_word' id='word_1_256' title='bbox 1515 2128 1595 2190; x_wconf 88' lang='lat' dir='ltr'>Cum</span> <span class='ocrx_word' id='word_1_257' title='bbox 1626 2148 1702 2206; x_wconf 88' lang='lat' dir='ltr'>ergo</span> <span class='ocrx_word' id='word_1_258' title='bbox 1734 2124 1834 2191; x_wconf 86' lang='lat' dir='ltr'>sensus</span> 
     </span>
     <span class='ocr_line' id='line_1_22' title="bbox 266 2204 1835 2285; baseline -0.001 -15"><span class='ocrx_word' id='word_1_259' title='bbox 266 2228 334 2272; x_wconf 89' lang='lat' dir='ltr'>reos</span> <span class='ocrx_word' id='word_1_260' title='bbox 355 2255 365 2285; x_wconf 96' lang='lat'>,</span> <span class='ocrx_word' id='word_1_261' title='bbox 388 2228 422 2271; x_wconf 84' lang='lat' dir='ltr'>ac</span> <span class='ocrx_word' id='word_1_262' title='bbox 454 2206 706 2270; x_wconf 89' lang='lat' dir='ltr'>incommodum</span> <span class='ocrx_word' id='word_1_263' title='bbox 733 2208 864 2281; x_wconf 88' lang='lat' dir='ltr'>corporis</span> <span class='ocrx_word' id='word_1_264' title='bbox 898 2208 1033 2279; x_wconf 75' lang='lat' dir='ltr'>proxime</span> <span class='ocrx_word' id='word_1_265' title='bbox 1068 2210 1238 2270; x_wconf 87' lang='lat' dir='ltr'>communis</span> <span class='ocrx_word' id='word_1_266' title='bbox 1277 2204 1439 2269; x_wconf 77' lang='lat' dir='ltr'>Doslorum</span> <span class='ocrx_word' id='word_1_267' title='bbox 1475 2212 1592 2280; x_wconf 86' lang='lat' dir='ltr'>praxim</span> <span class='ocrx_word' id='word_1_268' title='bbox 1621 2204 1757 2284; x_wconf 85' lang='lat' dir='ltr'>formet,</span> <span class='ocrx_word' id='word_1_269' title='bbox 1792 2222 1835 2268; x_wconf 88' lang='lat' dir='ltr'>ex</span> 
     </span>
     <span class='ocr_line' id='line_1_23' title="bbox 267 2282 1834 2364; baseline 0 -14"><span class='ocrx_word' id='word_1_270' title='bbox 267 2286 417 2361; x_wconf 87' lang='lat' dir='ltr'>tendant,</span> <span class='ocrx_word' id='word_1_271' title='bbox 439 2284 473 2350; x_wconf 76' lang='grc' dir='ltr'>δι</span> <span class='ocrx_word' id='word_1_272' title='bbox 493 2286 586 2350; x_wconf 88' lang='lat' dir='ltr'>servis</span> <span class='ocrx_word' id='word_1_273' title='bbox 615 2286 732 2361; x_wconf 91' lang='lat' dir='ltr'>proprie</span> <span class='ocrx_word' id='word_1_274' title='bbox 751 2287 961 2359; x_wconf 87' lang='lat' dir='ltr'>conveniant,</span> <span class='ocrx_word' id='word_1_275' title='bbox 984 2304 1033 2350; x_wconf 88' lang='lat' dir='ltr'>ta·</span> <span class='ocrx_word' id='word_1_276' title='bbox 1067 2282 1284 2350; x_wconf 89' lang='lat' dir='ltr'>consuetudine</span> <span class='ocrx_word' id='word_1_277' title='bbox 1299 2289 1422 2350; x_wconf 89' lang='lat' dir='ltr'>maioris</span> <span class='ocrx_word' id='word_1_278' title='bbox 1443 2288 1534 2360; x_wconf 84' lang='lat' dir='ltr'>partis</span> <span class='ocrx_word' id='word_1_279' title='bbox 1556 2284 1722 2364; x_wconf 79' lang='lat' dir='ltr'>Ecclesiae,</span> <span class='ocrx_word' id='word_1_280' title='bbox 1744 2284 1779 2350; x_wconf 80' lang='lat' dir='ltr'>dr</span> <span class='ocrx_word' id='word_1_281' title='bbox 1795 2304 1834 2349; x_wconf 85' lang='lat' dir='ltr'>ea</span> 
     </span>
     <span class='ocr_line' id='line_1_24' title="bbox 266 2363 1835 2442; baseline -0.001 -13"><span class='ocrx_word' id='word_1_282' title='bbox 266 2364 353 2429; x_wconf 86' lang='lat' dir='ltr'>mersi</span> <span class='ocrx_word' id='word_1_283' title='bbox 371 2366 549 2440; x_wconf 87' lang='lat' dir='ltr'>quandoque</span> <span class='ocrx_word' id='word_1_284' title='bbox 567 2385 618 2441; x_wconf 90' lang='lat' dir='ltr'>per</span> <span class='ocrx_word' id='word_1_285' title='bbox 635 2363 743 2428; x_wconf 92' lang='lat' dir='ltr'>liberos</span> <span class='ocrx_word' id='word_1_286' title='bbox 758 2380 979 2442; x_wconf 86' lang='lat' dir='ltr'>exerceantur,</span> <span class='ocrx_word' id='word_1_287' title='bbox 995 2382 1032 2428; x_wconf 91' lang='lat' dir='ltr'>ut</span> <span class='ocrx_word' id='word_1_288' title='bbox 1068 2363 1257 2429; x_wconf 80' lang='lat' dir='ltr'>consuetudo</span> <span class='ocrx_word' id='word_1_289' title='bbox 1273 2385 1337 2428; x_wconf 89' lang='lat' dir='ltr'>nori</span> <span class='ocrx_word' id='word_1_290' title='bbox 1359 2381 1467 2441; x_wconf 88' lang='lat' dir='ltr'>vergat</span> <span class='ocrx_word' id='word_1_291' title='bbox 1492 2367 1525 2426; x_wconf 90' lang='lat' dir='ltr'>in</span> <span class='ocrx_word' id='word_1_292' title='bbox 1544 2366 1748 2442; x_wconf 84' lang='lat' dir='ltr'>corruptelam</span> <span class='ocrx_word' id='word_1_293' title='bbox 1769 2383 1835 2427; x_wconf 91' lang='lat' dir='ltr'>rno-</span> 
     </span>
     <span class='ocr_line' id='line_1_25' title="bbox 267 2440 1835 2521; baseline -0.001 -14"><span class='ocrx_word' id='word_1_294' title='bbox 267 2441 337 2508; x_wconf 89' lang='lat' dir='ltr'>suut</span> <span class='ocrx_word' id='word_1_295' title='bbox 354 2442 473 2519; x_wconf 81' lang='lat' dir='ltr'>ludere,</span> <span class='ocrx_word' id='word_1_296' title='bbox 496 2464 602 2520; x_wconf 90' lang='lat' dir='ltr'>arare,</span> <span class='ocrx_word' id='word_1_297' title='bbox 618 2444 721 2518; x_wconf 89' lang='lat' dir='ltr'>suere,</span> <span class='ocrx_word' id='word_1_298' title='bbox 742 2443 863 2519; x_wconf 86' lang='lat' dir='ltr'>asiaque</span> <span class='ocrx_word' id='word_1_299' title='bbox 876 2444 904 2505; x_wconf 93' lang='lat' dir='ltr'>id</span> <span class='ocrx_word' id='word_1_300' title='bbox 919 2466 1031 2521; x_wconf 85' lang='lat' dir='ltr'>genus.</span> <span class='ocrx_word' id='word_1_301' title='bbox 1070 2464 1156 2520; x_wconf 86' lang='lat' dir='ltr'>rum,-</span> <span class='ocrx_word' id='word_1_302' title='bbox 1172 2462 1226 2508; x_wconf 91' lang='lat' dir='ltr'>aut</span> <span class='ocrx_word' id='word_1_303' title='bbox 1244 2441 1386 2518; x_wconf 90' lang='lat' dir='ltr'>abusum,</span> <span class='ocrx_word' id='word_1_304' title='bbox 1405 2458 1462 2506; x_wconf 89' lang='lat' dir='ltr'>aut</span> <span class='ocrx_word' id='word_1_305' title='bbox 1477 2440 1668 2520; x_wconf 87' lang='lat' dir='ltr'>scandalum,</span> <span class='ocrx_word' id='word_1_306' title='bbox 1686 2445 1835 2508; x_wconf 90' lang='lat' dir='ltr'>buiccon·</span> 
     </span>
     <span class='ocr_line' id='line_1_26' title="bbox 265 2520 1835 2599; baseline 0 -14"><span class='ocrx_word' id='word_1_307' title='bbox 265 2524 344 2587; x_wconf 84' lang='lat' dir='ltr'>Haec</span> <span class='ocrx_word' id='word_1_308' title='bbox 367 2544 443 2587; x_wconf 88' lang='lat' dir='ltr'>vero</span> <span class='ocrx_word' id='word_1_309' title='bbox 462 2543 554 2598; x_wconf 88' lang='lat' dir='ltr'>opera</span> <span class='ocrx_word' id='word_1_310' title='bbox 573 2524 646 2587; x_wconf 89' lang='lat' dir='ltr'>licet</span> <span class='ocrx_word' id='word_1_311' title='bbox 666 2524 759 2599; x_wconf 85' lang='lat' dir='ltr'>gratis</span> <span class='ocrx_word' id='word_1_312' title='bbox 780 2521 888 2586; x_wconf 89' lang='lat' dir='ltr'>sterent</span> <span class='ocrx_word' id='word_1_313' title='bbox 904 2571 912 2597; x_wconf 93' lang='lat'>,</span> <span class='ocrx_word' id='word_1_314' title='bbox 926 2521 1032 2588; x_wconf 83' lang='lat' dir='ltr'>scure-</span> <span class='ocrx_word' id='word_1_315' title='bbox 1069 2523 1220 2587; x_wconf 89' lang='lat' dir='ltr'>suetudini</span> <span class='ocrx_word' id='word_1_316' title='bbox 1244 2521 1383 2587; x_wconf 78' lang='lat' dir='ltr'>Ecclesiae</span> <span class='ocrx_word' id='word_1_317' title='bbox 1404 2520 1597 2587; x_wconf 89' lang='lat' dir='ltr'>insrslendum</span> <span class='ocrx_word' id='word_1_318' title='bbox 1617 2522 1675 2587; x_wconf 87' lang='lat' dir='ltr'>est.</span> <span class='ocrx_word' id='word_1_319' title='bbox 1698 2521 1835 2587; x_wconf 86' lang='lat' dir='ltr'>Huiusce</span> 
     </span>
     <span class='ocr_line' id='line_1_27' title="bbox 265 2600 1834 2683; baseline -0.001 -16"><span class='ocrx_word' id='word_1_320' title='bbox 265 2604 451 2680; x_wconf 85' lang='lat' dir='ltr'>creationis,</span> <span class='ocrx_word' id='word_1_321' title='bbox 473 2604 521 2666; x_wconf 91' lang='lat' dir='ltr'>vel</span> <span class='ocrx_word' id='word_1_322' title='bbox 548 2605 604 2678; x_wconf 82' lang='lat' dir='ltr'>piae</span> <span class='ocrx_word' id='word_1_323' title='bbox 622 2604 803 2666; x_wconf 89' lang='lat' dir='ltr'>intentionis</span> <span class='ocrx_word' id='word_1_324' title='bbox 822 2602 924 2666; x_wconf 86' lang='lat' dir='ltr'>causl&#39;a</span> <span class='ocrx_word' id='word_1_325' title='bbox 943 2650 952 2680; x_wconf 95' lang='lat'>,</span> <span class='ocrx_word' id='word_1_326' title='bbox 972 2624 1033 2667; x_wconf 93' lang='lat' dir='ltr'>nou</span> <span class='ocrx_word' id='word_1_327' title='bbox 1071 2601 1232 2669; x_wconf 71' lang='lat' dir='ltr'>sententiae</span> <span class='ocrx_word' id='word_1_328' title='bbox 1250 2600 1334 2667; x_wconf 88' lang='lat' dir='ltr'>suere</span> <span class='ocrx_word' id='word_1_329' title='bbox 1353 2603 1477 2676; x_wconf 88' lang='lat' dir='ltr'>Lopez,</span> <span class='ocrx_word' id='word_1_330' title='bbox 1494 2602 1625 2681; x_wconf 84' lang='lat' dir='ltr'>Suarez,</span> <span class='ocrx_word' id='word_1_331' title='bbox 1649 2603 1834 2683; x_wconf 80' lang='lat' dir='ltr'>Fagundea,</span> 
     </span>
     <span class='ocr_line' id='line_1_28' title="bbox 265 2678 1846 2761; baseline -0.001 -17"><span class='ocrx_word' id='word_1_332' title='bbox 265 2699 372 2745; x_wconf 82' lang='lat' dir='ltr'>autent</span> <span class='ocrx_word' id='word_1_333' title='bbox 391 2685 513 2746; x_wconf 91' lang='lat' dir='ltr'>intuitu</span> <span class='ocrx_word' id='word_1_334' title='bbox 532 2682 676 2746; x_wconf 89' lang='lat' dir='ltr'>mercedis</span> <span class='ocrx_word' id='word_1_335' title='bbox 693 2698 767 2757; x_wconf 87' lang='lat' dir='ltr'>,aut</span> <span class='ocrx_word' id='word_1_336' title='bbox 784 2682 820 2744; x_wconf 92' lang='lat' dir='ltr'>ad</span> <span class='ocrx_word' id='word_1_337' title='bbox 831 2686 907 2746; x_wconf 82' lang='lat' dir='ltr'>vitae</span> <span class='ocrx_word' id='word_1_338' title='bbox 923 2678 1033 2747; x_wconf 90' lang='lat' dir='ltr'>suslen-</span> <span class='ocrx_word' id='word_1_339' title='bbox 1070 2681 1246 2759; x_wconf 89' lang='lat' dir='ltr'>Bonacina,</span> <span class='ocrx_word' id='word_1_340' title='bbox 1263 2684 1388 2756; x_wconf 75' lang='lat' dir='ltr'>Palatia,</span> <span class='ocrx_word' id='word_1_341' title='bbox 1405 2681 1501 2745; x_wconf 87' lang='lat' dir='ltr'>&amp;alii</span> <span class='ocrx_word' id='word_1_342' title='bbox 1517 2686 1736 2747; x_wconf 88' lang='lat' dir='ltr'>communiter.</span> <span class='ocrx_word' id='word_1_343' title='bbox 1756 2683 1846 2761; x_wconf 62' lang='lat' dir='ltr'>lieniv</span> 
     </span>
     <span class='ocr_line' id='line_1_29' title="bbox 268 2757 1835 2841; baseline -0.002 -16"><span class='ocrx_word' id='word_1_344' title='bbox 268 2765 439 2833; x_wconf 86' lang='lat' dir='ltr'>tationem,</span> <span class='ocrx_word' id='word_1_345' title='bbox 459 2780 520 2823; x_wconf 90' lang='lat' dir='ltr'>non</span> <span class='ocrx_word' id='word_1_346' title='bbox 536 2758 706 2825; x_wconf 82' lang='lat' dir='ltr'>desinerent</span> <span class='ocrx_word' id='word_1_347' title='bbox 723 2759 783 2823; x_wconf 84' lang='lat' dir='ltr'>elle</span> <span class='ocrx_word' id='word_1_348' title='bbox 794 2758 933 2824; x_wconf 83' lang='lat' dir='ltr'>servilia.</span> <span class='ocrx_word' id='word_1_349' title='bbox 951 2762 1034 2826; x_wconf 89' lang='lat' dir='ltr'>Nam</span> <span class='ocrx_word' id='word_1_350' title='bbox 1072 2765 1211 2841; x_wconf 78' lang='lat' dir='ltr'>pingere,</span> <span class='ocrx_word' id='word_1_351' title='bbox 1227 2760 1346 2837; x_wconf 86' lang='lat' dir='ltr'>quando</span> <span class='ocrx_word' id='word_1_352' title='bbox 1363 2777 1464 2823; x_wconf 90' lang='lat' dir='ltr'>tamen</span> <span class='ocrx_word' id='word_1_353' title='bbox 1482 2760 1594 2836; x_wconf 75' lang='lat' dir='ltr'>pillura</span> <span class='ocrx_word' id='word_1_354' title='bbox 1611 2761 1646 2825; x_wconf 89' lang='lat' dir='ltr'>sit</span> <span class='ocrx_word' id='word_1_355' title='bbox 1665 2765 1763 2840; x_wconf 89' lang='lat' dir='ltr'>magni</span> <span class='ocrx_word' id='word_1_356' title='bbox 1774 2757 1835 2823; x_wconf 88' lang='lat' dir='ltr'>llu-</span> 
     </span>
     <span class='ocr_line' id='line_1_30' title="bbox 265 2839 1836 2916; baseline -0.002 -14"><span class='ocrx_word' id='word_1_357' title='bbox 265 2841 405 2903; x_wconf 92' lang='lat' dir='ltr'>intentio</span> <span class='ocrx_word' id='word_1_358' title='bbox 420 2839 593 2902; x_wconf 87' lang='lat' dir='ltr'>naturalem</span> <span class='ocrx_word' id='word_1_359' title='bbox 610 2842 760 2903; x_wconf 90' lang='lat' dir='ltr'>rationem</span> <span class='ocrx_word' id='word_1_360' title='bbox 776 2845 876 2914; x_wconf 85' lang='lat' dir='ltr'>operis</span> <span class='ocrx_word' id='word_1_361' title='bbox 894 2844 1034 2906; x_wconf 87' lang='lat' dir='ltr'>immuta·</span> <span class='ocrx_word' id='word_1_362' title='bbox 1070 2839 1130 2915; x_wconf 93' lang='lat' dir='ltr'>dii,</span> <span class='ocrx_word' id='word_1_363' title='bbox 1154 2862 1220 2915; x_wconf 85' lang='lat' dir='ltr'>quae</span> <span class='ocrx_word' id='word_1_364' title='bbox 1242 2840 1355 2916; x_wconf 83' lang='lat' dir='ltr'>indiget</span> <span class='ocrx_word' id='word_1_365' title='bbox 1381 2856 1524 2916; x_wconf 82' lang='lat' dir='ltr'>perpetua</span> <span class='ocrx_word' id='word_1_366' title='bbox 1548 2844 1728 2903; x_wconf 86' lang='lat' dir='ltr'>inventione</span> <span class='ocrx_word' id='word_1_367' title='bbox 1751 2887 1760 2915; x_wconf 97' lang='lat'>,</span> <span class='ocrx_word' id='word_1_368' title='bbox 1787 2842 1836 2900; x_wconf 91' lang='lat' dir='ltr'>in·</span> 
     </span>
     <span class='ocr_line' id='line_1_31' title="bbox 268 2917 1837 2996; baseline -0.002 -13"><span class='ocrx_word' id='word_1_369' title='bbox 268 2938 304 2989; x_wconf 85' lang='lat' dir='ltr'>re</span> <span class='ocrx_word' id='word_1_370' title='bbox 320 2918 447 2992; x_wconf 90' lang='lat' dir='ltr'>nequit:</span> <span class='ocrx_word' id='word_1_371' title='bbox 471 2917 551 2981; x_wconf 91' lang='lat' dir='ltr'>unde</span> <span class='ocrx_word' id='word_1_372' title='bbox 571 2939 633 2982; x_wconf 92' lang='lat' dir='ltr'>uon</span> <span class='ocrx_word' id='word_1_373' title='bbox 653 2920 753 2980; x_wconf 88' lang='lat' dir='ltr'>minus</span> <span class='ocrx_word' id='word_1_374' title='bbox 780 2920 915 2993; x_wconf 80' lang='lat' dir='ltr'>ingenuis</span> <span class='ocrx_word' id='word_1_375' title='bbox 943 2942 1034 2995; x_wconf 87' lang='lat' dir='ltr'>quani</span> <span class='ocrx_word' id='word_1_376' title='bbox 1071 2919 1227 2996; x_wconf 84' lang='lat' dir='ltr'>tensione,</span> <span class='ocrx_word' id='word_1_377' title='bbox 1247 2920 1438 2993; x_wconf 85' lang='lat' dir='ltr'>attentione,</span> <span class='ocrx_word' id='word_1_378' title='bbox 1457 2938 1519 2983; x_wconf 91' lang='lat' dir='ltr'>non</span> <span class='ocrx_word' id='word_1_379' title='bbox 1540 2923 1673 2996; x_wconf 89' lang='lat' dir='ltr'>pertinet</span> <span class='ocrx_word' id='word_1_380' title='bbox 1690 2918 1727 2984; x_wconf 88' lang='lat' dir='ltr'>ad</span> <span class='ocrx_word' id='word_1_381' title='bbox 1742 2937 1837 2995; x_wconf 88' lang='lat' dir='ltr'>opera</span> 
     </span>
     <span class='ocr_line' id='line_1_32' title="bbox 270 2992 1836 3084; baseline 0.001 -24"><span class='ocrx_word' id='word_1_382' title='bbox 270 2992 386 3076; x_wconf 85' lang='lat' dir='ltr'>plebeis</span> <span class='ocrx_word' id='word_1_383' title='bbox 407 2995 569 3062; x_wconf 77' lang='lat' dir='ltr'>interdidla</span> <span class='ocrx_word' id='word_1_384' title='bbox 591 2995 659 3084; x_wconf 85' lang='lat' dir='ltr'>sunt</span> <span class='ocrx_word' id='word_1_385' title='bbox 684 2999 733 3060; x_wconf 85' lang='lat' dir='ltr'>die</span> <span class='ocrx_word' id='word_1_386' title='bbox 754 2999 929 3062; x_wconf 88' lang='lat' dir='ltr'>Domiiiico.</span> <span class='ocrx_word' id='word_1_387' title='bbox 950 3001 1034 3080; x_wconf 91' lang='lat' dir='ltr'>Ope·</span> <span class='ocrx_word' id='word_1_388' title='bbox 1071 2994 1193 3063; x_wconf 88' lang='lat' dir='ltr'>servilia</span> <span class='ocrx_word' id='word_1_389' title='bbox 1230 3018 1264 3061; x_wconf 91' lang='lat' dir='ltr'>ac</span> <span class='ocrx_word' id='word_1_390' title='bbox 1282 2996 1409 3077; x_wconf 91' lang='lat' dir='ltr'>proinde</span> <span class='ocrx_word' id='word_1_391' title='bbox 1435 3000 1499 3062; x_wconf 88' lang='lat' dir='ltr'>licit</span> <span class='ocrx_word' id='word_1_392' title='bbox 1571 3002 1707 3063; x_wconf 85' lang='lat' dir='ltr'>exerceri</span> <span class='ocrx_word' id='word_1_393' title='bbox 1738 3000 1836 3075; x_wconf 81' lang='lat' dir='ltr'>potest</span> 
     </span>
     <span class='ocr_line' id='line_1_33' title="bbox 269 3011 1837 3157; baseline 0 -15"><span class='ocrx_word' id='word_1_394' title='bbox 269 3098 306 3142; x_wconf 90' lang='lat' dir='ltr'>ra</span> <span class='ocrx_word' id='word_1_395' title='bbox 322 3096 399 3140; x_wconf 90' lang='lat' dir='ltr'>vero</span> <span class='ocrx_word' id='word_1_396' title='bbox 414 3098 453 3141; x_wconf 89' lang='lat' dir='ltr'>ex</span> <span class='ocrx_word' id='word_1_397' title='bbox 474 3097 583 3157; x_wconf 88' lang='lat' dir='ltr'>genere</span> <span class='ocrx_word' id='word_1_398' title='bbox 603 3079 657 3142; x_wconf 94' lang='lat' dir='ltr'>luo</span> <span class='ocrx_word' id='word_1_399' title='bbox 677 3100 737 3141; x_wconf 91' lang='lat' dir='ltr'>non</span> <span class='ocrx_word' id='word_1_400' title='bbox 755 3074 876 3141; x_wconf 86' lang='lat' dir='ltr'>servilia</span> <span class='ocrx_word' id='word_1_401' title='bbox 886 3076 1036 3156; x_wconf 89' lang='lat' dir='ltr'>islasunt,</span> <span class='ocrx_word' id='word_1_402' title='bbox 1072 3079 1143 3142; x_wconf 89' lang='lat' dir='ltr'>talis</span> <span class='ocrx_word' id='word_1_403' title='bbox 1163 3048 1273 3155; x_wconf 68' lang='lat' dir='ltr'>passura</span> <span class='ocrx_word' id='word_1_404' title='bbox 1290 3083 1322 3141; x_wconf 95' lang='lat' dir='ltr'>in</span> <span class='ocrx_word' id='word_1_405' title='bbox 1339 3078 1388 3142; x_wconf 92' lang='lat' dir='ltr'>die</span> <span class='ocrx_word' id='word_1_406' title='bbox 1403 3011 1610 3154; x_wconf 43' lang='lat' dir='ltr'>seslozuod</span> <span class='ocrx_word' id='word_1_407' title='bbox 1630 3078 1651 3140; x_wconf 85' lang='lat' dir='ltr'>si</span> <span class='ocrx_word' id='word_1_408' title='bbox 1670 3077 1783 3151; x_wconf 71' lang='lat' dir='ltr'>pillura</span> <span class='ocrx_word' id='word_1_409' title='bbox 1800 3075 1837 3142; x_wconf 84' lang='lat' dir='ltr'>sit</span> 
     </span>
     <span class='ocr_line' id='line_1_34' title="bbox 266 3153 1838 3235; baseline -0.001 -15"><span class='ocrx_word' id='word_1_410' title='bbox 266 3177 337 3232; x_wconf 86' lang='lat' dir='ltr'>quae</span> <span class='ocrx_word' id='word_1_411' title='bbox 362 3177 379 3220; x_wconf 93' lang='lat' dir='ltr'>e</span> <span class='ocrx_word' id='word_1_412' title='bbox 402 3175 514 3221; x_wconf 92' lang='lat' dir='ltr'>contra</span> <span class='ocrx_word' id='word_1_413' title='bbox 542 3161 660 3234; x_wconf 88' lang='lat' dir='ltr'>proprie</span> <span class='ocrx_word' id='word_1_414' title='bbox 676 3179 739 3221; x_wconf 90' lang='lat' dir='ltr'>non</span> <span class='ocrx_word' id='word_1_415' title='bbox 760 3160 952 3222; x_wconf 84' lang='lat' dir='ltr'>conveniunt</span> <span class='ocrx_word' id='word_1_416' title='bbox 973 3157 1034 3221; x_wconf 90' lang='lat' dir='ltr'>ser·</span> <span class='ocrx_word' id='word_1_417' title='bbox 1072 3158 1184 3223; x_wconf 86' lang='lat' dir='ltr'>nullius</span> <span class='ocrx_word' id='word_1_418' title='bbox 1204 3156 1298 3220; x_wconf 86' lang='lat' dir='ltr'>femie</span> <span class='ocrx_word' id='word_1_419' title='bbox 1320 3156 1427 3235; x_wconf 90' lang='lat' dir='ltr'>sludii,</span> <span class='ocrx_word' id='word_1_420' title='bbox 1447 3156 1521 3221; x_wconf 83' lang='lat' dir='ltr'>ideis</span> <span class='ocrx_word' id='word_1_421' title='bbox 1538 3179 1645 3221; x_wconf 90' lang='lat' dir='ltr'>eorum</span> <span class='ocrx_word' id='word_1_422' title='bbox 1661 3156 1696 3221; x_wconf 86' lang='lat' dir='ltr'>sit</span> <span class='ocrx_word' id='word_1_423' title='bbox 1713 3153 1838 3235; x_wconf 77' lang='lat' dir='ltr'>quaesa-</span> 
     </span>
     <span class='ocr_line' id='line_1_35' title="bbox 268 3233 1839 3315; baseline -0.001 -15"><span class='ocrx_word' id='word_1_424' title='bbox 268 3241 338 3310; x_wconf 88' lang='lat' dir='ltr'>vis,</span> <span class='ocrx_word' id='word_1_425' title='bbox 358 3233 405 3299; x_wconf 90' lang='lat' dir='ltr'>sed</span> <span class='ocrx_word' id='word_1_426' title='bbox 423 3236 562 3300; x_wconf 88' lang='lat' dir='ltr'>omnibus</span> <span class='ocrx_word' id='word_1_427' title='bbox 579 3257 751 3301; x_wconf 85' lang='lat' dir='ltr'>communia</span> <span class='ocrx_word' id='word_1_428' title='bbox 771 3237 841 3300; x_wconf 85' lang='lat' dir='ltr'>sunt</span> <span class='ocrx_word' id='word_1_429' title='bbox 859 3253 925 3299; x_wconf 90' lang='lat' dir='ltr'>tum</span> <span class='ocrx_word' id='word_1_430' title='bbox 941 3239 1035 3303; x_wconf 91' lang='lat' dir='ltr'>domi·</span> <span class='ocrx_word' id='word_1_431' title='bbox 1071 3238 1130 3301; x_wconf 92' lang='lat' dir='ltr'>cile</span> <span class='ocrx_word' id='word_1_432' title='bbox 1151 3236 1359 3301; x_wconf 87' lang='lat' dir='ltr'>conficiuntur</span> <span class='ocrx_word' id='word_1_433' title='bbox 1379 3257 1417 3300; x_wconf 86' lang='lat' dir='ltr'>ex</span> <span class='ocrx_word' id='word_1_434' title='bbox 1440 3236 1545 3303; x_wconf 90' lang='lat' dir='ltr'>babitu</span> <span class='ocrx_word' id='word_1_435' title='bbox 1560 3242 1634 3301; x_wconf 87' lang='lat' dir='ltr'>artis</span> <span class='ocrx_word' id='word_1_436' title='bbox 1650 3237 1712 3301; x_wconf 93' lang='lat' dir='ltr'>siue</span> <span class='ocrx_word' id='word_1_437' title='bbox 1728 3256 1839 3315; x_wconf 86' lang='lat' dir='ltr'>magna</span> 
     </span>
     <span class='ocr_line' id='line_1_36' title="bbox 269 3312 1841 3396; baseline 0.002 -20"><span class='ocrx_word' id='word_1_438' title='bbox 269 3318 315 3378; x_wconf 89' lang='lat' dir='ltr'>nis</span> <span class='ocrx_word' id='word_1_439' title='bbox 338 3334 404 3379; x_wconf 90' lang='lat' dir='ltr'>tum</span> <span class='ocrx_word' id='word_1_440' title='bbox 433 3312 550 3395; x_wconf 89' lang='lat' dir='ltr'>servis,</span> <span class='ocrx_word' id='word_1_441' title='bbox 567 3317 601 3382; x_wconf 85' lang='lat' dir='ltr'>dc</span> <span class='ocrx_word' id='word_1_442' title='bbox 624 3319 791 3381; x_wconf 82' lang='lat' dir='ltr'>communia</span> <span class='ocrx_word' id='word_1_443' title='bbox 811 3318 1036 3396; x_wconf 87' lang='lat' dir='ltr'>appellantur,</span> <span class='ocrx_word' id='word_1_444' title='bbox 1072 3315 1262 3394; x_wconf 87' lang='lat' dir='ltr'>intensione,</span> <span class='ocrx_word' id='word_1_445' title='bbox 1277 3315 1311 3382; x_wconf 78' lang='lat' dir='ltr'>dt</span> <span class='ocrx_word' id='word_1_446' title='bbox 1332 3318 1508 3381; x_wconf 81' lang='lat' dir='ltr'>attentione</span> <span class='ocrx_word' id='word_1_447' title='bbox 1530 3335 1583 3390; x_wconf 88' lang='lat' dir='ltr'>pto</span> <span class='ocrx_word' id='word_1_448' title='bbox 1604 3316 1785 3393; x_wconf 86' lang='lat' dir='ltr'>pretio,·vel</span> <span class='ocrx_word' id='word_1_449' title='bbox 1801 3313 1841 3380; x_wconf 89' lang='lat' dir='ltr'>ad</span> 
     </span>
     <span class='ocr_line' id='line_1_37' title="bbox 269 3392 1840 3477; baseline 0.001 -19"><span class='ocrx_word' id='word_1_450' title='bbox 269 3411 346 3472; x_wconf 81' lang='lat' dir='ltr'>puta</span> <span class='ocrx_word' id='word_1_451' title='bbox 370 3398 430 3459; x_wconf 88' lang='lat' dir='ltr'>iter</span> <span class='ocrx_word' id='word_1_452' title='bbox 450 3396 552 3460; x_wconf 85' lang='lat' dir='ltr'>lacere</span> <span class='ocrx_word' id='word_1_453' title='bbox 571 3443 579 3472; x_wconf 97' lang='lat'>,</span> <span class='ocrx_word' id='word_1_454' title='bbox 606 3395 732 3475; x_wconf 87' lang='lat' dir='ltr'>piscari,</span> <span class='ocrx_word' id='word_1_455' title='bbox 760 3398 888 3470; x_wconf 89' lang='lat' dir='ltr'>venari,</span> <span class='ocrx_word' id='word_1_456' title='bbox 906 3398 1037 3477; x_wconf 88' lang='lat' dir='ltr'>ludere,</span> <span class='ocrx_word' id='word_1_457' title='bbox 1074 3397 1286 3475; x_wconf 86' lang='lat' dir='ltr'>vendendum,</span> <span class='ocrx_word' id='word_1_458' title='bbox 1301 3395 1372 3460; x_wconf 90' lang='lat' dir='ltr'>talis</span> <span class='ocrx_word' id='word_1_459' title='bbox 1386 3394 1473 3472; x_wconf 67' lang='lat' dir='ltr'>pislio</span> <span class='ocrx_word' id='word_1_460' title='bbox 1485 3392 1643 3459; x_wconf 87' lang='lat' dir='ltr'>referenda</span> <span class='ocrx_word' id='word_1_461' title='bbox 1659 3396 1700 3460; x_wconf 85' lang='lat' dir='ltr'>est</span> <span class='ocrx_word' id='word_1_462' title='bbox 1719 3396 1754 3459; x_wconf 91' lang='lat' dir='ltr'>ad</span> <span class='ocrx_word' id='word_1_463' title='bbox 1767 3413 1840 3468; x_wconf 88' lang='lat' dir='ltr'>ope·</span> 
     </span>
     <span class='ocr_line' id='line_1_38' title="bbox 269 3472 1840 3553; baseline -0.002 -13"><span class='ocrx_word' id='word_1_464' title='bbox 269 3472 305 3540; x_wconf 81' lang='lat' dir='ltr'>dc</span> <span class='ocrx_word' id='word_1_465' title='bbox 322 3473 451 3539; x_wconf 84' lang='lat' dir='ltr'>similia.</span> <span class='ocrx_word' id='word_1_466' title='bbox 474 3474 553 3541; x_wconf 87' lang='lat' dir='ltr'>stem</span> <span class='ocrx_word' id='word_1_467' title='bbox 567 3496 606 3541; x_wconf 89' lang='lat' dir='ltr'>ea</span> <span class='ocrx_word' id='word_1_468' title='bbox 625 3497 692 3552; x_wconf 84' lang='lat' dir='ltr'>quae</span> <span class='ocrx_word' id='word_1_469' title='bbox 711 3473 848 3539; x_wconf 87' lang='lat' dir='ltr'>liberalia</span> <span class='ocrx_word' id='word_1_470' title='bbox 863 3495 1034 3541; x_wconf 87' lang='lat' dir='ltr'>vocantur.</span> <span class='ocrx_word' id='word_1_471' title='bbox 1073 3495 1107 3541; x_wconf 87' lang='lat' dir='ltr'>ta</span> <span class='ocrx_word' id='word_1_472' title='bbox 1127 3475 1268 3553; x_wconf 92' lang='lat' dir='ltr'>servilia,</span> <span class='ocrx_word' id='word_1_473' title='bbox 1290 3475 1409 3540; x_wconf 87' lang='lat' dir='ltr'>acideo</span> <span class='ocrx_word' id='word_1_474' title='bbox 1429 3478 1531 3540; x_wconf 88' lang='lat' dir='ltr'>vetita</span> <span class='ocrx_word' id='word_1_475' title='bbox 1550 3475 1593 3539; x_wconf 82' lang='lat' dir='ltr'>esi</span> <span class='ocrx_word' id='word_1_476' title='bbox 1614 3497 1649 3541; x_wconf 86' lang='lat' dir='ltr'>ac</span> <span class='ocrx_word' id='word_1_477' title='bbox 1666 3476 1773 3539; x_wconf 87' lang='lat' dir='ltr'>illicita</span> <span class='ocrx_word' id='word_1_478' title='bbox 1788 3474 1840 3539; x_wconf 92' lang='lat' dir='ltr'>die</span> 
     </span>
    </p>

    <p class='ocr_par' dir='ltr' id='par_1_3' title="bbox 224 3552 1165 3632">
     <span class='ocr_line' id='line_1_39' title="bbox 224 3552 1165 3632; baseline -0.001 -15"><span class='ocrx_word' id='word_1_479' title='bbox 224 3556 256 3594; x_wconf 84' lang='lat'>⁰·</span> <span class='ocrx_word' id='word_1_480' title='bbox 312 3554 399 3618; x_wconf 88' lang='lat' dir='ltr'>Nota</span> <span class='ocrx_word' id='word_1_481' title='bbox 424 3558 540 3630; x_wconf 88' lang='lat' dir='ltr'>pariter</span> <span class='ocrx_word' id='word_1_482' title='bbox 564 3576 627 3619; x_wconf 92' lang='lat' dir='ltr'>non</span> <span class='ocrx_word' id='word_1_483' title='bbox 649 3558 754 3620; x_wconf 89' lang='lat' dir='ltr'>omnia</span> <span class='ocrx_word' id='word_1_484' title='bbox 778 3574 890 3630; x_wconf 88' lang='lat' dir='ltr'>opera,</span> <span class='ocrx_word' id='word_1_485' title='bbox 906 3576 972 3632; x_wconf 85' lang='lat' dir='ltr'>quae</span> <span class='ocrx_word' id='word_1_486' title='bbox 991 3555 1037 3621; x_wconf 89' lang='lat' dir='ltr'>die</span> <span class='ocrx_word' id='word_1_487' title='bbox 1074 3552 1165 3618; x_wconf 85' lang='lat' dir='ltr'>lelio.</span> 
     </span>
    </p>
   </div>
   <div class='ocr_carea' id='block_1_2' title="bbox 218 3599 1838 3717">
    <p class='ocr_par' dir='ltr' id='par_1_4' title="bbox 218 3599 1838 3717">
     <span class='ocr_line' id='line_1_40' title="bbox 218 3599 1838 3717; baseline 0.001 -22"><span class='ocrx_word' id='word_1_488' title='bbox 218 3621 375 3717; x_wconf 64' lang='lat' dir='ltr'>{⁰¹²Sabari</span> <span class='ocrx_word' id='word_1_489' title='bbox 396 3632 555 3698; x_wconf 73' lang='lat' dir='ltr'>interdidla</span> <span class='ocrx_word' id='word_1_490' title='bbox 575 3650 664 3698; x_wconf 90' lang='lat' dir='ltr'>erant</span> <span class='ocrx_word' id='word_1_491' title='bbox 682 3633 801 3697; x_wconf 84' lang='lat' dir='ltr'>hebraeo</span> <span class='ocrx_word' id='word_1_492' title='bbox 823 3635 933 3709; x_wconf 89' lang='lat' dir='ltr'>populo</span> <span class='ocrx_word' id='word_1_493' title='bbox 944 3656 983 3699; x_wconf 87' lang='lat' dir='ltr'>ex</span> <span class='ocrx_word' id='word_1_494' title='bbox 994 3636 1038 3700; x_wconf 88' lang='lat' dir='ltr'>le·</span> <span class='ocrx_word' id='word_1_495' title='bbox 1112 3634 1289 3697; x_wconf 89' lang='lat' dir='ltr'>Delineatio</span> <span class='ocrx_word' id='word_1_496' title='bbox 1306 3632 1506 3700; x_wconf 79' lang='lat' dir='ltr'>aedil‘rciorum</span> <span class='ocrx_word' id='word_1_497' title='bbox 1524 3654 1617 3710; x_wconf 85' lang='lat' dir='ltr'>vern,</span> <span class='ocrx_word' id='word_1_498' title='bbox 1637 3599 1838 3711; x_wconf 79' lang='lat' dir='ltr'>quandocun-</span> 
     </span>
    </p>
   </div>
   <div class='ocr_carea' id='block_1_3' title="bbox 219 3706 2025 5223">
    <p class='ocr_par' dir='ltr' id='par_1_5' title="bbox 219 3706 2025 5004">
     <span class='ocr_line' id='line_1_41' title="bbox 219 3706 1838 3794; baseline 0.002 -21"><span class='ocrx_word' id='word_1_499' title='bbox 219 3706 234 3784; x_wconf 67' lang='grc' dir='ltr'>ξ</span> <span class='ocrx_word' id='word_1_500' title='bbox 269 3733 305 3791; x_wconf 90' lang='lat' dir='ltr'>ge</span> <span class='ocrx_word' id='word_1_501' title='bbox 331 3712 445 3794; x_wconf 82' lang='lat' dir='ltr'>Moysis</span> <span class='ocrx_word' id='word_1_502' title='bbox 463 3761 472 3791; x_wconf 92' lang='lat'>,</span> <span class='ocrx_word' id='word_1_503' title='bbox 492 3714 632 3777; x_wconf 92' lang='lat' dir='ltr'>interdici</span> <span class='ocrx_word' id='word_1_504' title='bbox 657 3711 741 3775; x_wconf 84' lang='lat' dir='ltr'>nobis</span> <span class='ocrx_word' id='word_1_505' title='bbox 761 3731 880 3788; x_wconf 85' lang='lat' dir='ltr'>quoque</span> <span class='ocrx_word' id='word_1_506' title='bbox 907 3713 955 3775; x_wconf 90' lang='lat' dir='ltr'>die</span> <span class='ocrx_word' id='word_1_507' title='bbox 974 3714 1038 3780; x_wconf 86' lang='lat' dir='ltr'>Do·</span> <span class='ocrx_word' id='word_1_508' title='bbox 1073 3731 1175 3778; x_wconf 91' lang='lat' dir='ltr'>currat</span> <span class='ocrx_word' id='word_1_509' title='bbox 1197 3731 1342 3788; x_wconf 84' lang='lat' dir='ltr'>perpetua</span> <span class='ocrx_word' id='word_1_510' title='bbox 1368 3717 1510 3780; x_wconf 90' lang='lat' dir='ltr'>inventio</span> <span class='ocrx_word' id='word_1_511' title='bbox 1538 3735 1573 3778; x_wconf 86' lang='lat' dir='ltr'>ac</span> <span class='ocrx_word' id='word_1_512' title='bbox 1600 3715 1732 3778; x_wconf 89' lang='lat' dir='ltr'>intensio</span> <span class='ocrx_word' id='word_1_513' title='bbox 1747 3761 1755 3792; x_wconf 98' lang='lat'>,</span> <span class='ocrx_word' id='word_1_514' title='bbox 1770 3712 1838 3777; x_wconf 91' lang='lat' dir='ltr'>.vel</span> 
     </span>
     <span class='ocr_line' id='line_1_42' title="bbox 272 3792 1841 3871; baseline -0.001 -16"><span class='ocrx_word' id='word_1_515' title='bbox 272 3795 416 3856; x_wconf 86' lang='lat' dir='ltr'>minito:</span> <span class='ocrx_word' id='word_1_516' title='bbox 441 3812 512 3856; x_wconf 90' lang='lat' dir='ltr'>narn</span> <span class='ocrx_word' id='word_1_517' title='bbox 533 3792 609 3867; x_wconf 86' lang='lat' dir='ltr'>apud</span> <span class='ocrx_word' id='word_1_518' title='bbox 632 3813 685 3857; x_wconf 92' lang='lat' dir='ltr'>nos</span> <span class='ocrx_word' id='word_1_519' title='bbox 700 3794 881 3855; x_wconf 85' lang='lat' dir='ltr'>conceditur</span> <span class='ocrx_word' id='word_1_520' title='bbox 904 3794 951 3856; x_wconf 90' lang='lat' dir='ltr'>die</span> <span class='ocrx_word' id='word_1_521' title='bbox 976 3794 1037 3858; x_wconf 84' lang='lat' dir='ltr'>Do·</span> <span class='ocrx_word' id='word_1_522' title='bbox 1074 3802 1188 3869; x_wconf 81' lang='lat' dir='ltr'>magna</span> <span class='ocrx_word' id='word_1_523' title='bbox 1201 3798 1339 3856; x_wconf 86' lang='lat' dir='ltr'>attentio</span> <span class='ocrx_word' id='word_1_524' title='bbox 1359 3792 1397 3857; x_wconf 93' lang='lat' dir='ltr'>ad</span> <span class='ocrx_word' id='word_1_525' title='bbox 1416 3792 1674 3856; x_wconf 88' lang='lat' dir='ltr'>combinationem</span> <span class='ocrx_word' id='word_1_526' title='bbox 1696 3794 1841 3871; x_wconf 85' lang='lat' dir='ltr'>plurima·</span> 
     </span>
     <span class='ocr_line' id='line_1_43' title="bbox 266 3870 1839 3951; baseline 0.001 -18"><span class='ocrx_word' id='word_1_527' title='bbox 266 3876 384 3935; x_wconf 88' lang='lat' dir='ltr'>minito</span> <span class='ocrx_word' id='word_1_528' title='bbox 399 3891 506 3948; x_wconf 90' lang='lat' dir='ltr'>parare</span> <span class='ocrx_word' id='word_1_529' title='bbox 521 3872 640 3949; x_wconf 89' lang='lat' dir='ltr'>cibum,</span> <span class='ocrx_word' id='word_1_530' title='bbox 660 3870 693 3936; x_wconf 91' lang='lat'>&amp;</span> <span class='ocrx_word' id='word_1_531' title='bbox 717 3891 847 3946; x_wconf 86' lang='lat' dir='ltr'>coquere</span> <span class='ocrx_word' id='word_1_532' title='bbox 864 3919 872 3947; x_wconf 91' lang='lat'>,</span> <span class='ocrx_word' id='word_1_533' title='bbox 894 3872 1038 3951; x_wconf 87' lang='lat' dir='ltr'>colligere</span> <span class='ocrx_word' id='word_1_534' title='bbox 1074 3895 1141 3935; x_wconf 91' lang='lat' dir='ltr'>rum</span> <span class='ocrx_word' id='word_1_535' title='bbox 1158 3870 1342 3935; x_wconf 89' lang='lat' dir='ltr'>notabilium</span> <span class='ocrx_word' id='word_1_536' title='bbox 1359 3873 1510 3949; x_wconf 88' lang='lat' dir='ltr'>partium,</span> <span class='ocrx_word' id='word_1_537' title='bbox 1529 3870 1686 3937; x_wconf 78' lang='lat' dir='ltr'>manifesse</span> <span class='ocrx_word' id='word_1_538' title='bbox 1703 3874 1839 3951; x_wconf 86' lang='lat' dir='ltr'>pertinet</span> 
     </span>
     <span class='ocr_line' id='line_1_44' title="bbox 268 3946 1839 4031; baseline -0.001 -16"><span class='ocrx_word' id='word_1_539' title='bbox 268 3948 382 4015; x_wconf 76' lang='lat' dir='ltr'>studius</span> <span class='ocrx_word' id='word_1_540' title='bbox 402 3946 513 4016; x_wconf 80' lang='lat' dir='ltr'>niensae</span> <span class='ocrx_word' id='word_1_541' title='bbox 534 3950 744 4027; x_wconf 86' lang='lat' dir='ltr'>apponendos,</span> <span class='ocrx_word' id='word_1_542' title='bbox 764 3950 904 4017; x_wconf 89' lang='lat' dir='ltr'>occidere</span> <span class='ocrx_word' id='word_1_543' title='bbox 918 3954 1038 4019; x_wconf 88' lang='lat' dir='ltr'>minora</span> <span class='ocrx_word' id='word_1_544' title='bbox 1075 3952 1111 4015; x_wconf 89' lang='lat' dir='ltr'>ad</span> <span class='ocrx_word' id='word_1_545' title='bbox 1133 3948 1271 4014; x_wconf 83' lang='lat' dir='ltr'>laborent</span> <span class='ocrx_word' id='word_1_546' title='bbox 1291 3954 1392 4027; x_wconf 88' lang='lat' dir='ltr'>potius</span> <span class='ocrx_word' id='word_1_547' title='bbox 1423 3954 1536 4015; x_wconf 87' lang='lat' dir='ltr'>mentis</span> <span class='ocrx_word' id='word_1_548' title='bbox 1562 3973 1650 4029; x_wconf 87' lang='lat' dir='ltr'>quani</span> <span class='ocrx_word' id='word_1_549' title='bbox 1678 3954 1839 4031; x_wconf 85' lang='lat' dir='ltr'>corporis.</span> 
     </span>
     <span class='ocr_line' id='line_1_45' title="bbox 270 4028 1841 4110; baseline -0.001 -15"><span class='ocrx_word' id='word_1_550' title='bbox 270 4030 436 4107; x_wconf 85' lang='lat' dir='ltr'>animalia,</span> <span class='ocrx_word' id='word_1_551' title='bbox 456 4048 530 4108; x_wconf 87' lang='lat' dir='ltr'>puta</span> <span class='ocrx_word' id='word_1_552' title='bbox 549 4032 669 4109; x_wconf 89' lang='lat' dir='ltr'>pullos,</span> <span class='ocrx_word' id='word_1_553' title='bbox 693 4030 826 4105; x_wconf 88' lang='lat' dir='ltr'>lepores,</span> <span class='ocrx_word' id='word_1_554' title='bbox 846 4028 1038 4110; x_wconf 79' lang='lat' dir='ltr'>similiaque,</span> <span class='ocrx_word' id='word_1_555' title='bbox 1075 4033 1140 4094; x_wconf 89' lang='lat' dir='ltr'>lmo</span> <span class='ocrx_word' id='word_1_556' title='bbox 1156 4029 1311 4094; x_wconf 88' lang='lat' dir='ltr'>licentiam</span> <span class='ocrx_word' id='word_1_557' title='bbox 1329 4029 1418 4095; x_wconf 79' lang='lat' dir='ltr'>huius</span> <span class='ocrx_word' id='word_1_558' title='bbox 1441 4031 1551 4096; x_wconf 83' lang='lat' dir='ltr'>laboris</span> <span class='ocrx_word' id='word_1_559' title='bbox 1568 4051 1624 4096; x_wconf 79' lang='lat' dir='ltr'>nea</span> <span class='ocrx_word' id='word_1_560' title='bbox 1642 4031 1841 4110; x_wconf 82' lang='lat' dir='ltr'>vergentssad</span> 
     </span>
     <span class='ocr_line' id='line_1_46' title="bbox 267 4106 1841 4190; baseline 0 -16"><span class='ocrx_word' id='word_1_561' title='bbox 267 4130 331 4174; x_wconf 93' lang='lat' dir='ltr'>non</span> <span class='ocrx_word' id='word_1_562' title='bbox 351 4127 456 4176; x_wconf 84' lang='lat' dir='ltr'>autem</span> <span class='ocrx_word' id='word_1_563' title='bbox 475 4113 593 4176; x_wconf 88' lang='lat' dir='ltr'>maiora</span> <span class='ocrx_word' id='word_1_564' title='bbox 617 4131 653 4176; x_wconf 90' lang='lat' dir='ltr'>ut</span> <span class='ocrx_word' id='word_1_565' title='bbox 678 4108 791 4189; x_wconf 87' lang='lat' dir='ltr'>boves,</span> <span class='ocrx_word' id='word_1_566' title='bbox 810 4130 887 4174; x_wconf 85' lang='lat' dir='ltr'>oves</span> <span class='ocrx_word' id='word_1_567' title='bbox 903 4158 912 4186; x_wconf 96' lang='lat'>,</span> <span class='ocrx_word' id='word_1_568' title='bbox 943 4112 996 4174; x_wconf 92' lang='lat' dir='ltr'>nisi</span> <span class='ocrx_word' id='word_1_569' title='bbox 1020 4133 1037 4176; x_wconf 85' lang='lat' dir='ltr'>a</span> <span class='ocrx_word' id='word_1_570' title='bbox 1076 4106 1199 4176; x_wconf 84' lang='lat' dir='ltr'>abusum</span> <span class='ocrx_word' id='word_1_571' title='bbox 1215 4128 1289 4187; x_wconf 90' lang='lat' dir='ltr'>,aut</span> <span class='ocrx_word' id='word_1_572' title='bbox 1307 4109 1479 4176; x_wconf 79' lang='lat' dir='ltr'>scandalunt</span> <span class='ocrx_word' id='word_1_573' title='bbox 1496 4115 1841 4190; x_wconf 84' lang='lat' dir='ltr'>attacorruptesauinio·</span> 
     </span>
     <span class='ocr_line' id='line_1_47' title="bbox 266 4188 1841 4269; baseline 0.001 -16"><span class='ocrx_word' id='word_1_574' title='bbox 266 4191 363 4253; x_wconf 88' lang='lat' dir='ltr'>nimio</span> <span class='ocrx_word' id='word_1_575' title='bbox 383 4190 492 4253; x_wconf 84' lang='lat' dir='ltr'>caloris</span> <span class='ocrx_word' id='word_1_576' title='bbox 514 4189 591 4254; x_wconf 80' lang='lat' dir='ltr'>aellu</span> <span class='ocrx_word' id='word_1_577' title='bbox 612 4192 783 4264; x_wconf 87' lang='lat' dir='ltr'>anticipata</span> <span class='ocrx_word' id='word_1_578' title='bbox 803 4209 913 4254; x_wconf 90' lang='lat' dir='ltr'>eorum</span> <span class='ocrx_word' id='word_1_579' title='bbox 928 4190 1038 4255; x_wconf 81' lang='lat' dir='ltr'>occisio</span> <span class='ocrx_word' id='word_1_580' title='bbox 1076 4212 1162 4268; x_wconf 88' lang='lat' dir='ltr'>rum,</span> <span class='ocrx_word' id='word_1_581' title='bbox 1181 4188 1370 4255; x_wconf 82' lang='lat' dir='ltr'>demonstrat</span> <span class='ocrx_word' id='word_1_582' title='bbox 1387 4195 1489 4269; x_wconf 84' lang='lat' dir='ltr'>praxis</span> <span class='ocrx_word' id='word_1_583' title='bbox 1510 4194 1728 4256; x_wconf 88' lang='lat' dir='ltr'>timoratorum</span> <span class='ocrx_word' id='word_1_584' title='bbox 1748 4192 1841 4269; x_wconf 89' lang='lat' dir='ltr'>pluri·</span> 
     </span>
     <span class='ocr_line' id='line_1_48' title="bbox 266 4267 1919 4349; baseline 0.002 -19"><span class='ocrx_word' id='word_1_585' title='bbox 266 4267 473 4344; x_wconf 85' lang='lat' dir='ltr'>impediatur.</span> <span class='ocrx_word' id='word_1_586' title='bbox 496 4269 575 4334; x_wconf 86' lang='lat' dir='ltr'>stem</span> <span class='ocrx_word' id='word_1_587' title='bbox 599 4271 774 4338; x_wconf 87' lang='lat' dir='ltr'>tolerantur</span> <span class='ocrx_word' id='word_1_588' title='bbox 793 4289 917 4346; x_wconf 81' lang='lat' dir='ltr'>eaquae</span> <span class='ocrx_word' id='word_1_589' title='bbox 936 4272 973 4334; x_wconf 91' lang='lat' dir='ltr'>ad</span> <span class='ocrx_word' id='word_1_590' title='bbox 993 4274 1038 4333; x_wconf 90' lang='lat' dir='ltr'>ui·</span> <span class='ocrx_word' id='word_1_591' title='bbox 1075 4270 1130 4336; x_wconf 86' lang='lat' dir='ltr'>bus</span> <span class='ocrx_word' id='word_1_592' title='bbox 1149 4272 1182 4331; x_wconf 91' lang='lat' dir='ltr'>in</span> <span class='ocrx_word' id='word_1_593' title='bbox 1205 4271 1295 4333; x_wconf 82' lang='lat' dir='ltr'>locis.</span> <span class='ocrx_word' id='word_1_594' title='bbox 1318 4272 1385 4334; x_wconf 89' lang='lat' dir='ltr'>Nec</span> <span class='ocrx_word' id='word_1_595' title='bbox 1401 4269 1511 4332; x_wconf 87' lang='lat' dir='ltr'>exinde</span> <span class='ocrx_word' id='word_1_596' title='bbox 1526 4269 1659 4348; x_wconf 87' lang='lat' dir='ltr'>sequitur</span> <span class='ocrx_word' id='word_1_597' title='bbox 1679 4271 1757 4349; x_wconf 89' lang='lat' dir='ltr'>quod</span> <span class='ocrx_word' id='word_1_598' title='bbox 1778 4271 1843 4335; x_wconf 89' lang='lat' dir='ltr'>lici·</span> <span class='ocrx_word' id='word_1_599' title='bbox 1893 4284 1919 4329; x_wconf 84' lang='grc'>.’</span> 
     </span>
     <span class='ocr_line' id='line_1_49' title="bbox 266 4344 1842 4428; baseline 0.002 -17"><span class='ocrx_word' id='word_1_600' title='bbox 266 4366 370 4411; x_wconf 88' lang='lat' dir='ltr'>torem</span> <span class='ocrx_word' id='word_1_601' title='bbox 388 4349 495 4412; x_wconf 85' lang='lat' dir='ltr'>domus</span> <span class='ocrx_word' id='word_1_602' title='bbox 518 4346 675 4426; x_wconf 67' lang='lat' dir='ltr'>speciant,</span> <span class='ocrx_word' id='word_1_603' title='bbox 697 4365 753 4413; x_wconf 85' lang='lat' dir='ltr'>aut</span> <span class='ocrx_word' id='word_1_604' title='bbox 769 4348 1036 4415; x_wconf 85' lang='lat' dir='ltr'>addecentembo·</span> <span class='ocrx_word' id='word_1_605' title='bbox 1077 4367 1144 4414; x_wconf 91' lang='lat' dir='ltr'>tum</span> <span class='ocrx_word' id='word_1_606' title='bbox 1171 4344 1252 4413; x_wconf 87' lang='lat' dir='ltr'>foret</span> <span class='ocrx_word' id='word_1_607' title='bbox 1278 4347 1405 4426; x_wconf 82' lang='lat' dir='ltr'>sculptio</span> <span class='ocrx_word' id='word_1_608' title='bbox 1428 4352 1567 4428; x_wconf 88' lang='lat' dir='ltr'>imaginis</span> <span class='ocrx_word' id='word_1_609' title='bbox 1589 4397 1598 4427; x_wconf 94' lang='lat'>,</span> <span class='ocrx_word' id='word_1_610' title='bbox 1618 4366 1672 4416; x_wconf 88' lang='lat' dir='ltr'>aut</span> <span class='ocrx_word' id='word_1_611' title='bbox 1692 4348 1842 4415; x_wconf 83' lang='lat' dir='ltr'>conflatio</span> 
     </span>
     <span class='ocr_line' id='line_1_50' title="bbox 267 4424 1841 4505; baseline 0.002 -14"><span class='ocrx_word' id='word_1_612' title='bbox 267 4429 362 4497; x_wconf 74' lang='lat' dir='ltr'>minis</span> <span class='ocrx_word' id='word_1_613' title='bbox 385 4425 659 4504; x_wconf 84' lang='lat' dir='ltr'>compositionem,</span> <span class='ocrx_word' id='word_1_614' title='bbox 693 4445 728 4491; x_wconf 89' lang='lat' dir='ltr'>ut</span> <span class='ocrx_word' id='word_1_615' title='bbox 748 4424 879 4493; x_wconf 78' lang='lat' dir='ltr'>sternere</span> <span class='ocrx_word' id='word_1_616' title='bbox 906 4426 1039 4505; x_wconf 68' lang='lat' dir='ltr'>ledum,</span> <span class='ocrx_word' id='word_1_617' title='bbox 1076 4450 1116 4493; x_wconf 87' lang='lat' dir='ltr'>ex</span> <span class='ocrx_word' id='word_1_618' title='bbox 1133 4447 1215 4492; x_wconf 83' lang='lat' dir='ltr'>aere:</span> <span class='ocrx_word' id='word_1_619' title='bbox 1232 4427 1424 4492; x_wconf 85' lang='lat' dir='ltr'>manifestum</span> <span class='ocrx_word' id='word_1_620' title='bbox 1440 4427 1481 4491; x_wconf 88' lang='lat' dir='ltr'>esl</span> <span class='ocrx_word' id='word_1_621' title='bbox 1499 4432 1581 4492; x_wconf 87' lang='lat' dir='ltr'>enim</span> <span class='ocrx_word' id='word_1_622' title='bbox 1599 4434 1630 4493; x_wconf 93' lang='lat' dir='ltr'>in</span> <span class='ocrx_word' id='word_1_623' title='bbox 1650 4427 1841 4494; x_wconf 86' lang='lat' dir='ltr'>conflatione</span> 
     </span>
     <span class='ocr_line' id='line_1_51' title="bbox 267 4503 1843 4587; baseline 0.002 -17"><span class='ocrx_word' id='word_1_624' title='bbox 267 4506 414 4583; x_wconf 85' lang='lat' dir='ltr'>quaedam</span> <span class='ocrx_word' id='word_1_625' title='bbox 428 4508 540 4571; x_wconf 81' lang='lat' dir='ltr'>aedium</span> <span class='ocrx_word' id='word_1_626' title='bbox 557 4509 625 4573; x_wconf 90' lang='lat' dir='ltr'>loca</span> <span class='ocrx_word' id='word_1_627' title='bbox 645 4507 812 4585; x_wconf 82' lang='lat' dir='ltr'>mundare,</span> <span class='ocrx_word' id='word_1_628' title='bbox 834 4509 947 4575; x_wconf 84' lang='lat' dir='ltr'>leviter</span> <span class='ocrx_word' id='word_1_629' title='bbox 965 4508 1039 4575; x_wconf 86' lang='lat' dir='ltr'>vasa</span> <span class='ocrx_word' id='word_1_630' title='bbox 1077 4508 1185 4571; x_wconf 84' lang='lat' dir='ltr'>statuae</span> <span class='ocrx_word' id='word_1_631' title='bbox 1201 4526 1240 4570; x_wconf 91' lang='lat' dir='ltr'>eit</span> <span class='ocrx_word' id='word_1_632' title='bbox 1258 4528 1336 4585; x_wconf 81' lang='lat' dir='ltr'>aere,</span> <span class='ocrx_word' id='word_1_633' title='bbox 1352 4507 1386 4573; x_wconf 83' lang='lat' dir='ltr'>dc</span> <span class='ocrx_word' id='word_1_634' title='bbox 1402 4511 1433 4570; x_wconf 91' lang='lat' dir='ltr'>in</span> <span class='ocrx_word' id='word_1_635' title='bbox 1454 4503 1621 4580; x_wconf 86' lang='lat' dir='ltr'>sculptione</span> <span class='ocrx_word' id='word_1_636' title='bbox 1637 4514 1774 4587; x_wconf 85' lang='lat' dir='ltr'>imaginis</span> <span class='ocrx_word' id='word_1_637' title='bbox 1791 4531 1843 4584; x_wconf 86' lang='lat' dir='ltr'>pa·</span> 
     </span>
     <span class='ocr_line' id='line_1_52' title="bbox 267 4584 1844 4665; baseline -0.001 -12"><span class='ocrx_word' id='word_1_638' title='bbox 267 4587 423 4653; x_wconf 90' lang='lat' dir='ltr'>nonnulla</span> <span class='ocrx_word' id='word_1_639' title='bbox 441 4588 568 4665; x_wconf 82' lang='lat' dir='ltr'>lavate,</span> <span class='ocrx_word' id='word_1_640' title='bbox 594 4589 737 4663; x_wconf 81' lang='lat' dir='ltr'>catinos,</span> <span class='ocrx_word' id='word_1_641' title='bbox 755 4588 928 4654; x_wconf 84' lang='lat' dir='ltr'>cochlearia</span> <span class='ocrx_word' id='word_1_642' title='bbox 953 4637 961 4665; x_wconf 92' lang='lat'>,</span> <span class='ocrx_word' id='word_1_643' title='bbox 986 4610 1041 4653; x_wconf 90' lang='lat' dir='ltr'>ve·</span> <span class='ocrx_word' id='word_1_644' title='bbox 1078 4609 1146 4651; x_wconf 86' lang='lat' dir='ltr'>rum</span> <span class='ocrx_word' id='word_1_645' title='bbox 1169 4584 1340 4651; x_wconf 74' lang='lat' dir='ltr'>artificiosae</span> <span class='ocrx_word' id='word_1_646' title='bbox 1363 4635 1371 4662; x_wconf 92' lang='lat'>‚</span> <span class='ocrx_word' id='word_1_647' title='bbox 1391 4589 1456 4664; x_wconf 89' lang='lat' dir='ltr'>plus</span> <span class='ocrx_word' id='word_1_648' title='bbox 1479 4585 1583 4664; x_wconf 85' lang='lat' dir='ltr'>respici</span> <span class='ocrx_word' id='word_1_649' title='bbox 1606 4593 1637 4651; x_wconf 93' lang='lat' dir='ltr'>in</span> <span class='ocrx_word' id='word_1_650' title='bbox 1664 4588 1844 4654; x_wconf 82' lang='lat' dir='ltr'>aesiimatio·</span> 
     </span>
     <span class='ocr_line' id='line_1_53' title="bbox 268 4665 1932 4760; baseline 0.001 -30"><span class='ocrx_word' id='word_1_651' title='bbox 268 4666 362 4730; x_wconf 84' lang='lat' dir='ltr'>stium</span> <span class='ocrx_word' id='word_1_652' title='bbox 388 4666 486 4730; x_wconf 86' lang='lat' dir='ltr'>sordes</span> <span class='ocrx_word' id='word_1_653' title='bbox 516 4666 682 4756; x_wconf 83' lang='lat' dir='ltr'>abstergere</span> <span class='ocrx_word' id='word_1_654' title='bbox 703 4714 714 4746; x_wconf 92' lang='lat'>,</span> <span class='ocrx_word' id='word_1_655' title='bbox 733 4670 766 4730; x_wconf 93' lang='lat' dir='ltr'>in</span> <span class='ocrx_word' id='word_1_656' title='bbox 786 4666 888 4733; x_wconf 91' lang='lat' dir='ltr'>iisdem</span> <span class='ocrx_word' id='word_1_657' title='bbox 909 4666 1040 4733; x_wconf 86' lang='lat' dir='ltr'>vestibus</span> <span class='ocrx_word' id='word_1_658' title='bbox 1078 4670 1279 4732; x_wconf 86' lang='lat' dir='ltr'>necommiini</span> <span class='ocrx_word' id='word_1_659' title='bbox 1301 4665 1435 4731; x_wconf 90' lang='lat' dir='ltr'>laborem</span> <span class='ocrx_word' id='word_1_660' title='bbox 1450 4670 1640 4747; x_wconf 89' lang='lat' dir='ltr'>corporalem</span> <span class='ocrx_word' id='word_1_661' title='bbox 1656 4680 1745 4748; x_wconf 87' lang='lat' dir='ltr'>quam</span> <span class='ocrx_word' id='word_1_662' title='bbox 1761 4689 1845 4732; x_wconf 90' lang='lat' dir='ltr'>meri·</span> <span class='ocrx_word' id='word_1_663' title='bbox 1902 4707 1932 4760; x_wconf 61' lang='lat'><em>9</em></span> 
     </span>
     <span class='ocr_line' id='line_1_54' title="bbox 266 4745 1913 4827; baseline -0.003 -15"><span class='ocrx_word' id='word_1_664' title='bbox 266 4745 392 4823; x_wconf 87' lang='lat' dir='ltr'>aliquod</span> <span class='ocrx_word' id='word_1_665' title='bbox 415 4765 546 4822; x_wconf 80' lang='lat' dir='ltr'>parvum</span> <span class='ocrx_word' id='word_1_666' title='bbox 570 4749 698 4812; x_wconf 84' lang='lat' dir='ltr'>relicere</span> <span class='ocrx_word' id='word_1_667' title='bbox 723 4768 785 4811; x_wconf 96' lang='lat' dir='ltr'>non</span> <span class='ocrx_word' id='word_1_668' title='bbox 816 4766 909 4814; x_wconf 79' lang='lat' dir='ltr'>antea</span> <span class='ocrx_word' id='word_1_669' title='bbox 931 4752 1041 4824; x_wconf 78' lang='lat' dir='ltr'>praevi·</span> <span class='ocrx_word' id='word_1_670' title='bbox 1078 4747 1191 4814; x_wconf 90' lang='lat' dir='ltr'>talem.</span> <span class='ocrx_word' id='word_1_671' title='bbox 1906 4814 1913 4827; x_wconf 52' lang='grc'>,</span> 
     </span>
     <span class='ocr_line' id='line_1_55' title="bbox 267 4812 2025 4910; baseline 0.002 -20"><span class='ocrx_word' id='word_1_672' title='bbox 267 4825 354 4890; x_wconf 87' lang='lat' dir='ltr'>sum.</span> <span class='ocrx_word' id='word_1_673' title='bbox 373 4826 448 4891; x_wconf 90' lang='lat' dir='ltr'>Non</span> <span class='ocrx_word' id='word_1_674' title='bbox 466 4825 538 4890; x_wconf 87' lang='lat' dir='ltr'>licet</span> <span class='ocrx_word' id='word_1_675' title='bbox 555 4846 660 4892; x_wconf 85' lang='lat' dir='ltr'>tamen</span> <span class='ocrx_word' id='word_1_676' title='bbox 676 4826 712 4890; x_wconf 83' lang='lat' dir='ltr'>ad</span> <span class='ocrx_word' id='word_1_677' title='bbox 730 4826 810 4891; x_wconf 87' lang='lat' dir='ltr'>diem</span> <span class='ocrx_word' id='word_1_678' title='bbox 823 4824 929 4892; x_wconf 88' lang='lat' dir='ltr'>sellum</span> <span class='ocrx_word' id='word_1_679' title='bbox 941 4824 1041 4891; x_wconf 84' lang='lat' dir='ltr'>differ·</span> <span class='ocrx_word' id='word_1_680' title='bbox 1118 4826 1256 4889; x_wconf 90' lang='lat' dir='ltr'>Venatio</span> <span class='ocrx_word' id='word_1_681' title='bbox 1284 4843 1414 4905; x_wconf 88' lang='lat' dir='ltr'>autem,</span> <span class='ocrx_word' id='word_1_682' title='bbox 1438 4829 1627 4906; x_wconf 85' lang='lat' dir='ltr'>aucupatio,</span> <span class='ocrx_word' id='word_1_683' title='bbox 1653 4828 1688 4893; x_wconf 83' lang='lat' dir='ltr'>dt</span> <span class='ocrx_word' id='word_1_684' title='bbox 1716 4825 1845 4904; x_wconf 87' lang='lat' dir='ltr'>piscatio</span> <span class='ocrx_word' id='word_1_685' title='bbox 1860 4812 1984 4890; x_wconf 46' lang='grc' dir='ltr'>(Μὰ</span> <span class='ocrx_word' id='word_1_686' title='bbox 2022 4905 2025 4910; x_wconf 39' lang='grc'>,</span> 
     </span>
     <span class='ocr_line' id='line_1_56' title="bbox 265 4891 1982 5004; baseline -0.002 -32"><span class='ocrx_word' id='word_1_687' title='bbox 265 4926 304 4972; x_wconf 83' lang='lat' dir='ltr'>te</span> <span class='ocrx_word' id='word_1_688' title='bbox 323 4926 391 4981; x_wconf 81' lang='lat' dir='ltr'>quae</span> <span class='ocrx_word' id='word_1_689' title='bbox 409 4926 449 4970; x_wconf 87' lang='lat' dir='ltr'>eir</span> <span class='ocrx_word' id='word_1_690' title='bbox 471 4904 531 4969; x_wconf 87' lang='lat' dir='ltr'>illis</span> <span class='ocrx_word' id='word_1_691' title='bbox 553 4904 646 4983; x_wconf 89' lang='lat' dir='ltr'>pridie</span> <span class='ocrx_word' id='word_1_692' title='bbox 662 4907 765 4985; x_wconf 87' lang='lat' dir='ltr'>peragi</span> <span class='ocrx_word' id='word_1_693' title='bbox 781 4922 969 4987; x_wconf 81' lang='lat' dir='ltr'>potuerunt.</span> <span class='ocrx_word' id='word_1_694' title='bbox 1080 4922 1227 4983; x_wconf 86' lang='lat' dir='ltr'>quatenus</span> <span class='ocrx_word' id='word_1_695' title='bbox 1249 4923 1268 4968; x_wconf 90' lang='lat' dir='ltr'>a</span> <span class='ocrx_word' id='word_1_696' title='bbox 1289 4904 1397 4979; x_wconf 87' lang='lat' dir='ltr'>plebeis</span> <span class='ocrx_word' id='word_1_697' title='bbox 1418 4903 1499 4970; x_wconf 83' lang='lat' dir='ltr'>fiunt</span> <span class='ocrx_word' id='word_1_698' title='bbox 1525 4908 1599 4971; x_wconf 89' lang='lat' dir='ltr'>lucri</span> <span class='ocrx_word' id='word_1_699' title='bbox 1620 4908 1719 4970; x_wconf 86' lang='lat' dir='ltr'>causi&#39;ai</span> <span class='ocrx_word' id='word_1_700' title='bbox 1750 4891 1982 5004; x_wconf 50' lang='lat' dir='ltr'>perti-{22:1¹3}</span> 
     </span>
    </p>

    <p class='ocr_par' dir='ltr' id='par_1_6' title="bbox 271 4979 1990 5223">
     <span class='ocr_line' id='line_1_57' title="bbox 315 4979 1987 5070; baseline 0.002 -21"><span class='ocrx_word' id='word_1_701' title='bbox 315 4984 433 5049; x_wconf 88' lang='lat' dir='ltr'>Diebus</span> <span class='ocrx_word' id='word_1_702' title='bbox 453 4984 643 5070; x_wconf 82' lang='lat' dir='ltr'>Dominicis,</span> <span class='ocrx_word' id='word_1_703' title='bbox 664 4986 770 5050; x_wconf 83' lang='lat' dir='ltr'>aliisve</span> <span class='ocrx_word' id='word_1_704' title='bbox 796 4982 878 5049; x_wconf 89' lang='lat' dir='ltr'>sellis</span> <span class='ocrx_word' id='word_1_705' title='bbox 909 4985 947 5047; x_wconf 91' lang='lat' dir='ltr'>de</span> <span class='ocrx_word' id='word_1_706' title='bbox 967 5005 1044 5057; x_wconf 84' lang='lat' dir='ltr'>prae·</span> <span class='ocrx_word' id='word_1_707' title='bbox 1080 5000 1157 5048; x_wconf 88' lang='lat' dir='ltr'>nent</span> <span class='ocrx_word' id='word_1_708' title='bbox 1177 4986 1210 5045; x_wconf 93' lang='lat' dir='ltr'>in</span> <span class='ocrx_word' id='word_1_709' title='bbox 1225 4979 1430 5048; x_wconf 80' lang='lat' dir='ltr'>aeliiriiatiotie</span> <span class='ocrx_word' id='word_1_710' title='bbox 1449 4987 1558 5049; x_wconf 84' lang='lat' dir='ltr'>morali</span> <span class='ocrx_word' id='word_1_711' title='bbox 1576 4987 1613 5049; x_wconf 85' lang='lat' dir='ltr'>ad</span> <span class='ocrx_word' id='word_1_712' title='bbox 1639 5005 1731 5061; x_wconf 88' lang='lat' dir='ltr'>opera</span> <span class='ocrx_word' id='word_1_713' title='bbox 1752 4986 1844 5050; x_wconf 78' lang='lat' dir='ltr'>servi·</span> <span class='ocrx_word' id='word_1_714' title='bbox 1860 5003 1987 5054; x_wconf 72' lang='lat' dir='ltr'>tiaiease</span> 
     </span>
     <span class='ocr_line' id='line_1_58' title="bbox 271 5060 1990 5204; baseline -0.001 -73"><span class='ocrx_word' id='word_1_715' title='bbox 271 5082 365 5143; x_wconf 89' lang='lat' dir='ltr'>cepto</span> <span class='ocrx_word' id='word_1_716' title='bbox 381 5085 443 5129; x_wconf 91' lang='lat' dir='ltr'>non</span> <span class='ocrx_word' id='word_1_717' title='bbox 469 5066 537 5128; x_wconf 90' lang='lat' dir='ltr'>suut</span> <span class='ocrx_word' id='word_1_718' title='bbox 564 5064 716 5142; x_wconf 85' lang='lat' dir='ltr'>prohibita</span> <span class='ocrx_word' id='word_1_719' title='bbox 738 5083 832 5144; x_wconf 86' lang='lat' dir='ltr'>opera</span> <span class='ocrx_word' id='word_1_720' title='bbox 847 5066 957 5130; x_wconf 70' lang='lat' dir='ltr'>anima</span> <span class='ocrx_word' id='word_1_721' title='bbox 978 5111 987 5141; x_wconf 96' lang='lat'>,</span> <span class='ocrx_word' id='word_1_722' title='bbox 1010 5063 1044 5131; x_wconf 85' lang='lat' dir='ltr'>dc</span> <span class='ocrx_word' id='word_1_723' title='bbox 1081 5065 1121 5129; x_wconf 88' lang='lat' dir='ltr'>lia</span> <span class='ocrx_word' id='word_1_724' title='bbox 1141 5063 1189 5129; x_wconf 89' lang='lat' dir='ltr'>die</span> <span class='ocrx_word' id='word_1_725' title='bbox 1209 5060 1287 5127; x_wconf 82' lang='lat' dir='ltr'>sesso</span> <span class='ocrx_word' id='word_1_726' title='bbox 1300 5062 1467 5139; x_wconf 86' lang='lat' dir='ltr'>prohibita.</span> <span class='ocrx_word' id='word_1_727' title='bbox 1490 5063 1539 5129; x_wconf 83' lang='lat' dir='ltr'>lta</span> <span class='ocrx_word' id='word_1_728' title='bbox 1553 5066 1758 5204; x_wconf 52' lang='lat' dir='ltr'>compunget</span> <span class='ocrx_word' id='word_1_729' title='bbox 1778 5065 1841 5129; x_wconf 80' lang='lat' dir='ltr'>Do·</span> <span class='ocrx_word' id='word_1_730' title='bbox 1855 5067 1990 5121; x_wconf 61' lang='lat' dir='ltr'>seuam.</span> 
     </span>
     <span class='ocr_line' id='line_1_59' title="bbox 1720 5162 1808 5223; baseline 0.023 -16"><span class='ocrx_word' id='word_1_731' title='bbox 1720 5162 1808 5223; x_wconf 85' lang='lat' dir='ltr'>ores,</span> 
     </span>
    </p>
   </div>
   <div class='ocr_carea' id='block_1_4' title="bbox 0 0 2225 6000">
    <p class='ocr_par' dir='ltr' id='par_1_7' title="bbox 0 0 2225 6000">
     <span class='ocr_line' id='line_1_60' title="bbox 0 0 2225 6000; baseline 0 0"><span class='ocrx_word' id='word_1_732' title='bbox 0 0 2225 6000; x_wconf 95' lang='lat' dir='ltr'> </span> 
     </span>
    </p>
   </div>
  </div>
 </body>
</html>
