4425 6000
533 529 584 608 ²4
771 499 978 578 Tusca.
1017 522 1081 575 nn
1121 498 1271 591 lost,
1309 517 1371 577 nr·
1411 499 1529 576 lor.
1568 500 1689 575 Cam·
1728 501 1786 577 11.

481 624 545 672 aron
566 625 692 688 peccare
711 601 866 681 clericos,
893 599 928 670 ἀ
952 597 1120 678 Religiosos
1142 621 1254 677 ponen-
1269 638 1275 687 1
1291 597 1488 667 consuescunt
1501 649 1510 679 ,
1525 617 1560 664 ut
1570 600 1608 664 de
1619 599 1768 667 columbis
1776 599 1885 666 distnm
1893 601 1955 670 esl-
1978 601 2050 685 Qua

481 686 522 750 do
543 690 687 765 laqueum
701 685 751 749 vel
770 686 847 748 retia
864 687 895 746 in
915 681 1039 745 silentio
1059 732 1067 760 ,
1091 681 1254 746 dummodo
1291 703 1325 747 re
1351 683 1388 745 de
1414 678 1493 744 hisce
1521 680 1698 746 animalibus
1727 699 1820 748 notat
1847 684 1961 749 Pontas
1989 709 2050 753 cun

481 786 589 833 tamen
610 789 671 833 uon
687 765 897 829 dislrahantur
913 783 930 826 a
946 762 1052 825 divino
1067 760 1188 840 officio,
1213 762 1254 824 le·
1291 762 1356 828 allis
1377 760 1607 838 intelligendum
1622 763 1683 827 elle
1704 761 1782 840 quod
1801 762 1913 830 dicitnr
1929 766 1960 828 in
1983 768 2050 832 mul

479 845 581 912 {lione
601 849 767 925 Scripturae
788 843 899 916 sacrae,
922 842 1123 920 Theologiae,
1144 839 1255 906 aliisve
1290 845 1331 909 tis
1346 839 1614 906 consuetudinibus
1632 858 1795 907 venatores
1812 839 1891 908 sures
1905 845 1969 909 esse
1988 892 1998 925 ,
2017 867 2050 912 re

480 928 655 994 chrislianae
677 928 801 1005 pietatis
821 921 959 1000 operibus
977 968 984 983 .
1005 923 1061 985 Sed
1082 922 1119 986 de
1140 921 1185 985 his
1205 918 1254 985 fu·
1290 923 1401 987 alienae
1427 917 1584 986 invasores
1605 962 1619 1000 s
1647 943 1684 988 ac
1711 920 1837 999 proinde
1866 923 2050 992 restitution

480 1007 542 1072 srus
561 1004 613 1073 suo
633 1008 719 1084 loco,
740 1004 861 1084 quando
874 1004 911 1068 de
926 1001 1061 1068 clericali
1081 1001 1254 1081 honestate,
1289 1002 1458 1068 obnoxios.

479 1087 516 1153 dt
536 1087 572 1150 de
593 1088 673 1152 statu
690 1082 827 1165 Religios
856 1126 865 1147 .
1329 1085 1457 1147 Peccant
1475 1083 1614 1159 pariter,
1639 1081 1677 1147 dt·
1689 1082 1834 1147 damnum
1851 1131 1860 1163 ,
1886 1081 1908 1148 fi
1938 1086 2050 1164 aliquod

521 1171 739 1233 Peccantitem
758 1167 811 1244 qui
830 1180 1005 1240 venantur,
1025 1161 1252 1238 quandovena·
1289 1161 1424 1228 inserant
1448 1209 1458 1240 ‚
1482 1164 1624 1226 resarcire
1654 1179 1801 1226 tenentur
1823 1165 1875 1242 qni
1903 1183 2050 1232 venantur

480 1247 532 1314 tio
547 1246 699 1314 vetitaell
714 1251 832 1310 ratione
852 1245 980 1323 publicas
991 1243 1157 1324 utilitatis,
1179 1246 1252 1320 quia
1289 1260 1425 1321 tempore
1444 1261 1527 1319 ,quo
1548 1238 1661 1320 segetes
1684 1262 1831 1308 arvorum
1847 1277 1863 1319 ‚·
1883 1243 1935 1310 vel
1956 1244 2050 1312 herba

479 1348 545 1392 non
572 1330 644 1393 licet
662 1328 815 1391 communi
834 1323 915 1389 bc-uo
931 1343 1041 1388 nocere
1061 1371 1069 1399 ,
1085 1323 1213 1401 ideoque
1231 1320 1251 1386 sr
1289 1338 1444 1402 pratomm
1468 1323 1535 1398 pati
1551 1320 1690 1398 poliunt,
1708 1340 1742 1386 nt
1764 1317 1830 1389 lita
1847 1321 1949 1388 nense
1970 1325 2050 1392 Maio

479 1407 596 1473 iudicio
623 1405 799 1486 reipublicae
824 1407 856 1470 in
876 1404 934 1469 hoc
953 1406 982 1468 ei
1007 1405 1149 1467 damnum
1174 1399 1253 1466 inse·
1289 1401 1431 1478 usquead
1447 1401 1634 1478 completam
1649 1397 1791 1478 mellem,
1808 1402 1843 1469 dt
1861 1403 2050 1470 vindemitor

477 1506 578 1566 mut,
594 1505 741 1553 tenentur
759 1485 796 1551 ad
816 1479 1044 1550 restitutionem
1062 1531 1072 1562 ‚
1092 1505 1128 1550 ac
1150 1487 1251 1562 proin·
1290 1483 1356 1546 lmo
1375 1485 1426 1559 qui
1447 1502 1637 1559 quocumque
1664 1482 1725 1547 alio
1749 1486 1822 1546 amri
1844 1499 1986 1562 tempore
2008 1503 2050 1552 ve

479 1569 521 1633 de
536 1568 573 1632 ad
588 1567 647 1632 hoc
663 1581 824 1632 teneretur
843 1571 893 1644 qui
911 1584 1033 1628 veneno
1047 1583 1189 1644 magnam
1209 1567 1253 1641 pi·
1288 1562 1390 1628 nando
1410 1581 1551 1634 nemora,
1574 1567 1701 1637 vineas,
1722 1579 1812 1634 prata
1831 1563 2050 1642 depopulantur

478 1649 577 1714 scium
603 1649 815 1724 quantitatem
834 1645 1002 1722 inficeret,
1028 1647 1080 1721 qni
1110 1664 1252 1724 magnam
1288 1660 1340 1710 ant
1358 1640 1541 1706 notabiliter.
1553 1639 1687 1705 laedunt.
1712 1640 1857 1706 illicitum
1872 1642 1915 1707 esi
1932 1643 2050 1710 tanden

477 1725 616 1794 setattrm
636 1726 867 1792 multitudinem
885 1723 1054 1803 occideret,
1071 1724 1122 1787 vel
1141 1743 1194 1788 eas
1213 1744 1253 1787 ex
1288 1725 1394 1790 venari
1420 1724 1453 1785 in
1468 1721 1541 1786 locis
1565 1718 1692 1798 publicis
1706 1724 1864 1790 venationi
1884 1725 2050 1804 Principum

475 1803 592 1893 sylvis,
607 1806 742 1888 agrisque
763 1823 833 1870 arte
852 1807 969 1883 magica
990 1849 1004 1881 ,
1028 1803 1078 1870 vel
1100 1803 1163 1869 alio
1184 1826 1252 1881 pra·
1286 1804 1395 1869 dicatis
1412 1839 1422 1863 .-

476 1907 524 1954 νο
543 1887 678 1953 artificio
692 1885 892 1951 extraheret.
913 1888 1021 1950 Pectat
1042 1885 1252 1948 itemmorta·
1327 1882 1437 1958 Quaeri
1464 1881 1512 1948 hic
1528 1879 1606 1948 solet
1629 1884 1710 1950 circa
1734 1879 1832 1949 feram
1851 1883 1956 1952 lassam
2003 1883 2050 1952 vel

476 1967 552 2034 liter
571 1965 606 2033 ἃ
622 1965 703 2032 seras
722 1967 832 2031 ibidem
852 1983 958 2043 capras
979 1962 1137 2030 resliruere
1163 1979 1252 2028 tene·
1288 1965 1397 2040 laqueo
1413 1980 1563 2042 captam,
1585 1983 1657 2027 nrrrn
1677 1968 1706 2027 ei
1727 1963 1926 2032 adiudicanda
1947 1937 1986 2031 ldt
2005 1968 2050 2046 qui

478 2065 560 2127 eur,
583 2050 635 2126 qni
654 2066 791 2112 venator
813 2050 845 2109 in
867 2042 962 2111 fundo
978 2043 1081 2109 alieno
1099 2048 1195 2108 muris
1216 2064 1252 2110 ac
1287 2064 1355 2109 eam
1372 2043 1551 2108 vulneravit
1573 2091 1582 2122 ‚
1611 2042 1661 2108 vel
1682 2044 1827 2124 laqueum
1840 2048 1977 2114 tetendit
1987 2081 2005 2128 ,·
2017 2065 2050 2112 au

479 2129 551 2206 sepe
565 2124 785 2207 circumcluso,
803 2128 876 2204 quia
891 2121 1128 2191 dominussundi
1146 2121 1190 2189 est
1202 2144 1254 2191 ve·
1287 2128 1315 2189 ai
1335 2124 1386 2200 qui
1403 2126 1515 2200 primus
1532 2122 1619 2187 illam
1635 2126 1773 2201 invenit,
1792 2139 1851 2190 aut
1865 2130 1982 2202 oepit.
2005 2127 2050 2194 L'r

479 2228 517 2276 re
546 2205 688 2272 domiuus
715 2202 921 2272 huiuscemodi
952 2204 1157 2282 animalium,
1183 2225 1252 2282 qnae
1287 2221 1338 2270 cet
1359 2201 1541 2267 lullinianus
1561 2204 1599 2268 de
1623 2199 1688 2270 fera
1709 2204 1872 2271 vulnerata
1887 2206 1972 2272 dicat
1988 2227 2050 2272 earn

479 2288 734 2366 quandocumque
750 2287 847 2362 velit,
867 2285 957 2352 sacile
966 2305 1073 2365 capere
1087 2282 1184 2370 potest
1199 2285 1252 2364 ,dt
1287 2284 1348 2350 elle
1368 2286 1465 2364 primo
1479 2284 1630 2360 capientis
1646 2321 1661 2362 ,·
1680 2284 1877 2352 nihilominus
1891 2287 2003 2354 docent
2023 2283 2050 2352 d

481 2388 520 2431 ea
536 2369 693 2433 moraliter
710 2367 865 2444 loquendo
877 2367 1050 2432 libertatem
1067 2367 1250 2430 amiserunt.
1288 2383 1358 2430 meo
1380 2363 1476 2428 videri
1493 2362 1593 2428 multo
1613 2365 1717 2429 verius
1737 2385 1773 2431 ac
1794 2366 1910 2444 aequius
1920 2365 2050 2434 Theolo·

480 2447 591 2524 Qua
605 2446 766 2513 dicendum
783 2469 853 2512 curn
862 2447 972 2530 Sylvlo
986 2444 1091 2523 piscari
1107 2465 1171 2509 non
1189 2442 1253 2522 pos·
1289 2450 1337 2524 gi,
1352 2443 1430 2522 quod
1451 2441 1472 2505 sr
1492 2446 1558 2520 quis
1577 2439 1673 2507 feram
1694 2446 1874 2510 vulueravit
1892 2495 1902 2526 ‚
1920 2467 1956 2512 ac
1979 2445 2050 2514 lesu

480 2524 512 2591 se
532 2525 595 2592 sure
633 2530 701 2592 ravi
718 2527 810 2605 culpa
824 2529 858 2590 in
881 2528 981 2591 alieno
1001 2523 1138 2604 siagrio,
1164 2528 1253 2591 viva·
1288 2542 1436 2603 quamam
1455 2521 1581 2612 satisfit
1601 2523 1723 2588 adeam
1743 2527 1944 2609 capiendam,
1963 2527 1998 2594 dt
2018 2525 2050 2594 sat

481 2609 549 2686 rio,
571 2549 630 2673 ves
644 2607 713 2674 loco
731 2608 797 2672 alio
818 2605 946 2684 clauso,
974 2624 1093 2670 necnon
1114 2607 1146 2668 in
1169 2609 1252 2684 aquis
1290 2602 1391 2670 laesam
1412 2605 1585 2680 insequatur
1605 2604 1656 2669 vel
1677 2624 1730 2681 per
1754 2605 1811 2684 se,
1837 2607 1887 2672 vel
1917 2627 1971 2684 per
1990 2607 2050 2674 stata

480 2685 724 2765 quibuscumque·
739 2683 919 2764 fluminum,
939 2685 1066 2751 vallium
1077 2682 1140 2750 &e
1158 2690 1253 2752 etiam
1288 2705 1385 2750 canesv
1401 2705 1473 2747 cum
1498 2682 1603 2747 morali
1629 2685 1819 2751 certitudine
1844 2705 1914 2753 earn
1932 2689 2050 2766 capien-

477 2765 715 2838 comunibus,
731 2788 861 2844 quarum
880 2764 1092 2845 piscationem,
1113 2767 1256 2846 Princeps
1290 2767 1336 2842 di,
1358 2764 1394 2829 ad
1417 2761 1513 2842 ipsun
1529 2760 1640 2839 spectet
1656 2813 1665 2842 ,
1685 2786 1756 2829 nam
1775 2782 1850 2830 tune
1869 2785 1923 2846 per
1942 2767 2050 2834 volatu

480 2851 535 2924 qui
552 2850 688 2915 locorum
703 2850 911 2912 commanrium
925 2846 1063 2911 domiuus
1077 2845 1142 2923 eli,
1161 2845 1251 2913 alicui
1289 2861 1447 2935 acceptum
1469 2841 1610 2907 censetur
1638 2842 1765 2910 amisisse
1790 2845 1969 2914 libertatem
1984 2887 1998 2928 ‚·
2021 2839 2050 2914 ἃ

478 2928 658 3005 particulari
681 2927 816 3007 personna
832 2928 974 2993 locavit.
1308 2929 1368 2990 nah
1388 2940 1481 3002 capta
1497 2923 1535 2988 ab
1548 2943 1587 2988 eo
1602 2928 1652 3002 qui
1667 2926 1754 2990 illam
1768 2926 1970 3007 vulneravit,·
1986 2928 2050 2994 ideo

523 3009 640 3074 ltidcm
665 3028 792 3084 peccant
819 3011 871 3086 qui
891 3011 994 3073 invito
1021 3005 1174 3088 domino,
1202 3009 1252 3085 qui
1288 2949 1407 3071 stalter
1426 3007 1770 3082 eamcapiat,redders
1791 3025 1938 3084 tenetura
1956 3008 1984 3072 li·
2001 3028 2050 3076 ve·

479 3088 530 3153 ins
552 3087 644 3151 habet
665 3108 698 3149 rn
720 3092 784 3153 eius
801 3088 868 3151 loco
889 3106 952 3149 non
974 3088 1106 3163 clauso,
1136 3106 1254 3153 venau·
1290 3106 1325 3150 ro
1342 3082 1486 3227 suffiendo
1509 3086 1551 3147 ita
1573 3085 1738 3152 vulnerata
1762 3088 1908 3153 incideret
1922 3092 1954 3153 in
1975 3089 2050 3154 alte

480 3185 537 3231 tur
558 3213 568 3244 ,
593 3169 668 3242 quia
684 3167 776 3231 alteri
798 3165 1024 3229 rationabiliter
1048 3168 1254 3233 invitoiniu·
1290 3167 1352 3230 rius
1395 3184 1552 3244 aqueum,
1578 3161 1613 3229 de
1638 3166 1820 3233 vulnerator
1841 3171 1935 3233 etiam
1961 3168 2050 3234 aliter

480 3249 561 3313 riam
581 3243 731 3323 faciunt,
752 3247 786 3310 dc
800 3248 870 3322 qnia
885 3242 914 3307 se
934 3262 1094 3320 exponunt
1117 3245 1254 3323 periculo
1288 3267 1358 3310 eam
1376 3261 1580 3320 occupaturus
1599 3263 1686 3325 erat,
1707 3248 1796 3325 ipsius
1815 3246 1876 3313 elle
1896 3268 1959 3314 non
1981 3246 2050 3315 dest·

480 3327 624 3405 gravium
640 3344 818 3403 pennarum,
839 3343 874 3389 ut
895 3327 1046 3404 triremis,
1065 3327 1172 3405 exilii,
1191 3326 1252 3392 det.
1290 3330 1362 3390 nit.
1390 3324 1430 3388 Et
1452 3325 1508 3388 hoc
1529 3346 1551 3389 a·
1564 3324 1817 3392 vulnereinfliclo
1835 3326 1967 3395 iudicari
1987 3342 2050 3407 prx-

503 3428 553 3471 uae
572 3406 759 3471 comminata
775 3405 843 3469 sunt
864 3405 1048 3470 venantibus
1067 3409 1099 3470 in
1118 3406 1191 3471 locis
1209 3427 1253 3471 re·
1288 3408 1367 3471 erit.
1388 3405 1418 3467 Si
1438 3423 1513 3468 vero
1529 3424 1591 3468 non
1611 3424 1680 3471 erat
1695 3426 1902 3486 occupaturus
1925 3411 2050 3475 adeun

481 3426 633 3563 servatis,
653 3504 775 3550 necnon
790 3484 845 3550 vel
863 3484 1020 3549 occidendi
1042 3535 1051 3566 ,
1081 3487 1133 3551 vel
1147 3487 1252 3552 saltem
1289 3486 1403 3564 {pedat
1421 3524 1436 3561 ,ι
1459 3485 1544 3548 cuius
1559 3481 1603 3548 est
1619 3484 1783 3565 laqueum.
1809 3488 1844 3552 ln
1868 3458 1962 3556 dubio
1982 3506 2050 3555 vern

481 3564 668 3632 vulnerandi
692 3564 830 3631 custodes
858 3563 1017 3646 saltuum,
1045 3566 1096 3631 vel
1123 3567 1160 3631 ab
1186 3567 1253 3644 ipsis
1277 3562 1452 3630 meliorest
1468 3565 1608 3630 conditio
1623 3571 1822 3647 occupantis3
1846 3588 1879 3634 at
1894 3568 2050 3636 secundum

481 3647 662 3723 vulnerari,
683 3664 738 3711 ant
757 3649 851 3709 etiam
870 3643 972 3709 occidi
982 3645 1020 3708 nb
1037 3667 1145 3726 graves
1161 3649 1252 3725 rixas,
1290 3648 1365 3710 alios
1381 3642 1468 3708 debet
1499 3641 1594 3708 feram
1621 3667 1691 3710 cum
1716 3649 1815 3713 altero
1834 3650 1991 3729 dividere,
2007 3668 2050 3717 ot·

481 3748 550 3805 quae
571 3729 604 3789 in
623 3726 702 3791 hisce
721 3724 834 3791 cafibus
848 3726 925 3789 oriri·
938 3722 1037 3789 solent
1052 3729 1136 3791 inter
1154 3724 1252 3791 rullo·
1289 3744 1444 3805 potsquae
1464 3726 1496 3786 in
1516 3724 1606 3789 dubio
1627 3743 1693 3790 tam
1708 3733 1796 3793 unius
1816 3727 1853 3794 srt
1872 3753 1965 3808 qoam
1985 3730 2050 3796 alte

482 3808 555 3885 des,
573 3804 608 3873 δι
629 3825 820 3871 venatoresa
842 3800 1062 3870 Huiuscemodi
1078 3826 1182 3871 tamen
1202 3829 1256 3871 ve··
1289 3810 1351 3869 rius
1372 3854 1380 3883 ,
1405 3804 1443 3867 de
1460 3825 1590 3880 quorum
1616 3806 1754 3874 dominio
1779 3812 1916 3876 vertitur
1932 3830 2050 3877 contro·

481 3888 574 3951 natio
600 3904 662 3949 non
688 3886 778 3949 allert
802 3886 941 3952 debitum
960 3884 1186 3965 restitut-ionis,
1217 3905 1251 3951 ut
1290 3884 1404 3951 versia.
1426 3884 1505 3949 Fera
1525 3905 1604 3950 vero
1621 3886 1728 3963 laqueo
1744 3893 1788 3953 ita
1809 3910 1917 3970 capta,
1941 3910 2050 3957 utnon

483 3965 556 4029 vult
577 3965 597 4026 S
619 3965 725 4045 lvius,
740 3965 851 4042 aliique
871 3963 976 4045 passim
995 3964 1168 4046 Theologi‚
1212 3973 1252 4030 ria
1289 3962 1592 4041 srtevasura‚illius
1612 3965 1655 4030 esl
1675 3969 2006 4050 ,-cniuseshlaqueus,
2026 3974 2050 4036 in

483 3984 633 4111 animasa
653 4065 721 4121 quas
741 4066 780 4109 ex
800 4068 863 4111 uno
882 4051 915 4109 in
933 4046 1028 4110 alium
1043 4042 1170 4110 frindum
1191 4096 1200 4123 ,
1218 4047 1254 4111 dt·
1288 4067 1351 4124 quo
1366 4044 1409 4111 eh
1425 4065 1515 4120 capta
1533 4068 1546 4123 ς·
1567 4068 1622 4110 nec
1643 4047 1711 4111 ideo
1727 4049 1765 4113 ab
1785 4049 1846 4116 alio
1871 4052 1958 4117 licite
1977 4071 1996 4117 e
2014 4053 2050 4117 la

482 4126 589 4191 locum
608 4123 744 4201 quotidie
765 4125 947 4202 transeunt,
966 4125 1043 4203 quod
1064 4123 1152 4190 facile
1168 4127 1252 4191 vide-
1287 4147 1368 4204 queo
1383 4124 1505 4191 extrahi
1522 4126 1643 4203 potest,
1672 4127 1759 4194 sicuti
1781 4150 1837 4196 nec
1853 4126 1940 4208 piscis
1954 4150 1994 4197 ex
2014 4131 2050 4197 al·

482 4202 624 4271 resilio
643 4205 863 4285 coturnicibus,
879 4205 1045 4275 turdisdcc.
1067 4203 1163 4279 reipsa
1183 4207 1252 4270 nul·
1289 4210 1384 4271 terius
1401 4226 1494 4285 rete,
1518 4226 1535 4268 a
1556 4227 1621 4282 quo
1637 4227 1745 4283 captus
1769 4208 1812 4274 est
1832 4222 1845 4273 τ’
1867 4232 1940 4275 nam
1956 4211 1991 4279 dt
2006 4212 2050 4289 qui

484 4286 544 4348 lius
562 4283 685 4348 domini·
699 4281 787 4361 sunt,
807 4304 916 4363 utpote
932 4308 1001 4364 quae
1025 4306 1080 4350 nec
1099 4285 1171 4351 srmt
1191 4284 1252 4349 sru-
1288 4308 1339 4364 per
1355 4288 1497 4364 laqueum
1520 4281 1614 4348 feram
1639 4294 1733 4365 coepit
1754 4339 1762 4368 ,
1788 4289 1821 4357 dt
1842 4296 1893 4365 qui
1917 4312 1972 4368 per
1992 4306 2050 4358 rete

482 4362 547 4428 slus
563 4362 744 4446 sylvarum,
772 4382 826 4429 ant
844 4386 984 4442 agrorum
1002 4415 1011 4444 ,
1040 4387 1096 4431 nec
1115 4365 1253 4443 expensis
1289 4365 1422 4444 piscem,
1448 4367 1619 4430 adimerunt
1637 4366 1715 4434 hisce
1733 4370 1913 4435 animalibus
1936 4371 2050 4437 liberta

483 4446 531 4508 ins
547 4443 686 4508 habentis
701 4448 879 4511 venationis
898 4444 1025 4511 aluntur
1042 4496 1050 4525 ,
1070 4447 1151 4510 uude
1172 4445 1251 4511 hunt
1288 4465 1352 4512 tem
1374 4495 1382 4524 ,
1410 4447 1443 4511 δε
1470 4466 1522 4522 per
1542 4450 1660 4523 propria
1682 4450 1880 4516 instrumenta
1907 4453 1973 4519 haec
1994 4455 2050 4517 ani

483 4526 583 4601 primo
604 4528 807 4599 occupantis.
838 4524 1030 4602 Excipiendae
1052 4543 1157 4591 tamen
1184 4527 1252 4591 lunt
1287 4527 1377 4589 malin
1405 4545 1623 4603 occuparunt.
1654 4530 1778 4594 Etenim
1803 4551 1865 4596 non
1898 4536 1999 4599 miuus
2021 4554 2050 4601 ac

482 4602 826 4683 columbar,cnniculi,
847 4600 954 4670 faliant-
998 4607 1117 4684 aliaqne
1148 4606 1176 4669 id
1202 4627 1253 4685 ge·
1288 4605 1780 4683 manibus,inllrrrmcntiseriam
1803 4633 1869 4675 rem
1896 4612 2050 4691 apprehen

482 4706 541 4748 nus
560 4731 569 4761 ‚
595 4686 666 4761 quia
683 4685 748 4749 haec
765 4708 783 4750 a
799 4686 922 4750 domiuo
938 4654 1034 4763 mlgn
1054 4688 1181 4752 aluntur
1198 4689 1254 4749 im·
1288 4687 1358 4748 dere
1374 4688 1542 4763 possumus,
1558 4687 1591 4753 ἀ
1609 4691 1639 4749 in
1661 4689 1794 4754 nollram
1811 4692 1993 4768 potestatem
2014 4714 2050 4758 re·

481 4763 601 4843 pensis,
620 4764 1075 4841 &aequeaecolumbaeasuo
1098 4765 1253 4832 columba.
1287 4767 1415 4855 digere.
1440 4768 1497 4833 Sed
1527 4766 1549 4829 sr
1578 4768 1640 4831 scra
1673 4767 1763 4835 facile
1787 4790 1827 4834 ex
1853 4774 1962 4851 laqueo
1981 4772 2050 4840 esset

482 4849 533 4911 rio
549 4844 651 4922 procul
669 4867 687 4909 a
702 4846 832 4911 dumetis
853 4846 912 4910 suis
934 4847 1047 4911 ancum
1066 4893 1073 4909 .
1094 4849 1252 4924 Qrocirca
1287 4848 1417 4911 evasura
1438 4897 1446 4927 ,
1474 4850 1526 4914 vel
1543 4846 1581 4912 ab
1596 4868 1664 4928 en,
1692 4855 1743 4926 qui
1765 4851 1878 4916 leviter
1898 4875 1967 4918 eam
1991 4854 2050 4919 vul·

482 4924 630 4990 iniustum
657 4926 701 4989 est
722 4926 776 4989 illa
800 4947 908 5001 capere
936 4946 1002 4991 tam
1024 4925 1134 5005 infra,
1158 4950 1252 5005 qnam
1289 4930 1435 5005 neravit,
1460 4951 1530 4994 cum
1548 4933 1593 4994 ita
1614 4933 1747 4995 noudum
1763 4930 1876 4996 censeri
1895 4933 2007 5011 possint
2024 4938 2050 5001 li«

483 5022 575 5069 extra
592 5011 754 5071 circuitum
775 5006 1020 5081 illumclausum,
1044 5026 1082 5071 eo
1104 5007 1252 5083 quodsmt
1288 5007 1441 5071 bertatem
1467 5009 1513 5073 hae
1534 5007 1607 5075 ferae
1633 5012 1782 5091 amilille,
1796 5009 1865 5081 sunt
1889 5018 1987 5094 primo
2004 5037 2050 5083 oe-

484 5085 644 5171 volatilia,
664 5108 732 5166 quae
749 5087 824 5161 licet
841 5087 967 5153 avolent
989 5087 1071 5165 alio,
1095 5107 1135 5152 eo
1156 5089 1252 5161 redire
1288 5091 1447 5170 ropanris,
1461 5110 1499 5157 cx
1513 5092 1607 5178 Iustis.
1628 5092 1665 5161 dc
1684 5116 1741 5163 rcr.
1762 5091 1851 5175 civil.
1915 5126 1919 5133 ·
