4425 6000
535 537 745 614 Taren.
774 561 841 612 ne
869 539 1194 616 Continet.
1228 514 1441 612 Caelii·
1667 568 1746 638 ις

222 642 517 713 mallaretenetur
534 640 684 705 locationi
702 637 787 704 farte
810 658 861 716 per
879 654 995 715 patrem
1017 634 1153 715 pensas,
1175 636 1236 699 sive
1257 637 1375 714 utiles,
1396 636 1460 702 sive
1483 638 1686 719 necelsariar,
1703 644 1798 708 duta·

226 733 263 792 ιιι
285 722 367 802 ipsa3
388 741 460 784 narn
480 720 616 799 legitima
635 720 764 784 debetur
774 716 997 791 detratioqno-
1031 736 1116 781 turae
1135 719 1229 780 eriam
1243 717 1308 794 poll
1322 716 1448 782 finitam
1467 716 1654 786 locationem
1671 720 1799 787 adcom-

228 808 280 872 vis
302 821 399 869 onere
426 799 461 865 dt
487 801 678 878 obligatione
705 805 781 878 Leg.
801 795 996 883 ammodum
1028 797 1154 862 modum
1173 794 1262 872 ipsius
1291 798 1463 873 locareris,
1483 800 1676 879 condutior,
1696 797 1798 868 srsrnt

228 888 271 955 (5
287 889 359 963 Leg.
386 879 521 960 quoniam
548 882 674 945 Novell.
700 881 759 944 cod
778 879 818 942 de
847 872 997 958 inofficioso
1031 874 1206 941 amoribiles
1225 875 1295 941 ¹fine
1319 877 1441 944 laesrone
1469 883 1513 943 rei
1542 881 1673 956 locatae,
1699 880 1798 959 potest

229 969 429 1113 regeneratio.
1003 966 1009 1022 ἑ
1027 978 1081 1021 eas
1097 954 1201 1019 secum
1217 956 1390 1037 asportare,
1408 980 1448 1022 ex
1465 962 1522 1024 cit.
1541 962 1611 1038 Leg.
1624 957 1795 1039 sedaddt53

298 1060 405 1110 ocarot
424 1038 547 1103 efficere
562 1039 679 1118 debet,
707 1055 748 1103 ut
770 1032 939 1105 condutlor
961 1055 997 1098 re
1028 1036 1081 1102 vel
1102 1035 1124 1098 st
1145 1034 1203 1099 srnt
1226 1038 1440 1104 inamovibiles
1460 1036 1522 1103 stne
1540 1040 1664 1105 laelione
1689 1045 1732 1105 rei
1752 1041 1800 1105 lo·

227 1120 379 1191 condutta
395 1121 489 1186 libere
509 1125 575 1199 uti,
594 1117 708 1185 &frui
728 1119 836 1197 point,
850 1117 926 1194 Leg.
947 1134 996 1193 25.
1030 1134 1128 1193 catae,
1150 1116 1244 1192 potest
1255 1118 1424 1183 -condudlor
1439 1136 1566 1184 tantum
1577 1125 1716 1185 retinere
1728 1141 1797 1184 rem

225 1206 260 1272 ff.
293 1206 375 1269 locat.
408 1203 533 1276 ideoque
558 1213 683 1264 tenetur
704 1220 775 1264 eam
799 1197 908 1262 cedere
919 1216 997 1259 con·
1032 1198 1186 1272 locatam,
1207 1218 1243 1259 ac
1262 1218 1299 1261 ea
1320 1203 1390 1276 uti,
1411 1201 1505 1263 donec
1531 1220 1583 1275 per
1603 1202 1801 1266 decurrentes

221 1284 346 1350 dutlori
366 1285 457 1347 iuxta
487 1279 611 1344 modum
638 1280 672 1345 dt
703 1297 821 1355 tempus
842 1296 894 1352 pet
912 1276 997 1359 loca·
1029 1274 1184 1353 pensiones
1200 1277 1240 1339 de
1259 1273 1345 1341 faslis
1365 1277 1501 1357 expensis
1528 1276 1559 1342 se
1578 1279 1799 1357 compensave·

225 1371 347 1432 tionem
363 1377 560 1427 conventum
584 1382 594 1435 3
620 1360 696 1424 aliar
720 1357 785 1423 slve
810 1353 875 1436 ipse
895 1376 951 1433 pet
966 1357 997 1418 le
1030 1361 1100 1433 rit,
1127 1376 1167 1419 ex
1188 1358 1266 1447 ‚Leg.
1286 1378 1312 1435 5.
1330 1357 1472 1437 principio
1497 1355 1529 1421 ff.
1550 1360 1587 1423 de
1606 1379 1704 1440 :expett
1727 1384 1741 1423 r
1765 1360 1799 1423 in

224 1444 431 1521 inpedierit,
455 1438 521 1504 sive
548 1440 658 1504 tollere
685 1460 748 1503 non
767 1440 925 1503 curaverit
942 1454 997 1511 op·
1029 1457 1093 1501 rem
1111 1435 1173 1500 dot.
1199 1438 1253 1504 nilr
1281 1453 1383 1501 tamen
1407 1441 1497 1502 aliter
1523 1438 1559 1501 de
1580 1444 1685 1517 impen
1698 1463 1723 1505 rs
1749 1437 1800 1505 sa·

224 1522 439 1604 positionem,
455 1541 515 1598 qua
533 1520 570 1584 ab
586 1515 998 1597 alteroimpediebaturdum
1027 1516 1143 1580 ciendis
1164 1520 1247 1580 inter
1274 1514 1303 1579 se
1322 1519 1538 1583 contrahentes
1559 1524 1801 1595 convenerint,

226 1619 379 1681 poterat,
407 1619 498 1666 utre
520 1597 764 1675 tonduiiauti,
790 1598 825 1662 dt
846 1593 908 1659 srui
934 1615 998 1658 non
1033 1597 1082 1660 vel
1101 1594 1325 1661 consuetudine
1350 1599 1408 1663 loci
1439 1594 1520 1663 secus
1548 1618 1707 1677 receptum
1734 1598 1797 1662 sit.

227 1681 328 1764 pollet
346 1731 354 1757 ,
374 1682 472 1745 eidem
490 1677 652 1744 restituere
667 1678 755 1742 debet
771 1680 904 1755 pretium
924 1723 935 1753 ,
964 1673 998 1738 &
1030 1676 1171 1740 Tenetur
1189 1679 1264 1739 item
1284 1678 1404 1743 locator
1420 1683 1579 1743 remittere
1599 1683 1735 1757 pretium
1753 1678 1800 1741 lo·

224 1763 393 1838 interelle,
407 1761 441 1826 dt
460 1762 603 1824 damnum
618 1757 811 1834 compensare
836 1772 898 1835 ,ut
917 1775 998 1819 com·
1029 1758 1161 1820 cationis
1186 1778 1240 1833 pro
1267 1775 1338 1823 toto
1359 1777 1404 1822 eo
1425 1776 1582 1837 tempore,
1602 1780 1663 1836 quo
1680 1758 1800 1824 condu-

225 1844 365 1907 muniter
384 1861 424 1905 ex
440 1844 514 1918 Leg.
536 1860 574 1904 ex
589 1840 724 1903 condalio
743 1858 793 1915 25.
811 1844 838 1902 §.
852 1836 884 1898 8.
901 1834 935 1915 ff.
956 1834 998 1898 lo·
1028 1835 1092 1900 slot
1112 1856 1175 1899 non
1189 1841 1296 1912 potuit
1312 1840 1359 1902 uti
1376 1858 1430 1915 re,
1452 1838 1501 1903 vel
1521 1858 1613 1918 opera
1631 1840 1754 1914 locata,
1774 1833 1797 1899 sr

223 1922 304 1988 tati.
326 1922 403 1985 Non
424 1939 551 1985 tenetur
570 1936 674 1982 tarrren
689 1920 727 1981 de
742 1917 887 1981 interesse
907 1962 916 1990 ‚
946 1911 998 1977 seu
1028 1915 1279 1991 impedimentum
1296 1917 1436 1995 processit
1455 1939 1494 1983 ex
1514 1936 1602 1994 parte
1627 1920 1799 1995 locatoris,

225 2004 330 2067 damni
358 1998 608 2077 compensatione
629 2046 637 2076 ,
663 1995 712 2061 sed
742 1996 838 2061 lolum
864 1995 998 2072 pretium
1030 1996 1083 2058 vel
1100 1994 1189 2071 ipsius
1210 2000 1255 2059 rei
1270 1999 1385 2063 locatae
1393 2024 1405 2074 ,·
1427 2002 1471 2061 ita
1488 2018 1526 2061 ex
1543 2003 1680 2079 Legae
1698 1995 1798 2076 (9¹33-

237 2082 405 2146 rellituere
425 2080 469 2158 ,fi
490 2100 555 2142 non
582 2081 719 2152 notuerit
745 2095 903 2140 removere
933 2073 997 2136 tale
1030 2082 1059 2141 §-
1080 2075 1161 2139 locar.
1180 2078 1255 2151 quia
1272 2099 1342 2141 cum
1365 2076 1530 2142 condustor
1552 2100 1635 2155 rem,
1655 2079 1704 2144 vel
1725 2098 1800 2153 ope·

227 2162 500 2241 impedimentum,
516 2176 626 2236 utpote
641 2159 825 2235 proveniens
844 2176 864 2243 a
880 2156 913 2216 vi
936 2173 998 2215 ma·
1031 2176 1097 2217 rani
1117 2156 1289 2233 conducat,
1309 2157 1343 2222 dt
1364 2161 1494 2234 pretium
1518 2156 1682 2235 spondeat,
1699 2177 1734 2223 ut
1745 2178 1801 2221 va·

228 2243 312 2316 iori,
333 2242 383 2304 vel
398 2260 435 2303 ea
453 2256 577 2315 percat,
597 2253 633 2300 ut
653 2235 811 2311 incendio,
831 2235 854 2295 ir
873 2234 998 2318 domus,
1034 2236 1096 2298 leat
1116 2238 1183 2310 uti,
1202 2234 1316 2300 &frui
1337 2258 1371 2301 re
1400 2239 1502 2302 locata
1520 2258 1676 2313 quantum
1690 2238 1739 2303 ,eli
1759 2242 1800 2302 ex

223 2320 417 2396 alluvione,
441 2317 497 2383 sia
535 2339 549 2381 r
573 2364 582 2394 ,
609 2319 682 2394 Leg.
703 2332 751 2395 23.
781 2312 813 2377 ff.
832 2313 869 2376 de
892 2311 997 2403 regulis
1031 2332 1118 2390 parte
1138 2316 1312 2394 locatoris,
1331 2317 1365 2382 dt
1388 2321 1433 2382 rei
1461 2318 1571 2381 locatae
1589 2366 1602 2396 ,
1619 2317 1699 2381 nihil
1726 2336 1801 2382 tunc

231 2400 328 2463 r'arir.
346 2398 489 2462 Tenetur
516 2415 623 2464 ocator
637 2390 995 2472 aperireconduiiorivr·
1032 2393 1106 2458 clset
1128 2416 1189 2470 quo
1211 2400 1346 2474 pretium
1375 2397 1556 2462 deberetur.
1579 2400 1716 2463 locator
1744 2417 1800 2461 au·

227 2483 295 2555 tia,
313 2477 348 2542 &
363 2474 494 2541 desetius
517 2479 560 2539 rei
576 2476 733 2552 locande,
753 2495 787 2540 ut
805 2470 919 2537 ditium
940 2467 998 2563 fuit
1032 2493 1094 2537 tem
1118 2491 1258 2552 agmrum
1284 2479 1466 2556 regulariter
1494 2478 1647 2553 loquendo
1674 2493 1800 2543 tenetur

222 2558 265 2620 ‚de
281 2577 315 2622 re
336 2558 516 2635 vendenda,
538 2573 612 2633 puta
634 2554 803 2631 fidomur,
833 2569 887 2616 aut
903 2570 994 2615 navis
1033 2572 1136 2622 totam
1159 2553 1332 2631 penfionom
1362 2561 1521 2622 remittere
1547 2559 1681 2636 colono,
1695 2555 1720 2620 st
1737 2555 1800 2619 srne

227 2635 268 2702 srt
295 2638 437 2714 ruinosa,
456 2636 478 2700 st
497 2657 609 2714 equus,
630 2652 682 2699 aut
700 2637 801 2699 mulus
821 2652 919 2697 onera
947 2629 998 2694 ab·
1032 2636 1082 2698 lua
1097 2634 1192 2711 eulpa
1209 2635 1251 2701 ob
1270 2635 1483 2713 sterilitatem,
1498 2638 1550 2700 vel
1560 2636 1736 2720 grandinem
1754 2640 1800 2698 ni·

232 2719 344 2795 iicere‚
367 2734 421 2780 aut
440 2735 588 2781 excutere
603 2712 800 2790 consuescat,
819 2712 896 2776 alias
913 2727 999 2773 tene·
1030 2714 1233 2792 hilrecipiat,
1257 2717 1305 2778 vel
1321 2715 1344 2779 si
1362 2721 1394 2781 vi
1417 2716 1569 2793 hostium,
1586 2718 1800 2794 depopulatio·

231 2814 283 2860 tur
311 2796 484 2861 conduslori
505 2796 543 2859 de
565 2796 676 2857 damno
698 2792 805 2859 secuto
824 2839 834 2869 ,
853 2791 926 2853 licet
947 2794 998 2851 vi·
1033 2812 1099 2870 ne,
1122 2798 1262 2858 incendio
1283 2794 1344 2858 stne
1372 2797 1463 2874 culpa
1479 2796 1582 2861 coloni
1608 2812 1733 2872 pereant
1760 2793 1802 2856 le·

229 2879 307 2939 tium
334 2879 474 2953 ignoret,
492 2874 542 2939 sed
563 2873 778 2950 culpabiliter,
798 2892 870 2935 tum
887 2889 998 2963 cogno·
1032 2889 1117 2951 getes
1135 2878 1230 2938 etiam
1252 2872 1384 2940 collcdiae
1407 2880 1437 2939 in
1455 2876 1614 2951 manipulis
1630 2922 1640 2952 ,
1655 2880 1732 2953 leg.
1752 2894 1800 2951 15.

227 2952 311 3020 scere
330 2960 488 3035 potuerit,
507 2976 547 3019 ex
567 2959 639 3034 Leg.
663 2971 708 3032 19·
724 2960 753 3020 ὃ.
774 2954 857 3019 locat.
876 2949 999 3026 quialo·
1033 2961 1060 3019 s.
1080 2955 1161 3017 locat.
1184 2955 1213 3016 Si
1239 2975 1314 3020 vero
1338 2956 1465 3021 colonus
1481 2956 1598 3033 aliquid
1621 2957 1802 3033 receperit,

224 3053 317 3101 catur
336 3052 461 3100 tenetur
476 3039 655 3102 examinare
675 3034 837 3114 diligenter
857 3051 931 3094 nuru
948 3049 996 3092 res
1032 3032 1081 3098 sed
1101 3033 1259 3110 sterilitas,
1282 3057 1317 3098 ac
1338 3037 1406 3100 ideo
1426 3034 1539 3101 iaslura
1559 3032 1653 3100 fuerit
1673 3055 1801 3113 magna.

224 3137 321 3192 quam
345 3117 428 3180 locat
455 3133 528 3191 apta
555 3113 594 3179 stt
615 3113 679 3177 usui
710 3115 745 3177 ad
774 3132 861 3189 quern
882 3112 998 3186 datur,
1033 3132 1108 3177 tunc
1129 3114 1259 3178 remissio
1273 3113 1415 3180 facienda
1434 3115 1480 3180 est
1501 3120 1533 3179 in
1547 3133 1671 3195 partem
1684 3116 1721 3179 ad
1731 3135 1801 3191 pro·

230 3217 287 3260 nec
307 3199 422 3271 noxia,
445 3195 501 3259 hoc
521 3200 603 3257 enim
625 3197 720 3273 exigit
741 3196 874 3269 aequitas
890 3211 929 3254 err
945 3210 998 3253 na·
1033 3195 1206 3270 portionem
1225 3194 1354 3273 damni,
1383 3194 1439 3259 nist
1462 3213 1567 3261 tamen
1586 3215 1628 3260 et
1658 3194 1800 3260 ubertate

229 3293 300 3339 tura
321 3276 509 3353 locationis,
533 3296 601 3351 quae
619 3274 764 3338 instituta
783 3270 827 3336 est
850 3272 887 3346 ad
915 3290 998 3334 corn·
1032 3274 1257 3351 praecedentis,
1289 3275 1340 3339 vel
1370 3274 1571 3352 subsequentis
1595 3277 1668 3340 anni
1694 3270 1805 3339 sterili·

228 3355 353 3418 modum
371 3352 526 3431 utriusque
541 3354 770 3418 contrahentis.
797 3352 939 3416 Tenetur
959 3349 997 3413 ad
1029 3371 1108 3431 tas,
1137 3374 1173 3419 ac
1197 3354 1342 3421 danumm
1384 3354 1520 3420 raesentis
1555 3351 1802 3433 compensetutt

230 3433 378 3512 inpensas
407 3435 586 3499 necessarias
613 3452 679 3497 tum
703 3453 758 3507 pro
778 3430 944 3506 reparanda
964 3448 998 3492 re
1032 3436 1102 3509 quia
1118 3455 1190 3497 cum
1204 3435 1329 3512 penlio,
1359 3457 1398 3500 eu
1412 3456 1528 3500 merces
1549 3436 1712 3499 locationis
1728 3452 1803 3497 con·

232 3513 352 3590 locata,
371 3530 438 3579 turn
454 3536 509 3590 pro
523 3513 736 3576 constituenda
755 3513 792 3575 ad
807 3511 998 3600 convenien·
1030 3514 1175 3577 {lituatut
1204 3517 1238 3577 in
1271 3512 1549 3590 compensationem
1576 3512 1732 3578 sruiluum
1759 3532 1799 3576 ex

230 3610 295 3657 tem
313 3591 400 3657 usum
420 3642 429 3669 ,
456 3594 492 3656 ad
520 3612 610 3668 quem
639 3593 779 3655 locatur:
802 3590 891 3653 debet
915 3607 998 3651 enlm
1032 3613 1085 3669 re,
1104 3594 1156 3657 vel
1175 3589 1273 3656 fundo
1286 3593 1441 3658 condutio
1456 3594 1738 3668 percipiendorum,
1754 3612 1804 3657 ra·
1858 3650 1861 3670 ‚

230 3672 356 3736 reddere
375 3694 439 3737 rem
457 3690 562 3748 aptam
579 3671 615 3734 ad
635 3669 721 3733 usum
737 3669 945 3743 condutioris,
964 3665 999 3730 δι
1033 3676 1079 3736 tio
1103 3671 1138 3734 dt
1165 3673 1327 3746 aequalitas
1350 3672 1506 3750 postulat,
1531 3688 1569 3734 ut
1589 3671 1610 3732 si
1635 3671 1801 3736 conduslot

229 3755 262 3813 in
280 3752 423 3814 eumdem
442 3749 556 3812 llatum
577 3746 734 3813 restituere
779 3746 800 3808 si
825 3744 1000 3809 forteami·
1033 3750 1131 3814 nullos
1150 3754 1306 3826 omnin0,
1336 3751 1388 3814 vel
1408 3754 1499 3815 nimis
1516 3770 1627 3827 paucos
1652 3752 1802 3827 percipiat

229 3827 326 3909 serit,
346 3853 416 3893 cum
431 3832 564 3904 pretium
581 3845 703 3904 propter
721 3795 806 3889 usum
816 3829 999 3900 recipiatur,
1033 3828 1164 3907 studius,
1184 3828 1287 3903 pensio
1302 3847 1429 3901 extoto
1445 3831 1496 3894 vel
1517 3850 1555 3892 ex
1576 3847 1665 3906 parte
1683 3848 1737 3906 pro
1751 3849 1802 3892 ra·

228 3913 300 3989 leg.
324 3927 372 3986 25.
394 3916 419 3975 5.
436 3909 520 3972 locat.
537 3908 604 3973 lmo
621 3925 750 3970 tenetur
765 3902 923 3968 refundere
943 3924 1001 3966 exa
1034 3928 1066 3973 ta
1087 3913 1175 3972 iuxta
1192 3914 1419 3986 proportionem
1440 3910 1541 3973 damni
1555 3914 1585 3971 ei
1601 3911 1798 3973 remittatur.

231 3984 335 4064 pensas
357 4006 423 4054 tam
444 3989 622 4053 necessarias
641 4008 732 4064 quam
753 3987 845 4048 utiles
865 3984 998 4047 farrata
1034 3989 1110 4050 lrem
1130 3985 1153 4050 si
1175 3989 1264 4052 valde
1283 3991 1475 4053 commodum
1501 3991 1545 4052 rei
1567 3988 1678 4053 lucatae
1706 3987 1802 4052 leda·

226 4067 411 4134 condiriiore
428 4072 459 4132 in
475 4088 509 4132 te
532 4069 654 4146 locata,
672 4064 883 4130 &duraturas
903 4067 999 4127 etiam
1031 4087 1103 4145 tur,
1120 4086 1194 4144 puta
1215 4067 1236 4129 sr
1255 4072 1362 4133 vicino
1381 4069 1556 4134 oedificante
1574 4073 1642 4145 (ait
1663 4072 1733 4132 Lex
1750 4087 1799 4144 ²5·

230 4146 293 4224 1¹0st
313 4146 522 4217 consumatam
538 4149 727 4218 locationem
749 4148 786 4209 ad
804 4144 996 4209 commodum
1031 4146 1063 4210 ff.
1081 4149 1165 4211 locat.
1182 4150 1195 4225 )
1213 4145 1408 4213 obscurentur
1430 4152 1543 4212 lumina
1561 4149 1735 4224 coenaculi,
1754 4165 1802 4212 te·

229 4223 318 4303 ipsius
340 4229 511 4305 locatorio,
540 4245 616 4306 puta
643 4229 676 4289 in
696 4226 918 4289 tellauratione
943 4224 998 4288 do·
1032 4244 1126 4290 netur
1141 4223 1261 4291 locator
1281 4231 1446 4308 inquilino,
1469 4229 1521 4294 l'eu
1541 4225 1800 4302 mndustoripen·

229 4326 314 4385 mus,
334 4312 447 4384 navis,
465 4312 626 4378 curatione
650 4310 740 4383 equi.
763 4304 813 4369 lta
833 4306 998 4392 conmuni·
1033 4306 1148 4369 sionem
1176 4328 1233 4382 pro
1260 4328 1328 4371 rata
1357 4312 1568 4384 imminuere;
1597 4329 1670 4372 narn
1693 4324 1730 4370 ut
1759 4320 1800 4370 ex

231 4405 328 4449 terex
346 4392 416 4468 Leg.
431 4387 571 4452 hmines
586 4408 603 4464 -5
609 4407 636 4462 5·
653 4392 680 4450 5.
700 4406 727 4447 1.
742 4381 775 4447 ff.
793 4387 897 4456 lorm-
914 4383 998 4459 Qua
1032 4389 1106 4465 Leg.
1125 4388 1250 4466 eadem,
1269 4389 1395 4453 cessatio
1416 4389 1503 4460 usur,
1524 4389 1561 4453 ad
1577 4409 1666 4465 quem
1688 4387 1801 4450 locatae

229 4464 252 4526 sa
272 4467 418 4530 eiusmodi
443 4468 594 4546 obligatio
621 4469 742 4545 exurgit
761 4485 802 4528 ex
821 4467 998 4528 commoda·
1032 4486 1123 4530 erant
1138 4471 1236 4545 aedes,
1253 4467 1309 4532 etsi
1324 4467 1394 4533 casu
1409 4467 1544 4533 fortuito
1560 4470 1743 4545 contingat,
1768 4469 1800 4528 in

228 4559 285 4621 to,
308 4548 391 4622 quod
412 4552 509 4627 gratis
532 4548 599 4621 lr't,
627 4546 729 4609 multo
745 4547 840 4624 magis
855 4565 894 4606 ex
916 4544 997 4607 loca·
1034 4548 1199 4612 locatorem
1219 4549 1322 4611 cadit.
1900 4538 1917 4583 ⁴

230 4629 335 4701 to,in
354 4647 416 4704 quo
439 4629 573 4704 pretium
590 4626 761 4707 accipitur.
786 4625 997 4699 Teneturpa·
1071 4628 1144 4688 Dixi
1174 4645 1320 4690 notanter
1346 4627 1522 4709 regulariter
1549 4627 1711 4705 loquend03
1728 4626 1800 4701 quia
1814 4651 1927 4719 ΨΜ,

230 4709 308 4769 riter
327 4706 446 4772 locator
459 4703 582 4774 solvere
604 4702 742 4782 tributa,
759 4705 882 4782 aliaque
901 4723 997 4766 onera
1032 4706 1109 4769 nibil
1125 4713 1286 4770 remittere
1307 4727 1433 4773 tenetur
1449 4710 1594 4785 locator,
1611 4707 1631 4768 li
1649 4707 1688 4770 ab
1708 4707 1800 4770 initio
1817 4716 1930 4766 υκιιοι

229 4783 376 4865 publica,
392 4807 464 4863 quae
480 4788 603 4851 ratione
622 4787 667 4852 tei
689 4787 799 4850 locatae
824 4784 894 4846 sunt
920 4805 997 4860 prae·
1030 4791 1217 4850 convenerit
1237 4809 1307 4849 cum
1321 4786 1523 4866 tondublore,
1544 4791 1799 4864 utquoviseren·
1816 4779 1884 4829 ”ihil
1900 4779 1934 4829 de

228 4863 442 4959 sisoim-nisi
468 4884 574 4931 tarnen
597 4864 691 4928 aliter
713 4882 905 4928 conventum
935 4863 998 4956 sit,
1034 4885 1069 4929 tu
1094 4866 1143 4928 bic
1168 4883 1269 4929 totam
1295 4885 1441 4933 teneatur
1463 4866 1581 4957 soluere
1605 4865 1775 4944 pensionem
1790 4908 1801 4940 ‚
1810 4857 1942 4958 ffiffifi

229 4962 334 5010 tamen
354 4950 477 5017 lervara
495 4943 774 5023 aequalitate.lta
793 4961 998 5007 communiter
1032 4966 1102 5021 quae
1130 4944 1169 5008 ob
1189 4946 1245 5008 boc
1274 4967 1352 5010 onus
1374 4952 1475 5012 minor
1496 4952 1533 5011 lit
1554 4969 1595 5011 ex
1619 4952 1688 5026 Leg.
1711 4963 1739 5022 9·
1770 4948 1798 5008 ὁ.
1820 4981 1939 5021 ,emm

229 5044 273 5088 ’ἲ
295 5027 340 5091 Le
360 5071 368 5087 ·
390 5026 506 5092 ‘We'
521 5026 663 5106 Mani
681 5021 713 5087 ff·
728 5026 768 5088 df
783 5023 841 5088 vsa
856 5020 997 5102 publica.
1031 5027 1115 5089 local·
1136 5028 1209 5101 quia
1230 5043 1304 5090 tunc
1325 5026 1488 5093 conduilor
1506 5026 1592 5092 cellit
1603 5030 1662 5092 iuri
1672 5024 1745 5101 suo,
1765 5040 1803 5086 ut
1819 5032 1919 5104 mnae.

229 5100 320 5181 (Μ
340 5046 361 5168 st
383 5105 506 5173 locator
533 5101 694 5174 refundere
712 5122 825 5171 renuat
845 5105 924 5169 tales
943 5123 999 5168 ex·
1033 5105 1243 5207 resarciatur.
1263 5104 1314 5173 lta
1333 5107 1467 5174 etiamst
1489 5105 1680 5178 consimulo
1704 5105 1806 5250 iggiio·
1819 5094 1901 5149 ἂθῐῑ·
