4425 6000
443 497 503 577 ·28
714 481 924 567 Tuaen.
950 504 1016 563 oa
1044 485 1277 567 iusris'c'
1306 484 1577 567 lvr.Car.
1603 489 1659 569 ll.

387 594 504 666 -denus
532 594 564 662 in
593 591 776 659 inventione
804 586 935 654 thesauri
972 586 1075 654 addita
1104 584 1166 653 suit
1249 588 1394 654 Vertitur
1412 589 1717 658 controversiainter
1730 589 1978 667 noeoreraee·

386 674 575 745 -conditiosr
588 672 736 762 fortuito,
752 668 836 814 ιᾳᾶιι,
852 666 966 747 quiafi
994 688 1058 731 non
1077 666 1176 748 casu,
1208 673 1259 747 qui
1284 668 1378 736 sciens
1407 668 1583 737 thesaurum
1612 672 1709 739 latete
1738 677 1770 737 in
1795 696 1868 754 agro
1895 678 1974 744 alte·

395 756 583 826 &fortuito
601 803 610 832 ,
628 751 677 817 sed
700 754 771 817 indu
802 756 844 813 ria
870 797 879 826 ,
900 747 975 812 idest
995 748 1093 813 lindio
1114 748 1166 814 ad·
1209 752 1291 828 rius,
1306 769 1412 829 agrum
1436 754 1540 830 emit,
1562 773 1629 817 ana
1651 757 1974 834 riemptioneacqui·

392 836 493 905 bibito
513 836 668 912 quaerendi
689 837 755 912 quis
780 827 953 895 thesaurum
981 829 1105 894 invenit
1137 832 1167 891 in
1208 848 1258 895 rat
1278 828 1447 893 dominium
1467 828 1554 909 super
1583 850 1596 898 t
1649 854 1758 898 aurum
1785 840 1817 898 in
1839 856 1912 914 agro
1929 837 1975 902 la·

395 918 501 984 alieno
521 912 617 980 sundo
639 964 646 990 ,
675 913 797 988 quando
816 912 954 974 dominus
987 904 1072 994 fundi
1092 929 1166 974 con·
1208 921 1326 974 tentem
1334 957 1345 989 ,
1369 909 1404 975 dt
1419 930 1482 974 non
1508 916 1597 989 pauci
1624 933 1665 977 cx
1687 912 1920 992 celebrioribus,
1935 929 1974 983 ut

392 994 519 1070 seraserit
542 1001 632 1062 iuxta
653 994 811 1077 sylvium,
834 1007 918 1053 totus
939 987 1167 1054 thesauruserit
1205 990 1350 1071 Sylvius,
1365 988 1547 1070 Habentur,
1567 991 1905 1069 Tosrneleiuspartem
1924 996 1972 1062 sav

391 1077 589 1155 inventoris,
606 1072 773 1138 nisr'alirer
804 1076 949 1133 inventor
967 1063 1002 1133 δε
1027 1069 1167 1134 dominus
1205 1072 1319 1134 slinent
1336 1068 1567 1146 affirmativam,
1575 1073 1715 1151 nempefi
1729 1093 1894 1152 antequam
1903 1076 1973 1141 the·-

392 1158 479 1224 inser
495 1155 525 1222 se
553 1157 778 1221 convenerint.
806 1149 900 1225 Quod
929 1147 951 1210 sa
976 1147 1097 1213 nullum
1119 1151 1168 1212 in·
1205 1149 1327 1215 laurum
1346 1152 1509 1230 inveniat,
1529 1150 1580 1216 seu
1604 1172 1622 1216 e
1650 1171 1733 1218 terra
1756 1153 1870 1231 aliquid
1894 1154 1972 1222 effo-

391 1239 565 1306 cetcelletit
586 1233 723 1311 pastum,
743 1231 906 1318 secundum
926 1229 1044 1306 aliquos
1065 1230 1166 1294 tutius
1203 1230 1285 1307 dias,
1307 1250 1412 1310 agrum
1426 1249 1510 1299 emat
1521 1279 1531 1311 ,
1550 1231 1720 1298 dominium
1740 1254 1812 1299 mm
1832 1239 1974 1311 acquire.

391 1320 475 1395 ecit,
495 1315 576 1392 quod
593 1319 739 1378 inventor
754 1311 932 1376 thesaurum
947 1327 988 1372 ex
1009 1327 1101 1385 aequo
1117 1309 1164 1372 di·
1203 1331 1236 1375 re
1253 1314 1351 1377 totius
1379 1308 1514 1376 thesauri
1538 1311 1692 1391 latentis,
1718 1316 1788 1390 quia
1814 1332 1923 1381 revera
1939 1320 1973 1384 in

391 1397 483 1462 vidae
501 1416 573 1462 cum
588 1395 712 1458 domino
731 1394 804 1471 ,qui
822 1401 885 1466 nun
909 1391 953 1453 ita
974 1385 1065 1453 facile
1086 1410 1163 1466 prae·
1204 1394 1324 1469 proptio
1344 1386 1441 1455 sundo
1469 1387 1645 1456 thesaurum
1669 1394 1791 1458 invenit
1817 1418 1826 1458 ε
1852 1394 1968 1462 sacutli

391 1473 470 1542 sumi
490 1475 591 1556 potest
612 1472 717 1538 cedere
745 1465 863 1548 prorsus
884 1471 942 1533 iuri
963 1465 1017 1532 suo
1045 1470 1076 1531 in
1096 1489 1166 1547 gra·
1203 1487 1369 1549 antequam
1390 1492 1496 1549 agrum
1516 1474 1648 1550 emerit,
1670 1469 1811 1538 sodiendo
1830 1475 1972 1543 eumdem

392 1559 472 1624 tiam
499 1557 688 1621 inventoris.
721 1552 752 1614 Si
782 1570 888 1614 aurem
917 1566 979 1613 non
1007 1547 1166 1614 consense·
1202 1553 1365 1629 inveniat,
1384 1571 1455 1615 cum
1475 1555 1507 1614 in
1528 1552 1633 1617 alieno
1654 1549 1747 1617 sundo
1774 1554 1849 1618 illud
1878 1558 1973 1623 inve·

392 1652 470 1709 sat,
498 1634 549 1701 vel
578 1631 671 1699 suerit
700 1633 820 1708 prorius
841 1626 951 1693 inscius
980 1628 1096 1693 detali
1118 1632 1164 1692 in·
1204 1632 1288 1711 nias,
1304 1647 1379 1695 tunc
1401 1631 1548 1697 medietas
1580 1631 1713 1697 thesauri
1740 1634 1770 1699 ei
1794 1635 1844 1709 qui
1873 1634 1972 1710 adbuc

390 1716 576 1795 quistione,
591 1716 711 1790 integre
732 1708 1027 1796 thesaurusdebetur
1041 1709 1166 1773 domino
1203 1711 1369 1787 dominium
1384 1708 1476 1775 babet
1497 1714 1528 1776 in
1550 1708 1664 1789 fundo,
1686 1711 1766 1777 tradi
1786 1714 1903 1793 debet,
1933 1733 1973 1785 ut

389 1795 460 1873 loci,
480 1792 583 1861 soluta
612 1792 770 1857 duntaxat
795 1790 953 1853 inventori
983 1788 1028 1852 lui
1054 1786 1166 1853 laboris
1204 1793 1264 1856 iam
1283 1786 1371 1868 supra
1387 1787 1497 1866 dissum
1516 1791 1580 1866 eil.
1600 1794 1693 1868 Quod
1710 1811 1787 1859 vero
1800 1793 1971 1866 dominium

390 1876 552 1952 mercede,
572 1877 644 1953 aeg.
667 1892 748 1937 nemo
765 1869 824 1934 cod
841 1871 879 1933 de
897 1865 1023 1947 thesaur.
1054 1867 1166 1932 Simili·
1203 1873 1344 1950 acquirat
1364 1869 1517 1951 thesauri,
1537 1870 1559 1935 si
1582 1871 1752 1950 priusquam
1782 1873 1862 1940 hunc
1893 1875 1972 1943 effo-

391 1973 445 2024 aer
457 1954 619 2021 dicendum
663 1971 775 2028 nempe
792 1966 897 2014 totum
918 1947 1094 2013 thesaurum
1114 1949 1165 2014 de·
1203 1952 1287 2027 diat,
1305 1969 1518 2030 agrumemat,
1539 1969 1626 2042 patet
1641 1954 1971 2023 eriamearChrisliDo·

391 2035 458 2104 beri
479 2033 603 2101 domino
622 2000 709 2095 sundi
731 2079 740 2109 ,
763 2028 887 2123 quando
905 2032 973 2108 quis
994 2027 1089 2121 sciens
1103 2032 1164 2094 elle
1204 2036 1278 2094 mini
1300 2028 1498 2121 tellimonior
1514 2034 1617 2122 Simile
1630 2038 1670 2113 eps
1688 2055 1811 2113 regnam
1831 2039 1968 2105 culm

392 2110 571 2182 thesaurum
594 2113 626 2175 ln
649 2108 774 2191 fundo,
796 2108 846 2173 seu
875 2130 908 2175 an
938 2129 1011 2198 agtq
1032 2109 1166 2189 aheno,
1204 2109 1338 2191 thesauro
1357 2107 1518 2192 adscendero
1533 2131 1566 2176 m
1584 2133 1668 2193 agro,
1697 2135 1785 2193 quens
1814 2117 1866 2206 qvi
1881 2122 1968 2187 irme-

391 2191 574 2264 facultatem
591 2188 727 2257 fodiendi
747 2205 862 2267 petat,
895 2187 970 2253 nihil
991 2179 1165 2266 lignilicans
1202 2190 1365 2267 nissam,
1384 2186 1602 2269 asscensu&
1615 2196 1799 2273 evagando
1815 2198 1969 2266 risisse«-

392 2275 517 2341 domino
546 2270 633 2336 fundi
660 2271 698 2336 de
728 2268 893 2335 thesauro.
920 2268 956 2331 ln
983 2267 1030 2332 his
1060 2286 1166 2336 tamen
1202 2270 1268 2348 dir,
1283 2269 1323 2337 (ἲ
1339 2270 1447 2344 vendis
1466 2270 1611 2414 universa
1624 2294 1691 2354 με
1711 2272 1815 2354 babel,
1834 2275 1876 2343 (7
1896 2277 1969 2354 emis

392 2353 508 2426 casibus
537 2351 652 2417 dandus
680 2371 743 2416 non
772 2349 816 2413 eli
858 2348 1019 2413 thesaurus
1043 2351 1165 2429 integer
1202 2370 1305 2432 agrum
1321 2349 1427 2432 illum,
1442 2366 1478 2415 ut
1500 2350 1570 2417 vide
1583 2356 1644 2417 icet
1661 2357 1707 2417 ius
1724 2354 1968 2428 habeattbesau·

393 2429 517 2506 domino
546 2430 626 2513 ,nisi
642 2431 706 2509 poll
726 2429 836 2494 iudicis
852 2425 1067 2509 sententiam,
1095 2433 1166 2507 quia
1203 2452 1271 2495 rum
1291 2427 1370 2495 bunc
1386 2434 1541 2509 integrum
1561 2429 1746 2510 pollidendi.
1767 2436 1850 2513 Quia
1879 2437 1969 2506 Grei-

393 2515 448 2582 le‘x
463 2511 519 2580 illa
548 2511 670 2578 nonest
697 2509 826 2588 poenrlie
847 2556 856 2586 ,
880 2506 931 2571 sed
958 2528 998 2572 ex
1028 2511 1165 2574 naturali
1203 2508 1263 2575 llus
1278 2509 1327 2576 hic
1343 2530 1405 2574 non
1428 2512 1563 2587 loquitur
1579 2510 1632 2576 nisr
1657 2509 1821 2579 secundum
1848 2519 1894 2583 ius
1915 2541 1968 2589 na·

394 2597 548 2674 equitate
577 2608 650 2658 ante
684 2591 791 2654 iudicis
824 2583 1009 2654 sententiam
1036 2609 1099 2656 non
1122 2587 1165 2654 est
1204 2589 1332 2668 turale,
1360 2589 1524 2655 secundum
1552 2591 1658 2669 quod,
1682 2612 1718 2658 ut
1746 2592 1888 2664 fatentur
1915 2603 1967 2680 qus

394 2674 545 2741 tradenda
562 2669 615 2736 nist
637 2671 802 2735 medietas.
1202 2673 1396 2737 contrarium
1420 2668 1587 2748 sentiunt,
1614 2687 1651 2735 ut
1673 2672 1710 2735 de
1740 2675 1856 2756 Lugo,
1882 2695 1967 2746 totus

390 2785 393 2790 ·
433 2753 466 2818 Si
487 2750 647 2818 thesaurus
663 2771 715 2829 per
739 2751 871 2832 magiam
898 2751 1098 2827 inveniatur,
1118 2767 1167 2828 to·
1204 2750 1364 2818 thesaurus
1396 2748 1444 2817 eii
1465 2752 1670 2831 inventoris,
1694 2756 1767 2834 quia
1791 2756 1968 2826 nulliuscst'

391 2837 461 2902 mm
479 2831 508 2896 ld
522 2881 530 2910 ,
546 2834 625 2910 quod
645 2827 812 2895 debebatur
844 2833 1001 2895 inventori
1027 2832 1110 2897 cedit
1131 2829 1166 2896 fi·
1202 2834 1236 2895 in
1255 2830 1363 2897 bonis.

393 2909 465 2992 seo,
483 2910 534 2977 sed
555 2910 618 2991 poll
629 2912 737 2976 iudicis
747 2910 953 2988 sententiam,
969 2911 1095 2978 donnino
1116 2930 1166 2977 ta·
1242 2912 1398 2992 Quidquid
1423 2931 1498 2980 vero
1525 2912 1557 2977 in
1571 2913 1761 2980 contrarium
1788 2918 1893 2985 dicant
1913 2919 1967 2987 ad·

394 3014 467 3061 naen
489 2989 533 3073 (sr
553 2988 714 3057 thesaurus
733 2994 880 3054 inventus
896 2986 992 3057 suerit
1010 2995 1042 3057 in
1071 2988 1167 3059 sundo
1204 2992 1328 3058 versarii
1342 3011 1488 3070 ‚certum
1515 2991 1558 3058 ell
1582 2993 1618 3060 dt
1644 2989 1813 3063 efficaciter
1838 3000 1895 3066 hoc
1910 3020 1967 3067 no·

393 3073 521 3150 alieno)
541 3071 639 3137 adhinc
660 3089 749 3150 pars,
768 3089 834 3146 quae
851 3072 883 3135 ei
899 3074 1075 3152 contingit,
1090 3072 1165 3137 dan·
1201 3073 1294 3137 lirum
1327 3072 1435 3151 pmbat
1464 3074 1649 3148 allumptum
1678 3079 1811 3152 pretium
1833 3083 1914 3158 agri,
1929 3079 1967 3149 dt

394 3152 472 3220 d'ae
506 3194 515 3215 .
1201 3154 1245 3217 rei
1272 3152 1435 3219 cuiuslibet
1460 3173 1523 3217 non
1549 3151 1726 3218 sumendum
1750 3154 1810 3222 eise
1840 3156 1968 3236 precise

435 3231 593 3298 Ceterum
615 3230 709 3294 inhia
729 3249 793 3295 non
814 3229 897 3296 secus
911 3248 948 3297 ac
968 3231 1003 3296 in
1029 3232 1095 3296 aliis
1117 3248 1166 3296 at·
1200 3253 1241 3297 ex
1257 3237 1364 3297 maiori
1385 3236 1449 3297 eius
1466 3234 1635 3311 utilitate,
1658 3230 1708 3298 sed
1731 3233 1894 3303 secundum
1910 3239 1968 3307 ho·

394 3311 559 3383 tendenda
579 3309 669 3389 lunt,
688 3307 723 3375 ἀ
743 3308 898 3375 servandae
919 3307 1063 3386 speciales
1076 3311 1166 3391 leges,
1199 3316 1320 3378 minum
1351 3311 1606 3392 aestimationem,
1626 3311 1661 3378 dc
1688 3312 1855 3382 secundum
1884 3321 1965 3389 banc

395 3392 431 3462 da
448 3390 683 3460 consuetudines
703 3390 862 3454 locorum.
889 3390 970 3479 Nam
989 3413 1060 3456 cum
1087 3388 1165 3455 eius·
1201 3393 1454 3468 aestimationem,
1473 3390 1508 3458 dt
1528 3412 1591 3456 non
1608 3393 1700 3457 aliter
1720 3401 1853 3471 pretium
1874 3402 1937 3479 agri
1948 3449 1960 3481 ,

396 3467 1165 3553 modibonanulliussrnt‚hinrRespublica&l²rin·
1200 3476 1253 3539 vel
1280 3472 1442 3539 cuiuslibet
1466 3474 1593 3538 alterius
1620 3477 1665 3536 rei
1694 3472 1825 3542 solvitur
1848 3479 1968 3545 abem-

339 3620 343 3629 ,
394 3552 466 3633 edps
480 3550 617 3631 supremo
632 3549 778 3627 iure‚leu
796 3547 998 3630 auilotitate,
1015 3572 1106 3629 quam
1116 3568 1164 3616 te·
1201 3569 1306 3632 prore.
1329 3553 1368 3619 Et
1399 3554 1454 3617 hoc
1478 3554 1640 3618 confirmat
1667 3558 1846 3632 exemplum
1875 3560 1967 3638 periti
2018 3558 2028 3595 ⁵

389 3636 526 3711 mantin
545 3632 625 3699 bona
645 3633 749 3694 omnia
767 3632 879 3708 proprii
887 3629 1015 3694 dominii
1032 3633 1069 3695 ad
1080 3652 1164 3697 com-
1200 3631 1463 3713 pharmacopolae,
1479 3637 1529 3710 qui
1549 3629 1729 3713 cognoscens
1745 3658 1886 3718 magnam
1905 3642 1968 3705 uti·

284 3722 292 3729 “
394 3732 495 3783 mune
512 3713 627 3779 bonum
643 3710 767 3777 suorum
784 3710 971 3775 subditorum
989 3709 1047 3775 suis
1068 3714 1165 3792 parti·
1201 3715 1323 3778 litatem
1340 3717 1372 3776 in
1389 3713 1480 3778 herba
1499 3715 1692 3790 ceteroquin
1712 3716 1789 3797 vili,
1808 3717 1843 3785 dt
1863 3721 1967 3785 iamin

347 3796 353 3801 ’
395 3792 551 3863 sularibus
578 3793 702 3859 llatutis
727 3794 886 3868 disponere
920 3789 1044 3868 poliunt
1081 3795 1164 3857 cirea
1200 3791 1278 3858 salte
1293 3815 1365 3858 cum
1379 3794 1448 3860 aliis
1464 3790 1562 3858 herbis
1583 3791 1752 3872 ligata,ut
1767 3817 1822 3877 pro
1849 3801 1967 3865 iumen·

394 3871 572 3950 messum,
587 3894 641 3947 eos
656 3872 709 3937 fibi
732 3869 884 3936 servando
905 3891 960 3947 pro
978 3869 1059 3936 bono
1079 3893 1162 3937 com·
1201 3893 1305 3939 torum
1321 3872 1376 3939 usu
1393 3875 1549 3941 vendatur
1570 3870 1693 3952 ,potest
1718 3890 1788 3941 tuta
1809 3876 1964 3944 conscien-

395 3957 482 4020 mni
495 4003 504 4032 ,
519 3951 553 4021 dc
574 3953 766 4031 privilegium
787 3951 916 4028 privatis
934 3947 1068 4028 personis
1088 3972 1164 4017 con·
1201 3957 1245 4018 tia
1266 3974 1367 4019 emere
1389 3951 1498 4019 fascem
1519 3955 1600 4021 bunc
1622 3956 1722 4029 pretio
1738 3962 1964 4039 communique

394 4032 527 4111 dedere,
545 4049 583 4097 ut
598 4034 691 4098 certis
708 4034 741 4094 in
771 4031 844 4095 locis
872 4050 925 4093 eos
951 4049 1111 4110 quaerant,
1127 4049 1163 4096 ut
1200 4033 1236 4098 ab
1258 4034 1324 4098 aliis
1339 4039 1474 4111 emitur,
1491 4033 1542 4100 vel
1562 4035 1623 4096 ami
1646 4032 1752 4111 pofflt.

395 4133 506 4183 eorum
525 4109 602 4190 fiat,
623 4111 674 4178 vel
695 4115 728 4173 in
750 4111 937 4189 toturn,vel
952 4113 985 4203 in
1018 4131 1164 4190 partem,
1239 4113 1402 4180 Obiiciunt
1419 4131 1524 4179 tanen
1545 4133 1671 4191 peccare
1687 4117 1719 4177 in
1736 4115 1792 4182 lrac
1813 4117 1966 4201 hypothe-

397 4193 451 4261 vel
472 4193 624 4270 aliorum,
641 4190 676 4258 ds
700 4191 852 4268 proeelpue
877 4189 1071 4284 dominorum
1096 4188 1163 4255 sun·
1199 4190 1220 4257 si
1240 4211 1352 4262 contra
1370 4192 1519 4258 iullitiam
1539 4214 1643 4269 agrum
1651 4195 1779 4261 emendo
1818 4197 1966 4265 retiollar

396 4275 450 4355 di,
465 4290 502 4338 ut
519 4276 551 4337 in
572 4287 673 4338 totum
689 4270 740 4337 vel
762 4276 794 4334 in
812 4288 927 4348 partem
945 4269 1023 4335 hisce
1052 4270 1161 4336 debea-
1201 4292 1274 4340 tuto
1290 4275 1328 4339 ab
1349 4274 1505 4339 bominum
1515 4271 1722 4340 aestimatione
1739 4279 1770 4338 in
1787 4219 1965 4356 suppositio-

394 4371 450 4422 aur
464 4351 527 4428 dcc.
548 4353 631 4417 Hinc
647 4368 760 4430 praeter
776 4370 831 4427 ea,
849 4370 917 4427 quae
944 4347 1015 4415 sunt
1043 4349 1081 4415 de
1096 4355 1162 4417 iure
1198 4374 1236 4418 ne
1259 4350 1401 4432 simplicis
1417 4372 1528 4431 terras,
1544 4352 1632 4417 sicuti
1649 4372 1807 4437 peccaret,
1823 4363 1875 4434 qui
1885 4364 1967 4424 a'ru·

395 4435 554 4515 naturali,
611 4436 740 4508 ntium,
767 4431 801 4496 dc
822 4429 953 4506 positivo
981 4434 1161 4510 communi,
1196 4433 1224 4497 di
1236 4437 1306 4500 viro
1324 4451 1440 4499 emeret
1453 4436 1508 4497 vili
1520 4437 1782 4514 pretiogemtnam
1798 4441 1966 4518 magnivo-

395 4514 437 4581 ad
453 4510 530 4581 iusle
554 4564 567 4593 ·.
584 4509 770 4579 &iliendum
791 4558 801 4588 ‚
826 4510 861 4576 ἀ
889 4512 923 4572 in
943 4509 1160 4591 conscientia,
1198 4516 1273 4580 loris
1294 4514 1383 4579 atali
1404 4514 1470 4577 rudi
1487 4513 1610 4578 homine
1632 4519 1780 4593 ignorati.

393 4593 544 4745 Q
596 4610 712 4670 auras,
740 4611 829 4668 quem
857 4588 966 4684 aliquis
989 4594 1162 4687 inveniat,
1238 4594 1326 4671 Resp.
1351 4614 1492 4672 magnam
1511 4594 1572 4657 else
1587 4591 1968 4691 disparitatemintetem·

393 4668 984 4843 resternaffinlzsissisiiii
1003 4671 1162 4828 illisi„
1179 4691 1485 4835 dissaisiti:
1500 4673 1886 4832 rilsiihdilsssell}
1899 4697 1968 4822 ⁹55:

392 4833 628 4915 particularibus
660 4834 824 4909 provinciis
852 4828 979 4896 llatutae
1008 4829 1104 4911 sunt,
1127 4829 1164 4898 dt
1180 4840 1184 4865 ¹
1199 4834 1248 4900 lor
1269 4831 1432 4898 secundum
1449 4833 1607 4921 hominum
1626 4833 1867 4903 aeslimarionem
1885 4887 1894 4916 ,
1913 4839 1968 4901 be-
2019 4902 2024 4907 ,

391 4912 618 4992 observantur,
638 4914 670 4975 in
691 4913 745 4976 tali
768 4913 899 4975 materia
929 4906 1130 4985 disposuerint
1152 4902 1255 4992 stne,
1272 4913 1394 4990 quidem
1407 4915 1488 4987 quod
1516 4921 1559 4979 ita
1585 4916 1725 4980 solvatur
1754 4920 1785 4978 in
1815 4921 1883 4996 agri
1902 4936 1970 4980 em·

392 5015 432 5065 ac
451 4992 688 5069 ordinaverint,
707 5012 778 5056 cum
798 4987 919 5055 diversa
934 4988 1058 5059 diversis
1076 4990 1163 5062 inlo-
1179 5036 1182 5047 ·
1197 4996 1321 5073 ptione.
1349 4991 1487 5059 Ulterius
1513 4997 1563 5072 qui
1589 4994 1697 5059 vendit
1726 5015 1876 5074 gemmam
1909 4995 1967 5062 vili

390 5071 596 5157 aiadispofita
615 5069 743 5154 siun&
761 5067 981 5143 observentur.
1176 5052 1299 5153 ¹pretio
1313 5072 1466 5155 decipitur
1485 5091 1636 5155 quantum
1655 5074 1691 5140 ad
1700 5078 1744 5141 rei
1759 5080 1889 5221 propri?
1899 5073 1967 5141 sub-
