4425 6000
536 545 706 620 Tricr.
734 563 791 614 or
821 543 1076 616 Pencrrrrr
1110 530 1553 620 contruncarunt
1703 552 1779 630 453

255 647 382 712 ridente
407 644 440 706 in
463 644 572 712 seriam
591 647 621 707 6.
652 642 702 706 vel
735 644 769 702 in
786 635 972 704 Sabbatum.
997 639 1027 700 Si
1067 637 1217 715 rologium
1240 637 1306 708 ouis
1335 633 1457 698 audiens
1497 632 1571 696 dum
1587 649 1696 698 coenat
1732 630 1978 722 pullurpfflm

260 746 340 791 veto
356 720 493 791 absolute
509 728 622 799 vovit,
637 720 779 798 quidquid
799 721 893 795 aliqui
910 723 942 780 in
954 738 1028 781 con·
1065 716 1255 796 designantes
1277 715 1406 806 mediam
1423 709 1544 804 nostem
1562 759 1576 805 ,Ι
1586 711 1693 804 debeat
1715 729 1837 778 coenam
1850 733 1976 798 golein·

269 810 402 871 tracium
422 807 526 871 dicant
544 852 554 880 ,
573 819 694 867 certum
709 801 751 862 cll
774 800 872 863 teneri
888 817 927 862 oo
950 797 999 860 die
1020 843 1030 874 ,
1065 792 1269 872 suspendere,
1298 797 1319 854 lt
1338 793 1388 856 dre
1406 790 1541 869 sequenti
1567 812 1707 857 retonare
1735 808 1841 880 tenea·
1859 811 1972 863 enrnrur

266 885 343 948 licet
359 904 500 951 occurrat
522 882 646 948 Natalia
666 880 788 944 Domini
803 879 860 957 ,ad
882 878 1030 942 ieiunium
1070 893 1121 941 tur
1152 873 1214 942 &n
1234 871 1441 966 Di'versrmode
1465 868 1668 964 huiuscemodi
1695 869 1778 936 casus
1794 875 1977 975 wdwadhe'

262 961 298 1029 dt
322 971 423 1032 carnis
459 964 671 1029 abllincntiam
691 979 782 1034 quam
813 960 931 1032 vovit,
958 960 1030 1034 quia
1065 955 1204 1040 cundum·
1226 948 1661 1040 opinantiumdrversrtatem
1680 939 1976 1038 theologo-d'fwe

266 1049 364 1118 primo
392 1043 544 1110 concessio
572 1043 645 1104 iuris
668 1041 808 1103 canonici
833 1037 872 1101 ab
891 1037 1032 1100 Honorio
1066 1057 1133 1099 rum
1154 1033 1368 1125 resolvuntur3
1402 1028 1610 1123 Nihilominus
1639 1030 1780 1107 quidquid
1805 1035 1975 1103 inscendam

265 1124 321 1188 lll.
342 1125 519 1190 comedendi
539 1141 647 1186 earnes
663 1115 740 1182 feria
756 1119 786 1179 6.
809 1116 860 1182 vel
880 1115 1030 1191 sabbato,
1065 1116 1254 1178 contrarium
1276 1113 1367 1188 aquur
1394 1108 1547 1186 sentiant,
1567 1125 1687 1174 certum
1701 1107 1835 1188 estquod
1853 1113 1914 1192 βίᾳ,
1943 1129 1976 1168 ¹r·

265 1207 287 1266 li
304 1222 447 1270 occurrat
465 1204 629 1268 Nativitar
648 1199 772 1262 Domini
793 1245 804 1274 ‚
833 1201 949 1272 excipit
978 1216 1030 1259 eor
1067 1192 1207 1258 dubitans
1223 1211 1262 1254 an
1283 1189 1321 1255 stt
1335 1189 1435 1254 media
1451 1209 1512 1254 nox
1527 1187 1581 1267 (dt
1601 1187 1658 1255 hoc
1679 1194 1836 1268 etiampcr
1852 1193 1933 1230 ’Μ’

266 1287 317 1362 atri
338 1284 470 1350 obslridli
490 1281 561 1346 sunt
583 1296 661 1343 voto
675 1278 727 1342 vel
745 1278 911 1356 Religionis
931 1273 1031 1338 obser·
1066 1277 1095 1338 r'e
1118 1290 1223 1350 patet,
1242 1269 1364 1346 quando
1380 1288 1442 1334 non
1462 1267 1591 1335 babetur
1610 1289 1721 1348 grave,
1736 1268 1772 1336 dt
1786 1292 1836 1338 ra·

266 1367 399 1430 vantia.
430 1361 560 1428 Undest
582 1376 728 1424 tenentur
748 1355 888 1436 Religinli
922 1353 960 1418 ad
978 1356 1031 1419 ab·
1067 1351 1213 1416 tionabile
1231 1347 1464 1414 fundamenttun
1484 1349 1832 1417 resolvendiadhucnon

266 1443 546 1521 llinendumrquia
566 1435 789 1504 aconceffione
807 1437 1033 1512 excipiuntur,
1066 1433 1127 1497 else
1144 1430 1276 1519 mediam
1297 1427 1434 1503 nodeml
1459 1428 1571 1494 cessare
1600 1429 1745 1496 debeata
1764 1433 1835 1496 cibo

266 1543 340 1587 ereo
361 1522 513 1598 apati&
534 1537 686 1585 voventes
709 1565 719 1593 ,
744 1519 795 1592 qui
816 1520 847 1578 in
866 1514 1033 1578 concellio-
1066 1511 1100 1578 dc
1118 1528 1220 1589 potu,
1247 1512 1268 1571 lr
1288 1511 1339 1601 die
1355 1506 1489 1585 sequenti
1514 1511 1650 1574 ieiunare
1665 1527 1836 1589 teneatur,

270 1589 318 1664 nes
329 1605 468 1666 eamdem
487 1603 647 1678 patiuntur
666 1599 897 1672 exceptionem.
926 1613 956 1656 a.
984 1592 1032 1657 Ad
1069 1591 1121 1656 vel
1140 1591 1171 1654 le
1186 1607 1411 1682 communicare
1432 1589 1536 1680 velit;
1554 1589 1628 1654 aliar
1640 1608 1744 1670 ageret
1765 1611 1838 1655 con·

266 1684 462 1747 eximendum
486 1698 657 1745 voventem
687 1676 725 1740 ab
748 1673 814 1740 obli
837 1677 948 1739 atione·
970 1693 1044 1736 non.
1069 1691 1118 1737 tra
1138 1669 1263 1735 dubium
1285 1687 1382 1732 ettam
1411 1665 1573 1744 prailtcum
1600 1667 1762 1734 secundum
1783 1668 1838 1734 ad·

266 1761 311 1824 eil
329 1763 548 1826 attendendum
567 1758 604 1820 ad
626 1758 656 1820 id
676 1754 757 1834 quod
777 1696 838 1829 ipse
858 1751 1033 1831 promisillet
1069 1749 1276 1817 versariorum
1292 1743 1410 1810 sonsum
1427 1795 1436 1825 ,
1454 1745 1490 1840 dt
1509 1745 1675 1814 manisello
1693 1749 1724 1814 le
1743 1768 1839 1827 erpo·

268 1839 510 1914 srmeminillet,
526 1838 571 1902 sed
593 1835 630 1899 ad
648 1836 676 1898 id
685 1835 762 1913 qnod
775 1830 928 1910 promisit.
947 1831 1033 1908 Qua·
1069 1847 1155 1894 neret
1177 1829 1309 1904 periculo
1326 1826 1469 1905 peccandi
1489 1874 1498 1903 ,
1525 1848 1561 1894 ac
1581 1828 1650 1914 ideo
1667 1829 1769 1894 cibum
1791 1827 1806 1892 s
1823 1859 1839 1878 -

269 1939 304 1984 re
322 1925 397 1997 quia
415 1922 556 1986 absolute
573 1915 705 1994 promisit
732 1914 760 1976 le
781 1935 798 1978 a
823 1913 963 1976 carnibus
984 1911 1033 1976 ab·
1068 1909 1179 1994 mendo
1196 1908 1244 1970 vel
1267 1923 1375 1995 potum
1396 1925 1536 1982 peccaret
1561 1905 1692 1983 relpediu
1714 1910 1837 1984 ieiunii,

272 2000 384 2064 llinere
403 2005 488 2065 omni
516 1996 595 2062 seria
613 1999 643 2057 6.
663 1995 711 2058 vel
731 1993 888 2068 Sabbato,
908 2008 1033 2056 tenerur
1070 1990 1118 2053 vel
1128 1990 1265 2065 lequenti
1287 1984 1372 2049 diele
1389 1988 1659 2052 communicando.
1688 1987 1766 2061 ltetn
1785 1985 1839 2052 ubi

270 2083 301 2142 le
318 2079 481 2144 abstinere.
509 2094 536 2157 3.
558 2075 703 2138 Tenetur
729 2077 801 2150 quia
829 2075 861 2134 in
881 2071 940 2134 hoc
958 2089 1034 2134 voro
1069 2071 1194 2136 unicum
1214 2065 1256 2128 cll
1273 2065 1482 2144 horologium,
1503 2068 1627 2131 audiens
1644 2067 1716 2131 dum
1728 2085 1837 2132 coenat

269 2158 395 2222 nonest
415 2180 502 2224 error
519 2163 550 2222 in
566 2151 783 2220 substantiarei
801 2152 948 2228 promill'ae
962 2199 970 2224 ,
986 2148 1034 2214 sed
1070 2144 1168 2226 pulsus
1186 2146 1331 2225 horologii
1354 2142 1540 2220 designantir
1560 2146 1688 2211 mediam
1710 2146 1838 2224 nollem,

268 2239 304 2300 in
328 2237 557 2303 circumstantia
581 2237 679 2298 etiam
701 2230 870 2296 extrinseca
892 2227 1034 2294 occursus
1069 2227 1190 2304 quando
1210 2221 1308 2292 forsan
1339 2226 1371 2286 in
1392 2224 1470 2290 Solis
1499 2223 1606 2292 occasu
1634 2248 1696 2292 non
1726 2227 1838 2294 viderit

270 2316 396 2381 Natalis
411 2317 555 2391 Domini,-
571 2313 652 2376 unde
668 2312 877 2376 valetvotum
889 2357 898 2386 ,
912 2329 1034 2374 nccvo·
1071 2308 1261 2385 horologium
1281 2305 1415 2370 multum
1436 2307 1632 2384 anticipare,
1653 2323 1725 2384 pura
1746 2328 1840 2372 unam

272 2415 400 2460 ventem
418 2397 572 2461 ullatenus
585 2390 743 2464 deoblitat
763 2411 847 2454 error
868 2392 901 2451 in
917 2389 1035 2452 hacev·
1071 2387 1122 2450 vel
1148 2388 1278 2450 mediam
1300 2387 1405 2450 horam
1422 2433 1440 2462 „
1456 2402 1579 2450 tenerur
1606 2383 1708 2451 llatim
1732 2406 1750 2449 a
1772 2385 1840 2451 cibo

271 2472 409 2540 trinseca
424 2473 654 2540 circumstantia
674 2469 944 2543 draccidcntariar,⁸
964 2489 1036 2532 cum
1071 2466 1106 2533 dt
1121 2483 1196 2543 potu
1215 2463 1367 2541 desistere,
1388 2463 1408 2527 fi
1429 2464 1491 2528 dics
1511 2463 1640 2529 crallina
1658 2465 1693 2530 srt
1711 2469 1844 2543 ieiunii,

270 2553 308 2617 ad
323 2555 557 2634 deobligandum
580 2553 750 2628 requiratur
776 2569 861 2614 ettor
879 2551 912 2612 in
932 2549 1036 2620 aliquo
1072 2547 1122 2611 vel
1140 2546 1168 2610 se
1188 2547 1414 2610 communicate
1431 2546 1509 2610 velit
1529 2571 1540 2608 .·
1572 2546 1650 2610 aliar
1677 2567 1750 2612 cum
1766 2549 1842 2611 ieiu-

272 2633 459 2700 substantiali
479 2633 514 2700 ἃ
531 2627 696 2696 intrinseco
711 2627 762 2704 ipsi
783 2645 876 2693 voto.
903 2627 953 2692 lta
970 2626 1035 2706 Syl·
1072 2632 1158 2690 nium
1186 2628 1314 2706 incipiat
1346 2645 1363 2689 a
1390 2621 1501 2702 pundo
1525 2624 1631 2691 mediae
1656 2626 1777 2702 notris,
1804 2627 1840 2692 dc

270 2709 390 2791 veller,
405 2715 532 2792 suarez,
551 2714 679 2793 Styrus,
696 2707 730 2776 ἀ
743 2731 813 2774 eum
826 2707 1035 2785 iplisSabuan·
1071 2707 1173 2787 regula
1191 2727 1226 2770 ac
1249 2706 1363 2785 lignum
1389 2705 1476 2768 huius
1508 2704 1606 2782 punsli
1635 2705 1692 2770 sint
1718 2707 1842 2771 horolo-

271 2791 418 2858 aicenses.
1090 2793 1149 2864 ia,
1183 2786 1233 2850 ubi
1256 2784 1486 2873 haechabentut
1509 2833 1518 2860 ,
1544 2784 1646 2862 fipoll
1661 2787 1766 2850 datum
1784 2786 1841 2850 hoc

685 2925 692 2938 ,
1071 2809 1188 2946 signum
1203 2865 1243 2931 ab
1260 2865 1420 2943 horologio
1435 2866 1542 2930 mediae
1566 2865 1661 2929 notlis
1682 2866 1766 2930 licite
1790 2887 1842 2931 co·

588 2962 618 3022 ς.
658 2951 715 3020 xl.
1070 2945 1149 3013 medi
1164 2944 1292 3041 pollet,
1326 2948 1492 3023 incoeptam
1516 2949 1843 3041 coenamcontinuan·

295 3076 339 3137 pe
360 3073 430 3137 rm
448 3093 507 3155 ,a
526 3069 632 3165 rici-pp
643 3122 651 3151 ,
669 3068 710 3163 p
725 3071 882 3153 cmm
902 3064 1008 3135 verm
1071 3024 1843 3183 fffifg‘feffileffissgssggdfflgffinssgg

576 3152 723 3235 mmm·
1015 3260 1034 3277 ..
1062 3154 1553 3262 ·elletetiamdierdarnir,s1ne
1571 3186 1662 3264 culpa
1682 3209 1690 3250 ε
1713 3183 1762 3249 sed
1785 3186 1841 3252 hot

311 3264 378 3331 lam
402 3264 597 3335 transeunter
626 3289 721 3334 antea
752 3270 911 3347 attigimus
929 3266 1035 3331 ieiunu
1072 3266 1181 3334 salsum
1202 3266 1275 3343 esi,
1308 3269 1400 3347 igitur
1429 3265 1504 3330 dato
1533 3263 1614 3345 signo
1640 3286 1692 3341 pet
1718 3266 1842 3333 horolo-

271 3344 462 3413 ecclesraslicl
482 3346 703 3425 obligationem
731 3353 863 3426 incipere
890 3342 1037 3422 apundlo
1071 3356 1154 3429 glum
1180 3346 1289 3411 mediae
1311 3344 1406 3413 nodlis
1428 3390 1437 3422 ,
1459 3346 1578 3422 quando
1604 3366 1666 3409 non
1688 3344 1841 3413 habeatur

270 3427 383 3491 mediet
399 3422 497 3489 nostis
517 3426 577 3491 diei
591 3428 827 3505 antecedentis,
842 3424 1037 3497 &linireeo
1070 3445 1157 3494 certa
1171 3428 1309 3507 cognitio
1338 3424 1431 3490 bocst
1453 3446 1525 3489 ntem
1546 3444 1650 3492 errare
1671 3429 1842 3503 anticipan-

269 3504 341 3569 dem
357 3502 466 3581 puntlo
481 3507 591 3573 mediae
608 3508 701 3571 nollia
717 3505 974 3597 sequentiuouia
990 3512 1036 3575 iu·
1071 3509 1113 3573 do
1137 3507 1352 3573 indicationem
1376 3448 1485 3571 medie
1516 3504 1612 3569 nostis
1635 3552 1645 3583 ,
1672 3526 1735 3570 non
1765 3507 1839 3571 licet

269 3584 379 3651 bemm
392 3580 556 3649 observare
574 3588 721 3650 ieiunium
738 3584 1038 3662 ecclesallrcumpro
1072 3586 1209 3666 progredi
1229 3585 1446 3661 comeslionem
1466 3634 1476 3663 ,
1495 3605 1619 3649 roenam
1638 3583 1840 3665 perficiendo,

269 3665 393 3743 integro
407 3660 477 3736 die,
495 3666 547 3739 qui
563 3666 671 3743 incipit
688 3664 726 3727 ab
743 3685 805 3729 nna
820 3665 919 3728 media
936 3668 1039 3748 notre,
1072 3664 1135 3731 stne
1154 3666 1243 3745 culpa
1257 3682 1366 3731 contra
1387 3669 1536 3729 ieiunium
1553 3710 1562 3741 ,
1583 3666 1615 3729 ἀ
1636 3663 1698 3730 line
1716 3667 1839 3741 impedi-

270 3742 306 3809 &
336 3744 485 3807 tenninat
511 3742 551 3809 ad
573 3744 666 3810 aliam
689 3744 820 3809 mediam
843 3742 960 3809 nossem
992 3746 1036 3813 se·
1072 3764 1180 3811 memo
1199 3748 1237 3811 ad
1253 3744 1411 3811 craslinrm
1426 3749 1696 3822 communionem,·
1710 3745 1840 3822 ideoque

269 3839 434 3899 quentem.
1072 3824 1209 3891 similiter
1222 3824 1383 3892 dicendum
1401 3823 1450 3887 ubi
1470 3824 1582 3889 dentur
1609 3825 1696 3899 plura
1716 3825 1841 3889 horolo-

313 3902 494 3967 Notandum
524 3918 630 3969 tamen
652 3904 732 3981 quod
753 3902 802 3968 ubi
826 3923 888 3967 non
909 3904 1038 3971 habetur
1072 3910 1121 3989 gia
1161 3926 1287 3983 quorum
1303 3926 1398 3970 unum
1419 3907 1499 3981 prius
1517 3905 1617 3969 altero
1636 3902 1841 3984 defignetl'uir

269 3978 462 4071 horologium
495 3982 604 4047 mediat
634 3982 729 4048 nostis
758 3985 881 4047 initium
908 3980 944 4049 dt
969 3986 1037 4051 hnic
1074 3955 1202 4064 pulsibus
1230 3986 1359 4051 mediam
1392 3982 1539 4061 nossem,
1575 3984 1698 4061 quando
1726 3984 1842 4050 scilicet

270 4062 331 4125 drei
356 4064 461 4126 ieiunii
489 4082 553 4127 non
577 4063 678 4141 potcll
710 4066 881 4140 computari
917 4068 1038 4131 matbe-
1073 4087 1135 4131 non
1159 4064 1299 4144 sttppetat
1319 4069 1422 4146 gravit
1447 4066 1530 4129 ratio
1555 4063 1707 4129 iudicandi
1736 4063 1843 4141 proba·

267 4142 415 4219 marite,
436 4140 485 4207 sed
503 4143 660 4209 moraliter
680 4146 769 4208 iuxta
789 4165 981 4209 communem
996 4168 1037 4211 ε·
1071 4146 1163 4211 bilius
1190 4146 1247 4209 hoc
1266 4165 1369 4211 errare
1478 4147 1757 4223 anticipationem,
1787 4142 1841 4221 ipsa

269 4218 478 4311 slima'tionem
495 4221 701 4289 habitantium
720 4227 751 4287 in
768 4223 863 4302 loco,
888 4244 928 4289 ne
947 4226 1038 4291 detur
1072 4224 1209 4291 standum
1225 4222 1267 4289 est
1285 4226 1384 4290 cellen
1449 4242 1471 4287 a
1489 4224 1673 4289 comestione
1691 4270 1700 4299 ,
1727 4220 1748 4284 st
1766 4242 1840 4302 aga·

268 4302 386 4365 oceaho
403 4304 572 4367 innumeria
587 4302 735 4383 scrupulis
754 4350 764 4382 ,
782 4325 852 4367 cum
872 4304 1039 4370 mathema·
1072 4322 1127 4371 tur
1146 4304 1184 4371 de
1199 4306 1334 4382 ieiunio,
1351 4302 1386 4371 dr
1402 4305 1497 4368 ctiam
1517 4328 1533 4373 a
1553 4322 1628 4379 potu
1648 4351 1657 4380 ,
1684 4301 1705 4365 st
1727 4306 1759 4365 in
1773 4322 1842 4368 cra·

268 4382 334 4445 rica
357 4384 549 4456 computatio
575 4383 684 4451 mediae
712 4382 807 4448 noslis
827 4402 845 4447 a
862 4389 963 4459 prucis
983 4387 1036 4453 vel
1072 4384 1184 4447 llintun
1200 4382 1337 4449 sarienda
1353 4382 1390 4448 stt
1406 4388 1597 4459 communio;
1617 4383 1690 4445 alias
1706 4380 1842 4447 oonstoe

269 4482 290 4523 a
306 4458 393 4524 nullo
409 4459 471 4525 line
487 4460 647 4541 horologio
664 4462 818 4529 artificiali
836 4510 847 4541 ,
864 4464 916 4527 vel
933 4470 1039 4545 cogni·
1072 4467 1158 4545 gravi
1174 4462 1266 4527 dubio
1283 4466 1348 4541 quir
1369 4467 1400 4527 in
1415 4463 1473 4528 tali
1489 4460 1559 4527 castr
1576 4464 1748 4529 comederet
1767 4508 1779 4539 ,
1807 4478 1844 4529 ae

269 4542 357 4633 aione
383 4536 566 4619 slcllarum,
594 4562 662 4619 quae
687 4543 791 4620 polum
816 4562 926 4623 gyrant
954 4548 1037 4610 inter
1072 4543 1201 4687 ffiolnde
1217 4564 1277 4607 non
1294 4542 1356 4607 srne
1370 4544 1482 4622 culpa,
1498 4542 1532 4609 dt
1548 4542 1844 4619 impedimentum·

269 4618 401 4697 spatium
419 4638 469 4699 ²4·
489 4618 653 4699 horarum,
669 4620 773 4687 haberi
793 4643 942 4699 nequeat.
977 4624 1037 4689 Ubi
1099 4626 1157 4687 ‘nae
1174 4626 1415 4687 communionis.

270 4718 349 4763 veto
370 4696 500 4763 habetur
529 4699 719 4781 horologium
752 4702 794 4767 ibi
821 4703 1039 4771 mathematice
1115 4704 1183 4769 Nec
1204 4702 1357 4767 ullatenus
1382 4700 1566 4781 suffragatur
1590 4703 1698 4782 regula
1713 4704 1789 4767 iuria
1804 4702 1843 4766 dc

269 4776 411 4851 slandum
430 4776 489 4844 cll.
513 4778 548 4845 lo
566 4782 623 4847 hoc
638 4801 742 4848 tanen
757 4782 962 4853 variaesolent
978 4789 1039 4865 agi·
1072 4785 1194 4848 meliori
1209 4783 1387 4849 conditione
1407 4782 1582 4857 possidentia
1622 4800 1659 4848 ut
1678 4802 1717 4847 er
1729 4802 1771 4847 ea
1780 4800 1844 4847 tm·

270 4860 332 4923 rari
362 4856 559 4925 difficultates
586 4864 670 4926 inter
697 4856 867 4941 Dossorer,
891 4864 1038 4931 videlicet
1074 4884 1151 4929 nant
1180 4859 1218 4928 stt
1249 4864 1283 4924 in
1303 4860 1477 4939 possessione
1492 4828 1671 4928 conesendi
1689 4866 1720 4925 in
1740 4864 1843 4925 incer·

270 4961 312 5005 en
326 4936 468 5005 dubitans
496 4960 568 5005 num
590 4940 665 5006 hora
688 4942 796 5007 mdia
815 4940 910 5009 nollit
933 4945 1040 5010 attdita
1075 4947 1239 5021 titudine,
1263 4938 1337 5007 idest
1364 4944 1396 5005 in
1411 4942 1502 5009 dubio
1528 4944 1565 5009 de
1592 4936 1719 5019 persedla
1739 4940 1843 5007 media

271 5016 330 5095 sit,
347 5018 398 5083 vel
412 5016 449 5083 stt
470 5020 569 5085 media
589 5041 674 5099 nott,
695 5018 783 5099 posl'rt
798 5022 983 5105 comedere,
1003 5042 1038 5090 ut
1073 5024 1183 5099 nodie,
1203 5020 1236 5089 dc
1258 5021 1345 5087 iuxta
1365 5022 1505 5089 eamdem
1522 5022 1655 5101 regulam
1679 5023 1763 5086 licite
1779 5038 1845 5087 coe·

269 5099 468 5177 cranam&
489 5120 529 5164 an
548 5103 582 5165 in
602 5102 697 5173 locir,
713 5100 762 5169 nbi
779 5106 904 5169 unicum
918 5103 962 5171 cll
979 5104 1037 5175 bo·
1074 5126 1148 5171 nam
1161 5102 1305 5185 perficere
1322 5102 1419 5187 posset
1438 5101 1673 5247 ’FsUia'muh
1690 5102 1845 5187 iurirrne·

351 5176 442 5263 lassi.
459 5178 558 5247 Theos.
580 5184 688 5255 Mores.
709 5180 801 5251 Tom.
820 5180 873 5248 Ill.
1536 5196 1552 5263 3
1755 5182 1811 5247 lror
1830 5230 1838 5255 ,
