4425 6000
560 522 765 600 Tns‘cr.
790 547 854 599 nr.
883 523 1214 602 consitor.
1240 528 1359 600 Car.
1388 527 1525 602 xvsls.
1709 535 1781 629 285

275 628 378 698 locum
393 625 542 704 haercdis,
562 624 682 692 nonest
703 643 807 690 tamen
828 643 900 689 vere
916 623 1037 701 haeres,
1071 624 1118 690 sed
1138 623 1209 690 satis
1223 621 1266 689 ess
1289 644 1325 689 ut
1342 624 1444 704 dicat,
1464 630 1495 689 in
1518 625 1571 690 illa
1591 625 1761 710 scriptura,
1777 630 1829 695 seu

275 730 376 789 neque
395 712 427 772 in
443 708 550 772 omnia
577 703 741 770 universim
769 705 847 769 bona
878 701 1037 779 succedit,
1071 703 1274 770 instrumento
1287 705 1391 771 oblato
1406 706 1551 770 ultimam
1573 705 1658 772 suam
1683 711 1831 775 volunta·

275 790 378 855 sedin
405 808 443 851 ea
469 804 592 850 tanturn
621 807 688 861 quie
718 785 845 849 tellator
873 784 942 847 dare
974 803 1035 845 non
1072 803 1136 849 tem
1151 786 1322 862 contineri,
1343 784 1428 850 sicuti
1455 790 1551 849 etiam
1572 805 1633 850 nori
1660 789 1830 868 requiritur

275 870 468 948 prohibetur,
488 888 559 930 cum
576 881 662 929 certa
682 863 763 929 bona
792 863 957 929 haeredlbus
984 861 1036 924 de·
1071 881 1107 927 ut
1127 863 1239 929 offerat
1258 866 1389 941 Principi
1414 869 1618 945 immediate,
1645 866 1700 932 sed·
1719 868 1831 934 sufficit

273 952 421 1024 beantur,
447 947 572 1021 ideoque
597 947 627 1006 in
653 946 747 1007 alium
776 944 840 1010 haec
870 942 1035 1007 transferre
1071 944 1144 1006 illud
1160 941 1271 1009 offerre
1296 944 1518 1020 Cancellariae,
1539 945 1591 1011 seu
1614 951 1760 1028 Principis
1779 949 1831 1010 Se·

273 1031 379 1108 nequit
397 1026 545 1091 cessator.
568 1022 656 1088 Unde
673 1027 704 1087 in
718 1023 824 1088 Gallia
845 1019 973 1101 rigorose
990 1020 1035 1083 lo·
1069 1028 1228 1102 cretario,
1258 1025 1307 1089 vel
1332 1024 1536 1088 Consiliario.
1572 1026 1694 1106 Insuper
1721 1027 1830 1094 Testa·

274 1108 397 1190 quendo
413 1104 595 1172 testamenta
617 1124 678 1167 non
708 1101 777 1169 sunt
798 1101 850 1165 nisi
879 1099 1035 1173 codicilli,
1069 1119 1208 1166 mentum
1229 1104 1265 1167 ad
1284 1101 1347 1168 adia
1371 1104 1473 1167 iudicis
1498 1105 1665 1187 traditum,
1689 1108 1768 1186 quod
1783 1108 1830 1170 di-

272 1210 344 1254 cum
366 1190 396 1249 in
417 1188 461 1249 his
483 1181 557 1248 desit
586 1182 739 1247 inllitutio
765 1182 910 1258 haeredis,
931 1180 966 1243 ad
987 1196 1034 1242 te·
1068 1188 1150 1243 cirur
1170 1184 1335 1261 iudiciale,
1362 1185 1483 1259 quando
1506 1206 1614 1265 nempe
1634 1185 1760 1253 teslator
1780 1186 1832 1250 de·

273 1267 458 1334 ilementum
479 1264 601 1337 utquid
620 1262 671 1338 ipsi
688 1262 848 1327 essentiale
869 1258 1035 1338 requisita,
1068 1260 1166 1323 clarat
1184 1261 1265 1325 suam
1280 1264 1421 1328 ultimam
1438 1264 1632 1329 volontatem
1648 1269 1699 1332 vel
1718 1269 1831 1334 inscri-

273 1354 326 1412 ita
354 1365 390 1411 ut
419 1344 486 1408 alibi
518 1344 632 1406 nullum
660 1342 877 1406 testamentum
912 1334 1033 1405 tametsi
1070 1358 1185 1419 ptura,
1209 1344 1259 1406 vel
1284 1361 1429 1407 oretenus
1452 1364 1555 1406 coram
1578 1346 1727 1411 lodicibus
1748 1396 1757 1423 ,
1777 1345 1829 1413 vel

271 1426 499 1506 privilegiatum
515 1424 641 1498 valeat,
662 1422 711 1485 vel
733 1420 866 1487 subsistat
884 1418 945 1483 sine
960 1418 1034 1480 dire·
1068 1439 1173 1483 eorum
1189 1423 1237 1486 De
1260 1425 1375 1499 utatis,
1395 1423 1429 1487 dt
1444 1422 1519 1485 illud
1535 1428 1578 1488 eis
1593 1425 1702 1503 offert,
1723 1444 1759 1491 ut
1776 1448 1831 1491 eo·

271 1505 323 1571 &a
343 1504 469 1569 heredis
494 1502 687 1566 institutione
707 1550 715 1575 ,
737 1501 771 1566 ἀ
797 1500 840 1564 ess
864 1500 1034 1566 communis
1070 1521 1136 1563 rum
1152 1500 1212 1566 fide
1242 1503 1392 1575 ulciatur,
1418 1522 1453 1566 ac
1480 1503 1661 1584 valeat,ex
1679 1507 1727 1572 tit.
1753 1512 1828 1588 Leg.

273 1585 352 1664 apud
372 1582 517 1648 Doslorcs
534 1601 573 1645 ex
591 1588 617 1645 i.
635 1594 721 1645 antea
740 1580 852 1645 haercd.
873 1597 920 1659 34.
937 1577 1031 1659 instit.
1070 1597 1117 1658 ip.
1134 1580 1212 1647 Haec
1239 1582 1300 1645 duo
1324 1580 1471 1658 postrema
1492 1581 1761 1650 Testamentorum
1799 1607 1830 1650 e-

271 1666 311 1729 de
330 1667 414 1744 legat.
1013 1739 1018 1751 Ι
1070 1681 1142 1725 nera
1159 1663 1237 1726 dista
1257 1661 1327 1724 sunt
1343 1659 1462 1737 publica
1482 1662 1520 1726 ad
1535 1661 1740 1733 differentiam
1760 1608 1831 1729 isso·

217 1780 225 1801 .
271 1797 276 1804 .
315 1740 792 1808 Testamentumsecundumius
810 1742 1034 1816 antiquiimtri·
1068 1762 1220 1818 rumquae
1239 1744 1361 1817 privita
1379 1758 1549 1806 vocantur.

217 1827 255 1866 ¹⁰
275 1824 345 1902 pleri
373 1839 470 1901 erat,
507 1842 603 1888 unum
640 1821 718 1897 quod
747 1820 864 1885 Kalaris
901 1820 1033 1886 comitiis
1110 1820 1348 1885 Testamentum
1370 1818 1532 1897 solemne,
1555 1823 1634 1899 quod
1651 1823 1829 1893 dicituret·

217 1893 245 1987 f·
274 1900 516 1979 conficiebatur,
538 1900 610 1965 idell
636 1920 740 1964 coram
760 1896 904 1965 universo
923 1899 1034 1978 Populo
1069 1902 1131 1963 iam
1158 1904 1340 1975 privatum,
1365 1899 1515 1967 dividitur
1546 1905 1577 1964 in
1605 1902 1748 1980 scriptum
1779 1905 1830 1971 seo

217 2003 255 2057 r..
270 1987 305 2046 in
325 1985 452 2047 comitia
473 1998 669 2054 convocato,
689 2001 757 2055 quae
789 1983 917 2044 comitia
936 1976 1033 2042 solum
1067 1977 1223 2057 clausum,
1244 1980 1277 2045 ἃ
1297 1984 1541 2055 nuncupativum
1562 1981 1615 2048 seu
1640 2003 1780 2060 apertum
1799 1992 1829 2050 s.

271 2062 538 2143 congregabantur
565 2079 618 2135 pro
649 2057 837 2123 testamentis
868 2058 1032 2124 conficien·
1063 2058 1194 2138 sedbaec
1212 2079 1258 2122 ro.
1283 2058 1374 2140 Iustis.
1391 2060 1427 2123 de
1446 2061 1553 2138 tesiam.
1578 2062 1733 2128 ordinand.
1762 2065 1828 2127 Te-

221 2163 231 2181 ·
269 2143 316 2206 dis
335 2191 343 2218 ,
364 2141 397 2206 dt
417 2140 628 2205 Sacerdotibus
648 2139 806 2215 creandis,
823 2138 857 2202 ὃ(
884 2157 959 2204 tunc
987 2136 1032 2199 di·
1069 2138 1252 2204 siamentum
1274 2137 1405 2204 solemne
1435 2138 1600 2221 scriptum,
1623 2145 1734 2222 (quod,
1760 2144 1829 2209 ideo

270 2220 420 2286 rebantur
441 2221 523 2283 sacra
543 2216 749 2292 pontificalia.
772 2218 883 2283 Kalata
904 2237 982 2283 vero
996 2216 1033 2280 ab
1067 2220 1165 2282 etiam
1188 2216 1320 2284 clausum
1341 2221 1433 2298 vulgo
1455 2222 1649 2300 appellatur,
1673 2228 1743 2301 quia
1768 2225 1829 2301 ple·

272 2306 401 2375 antiquo
429 2298 523 2362 verbo
545 2299 632 2377 salo,
654 2295 704 2361 seu
726 2318 799 2363 voco
826 2298 1031 2361 derivantur.
1068 2318 1195 2375 rumque
1211 2298 1339 2364 testator
1356 2300 1532 2364 lacerevtilt
1551 2302 1717 2367 Notarium
1731 2301 1828 2372 dcte·

269 2381 412 2445 Alterum
428 2377 583 2442 dicebatur
606 2380 637 2439 in
663 2380 832 2454 procintu,
854 2376 925 2440 idest
945 2398 962 2440 a
985 2379 1032 2439 vi·
1068 2377 1128 2440 lies
1146 2382 1246 2455 quiin
1265 2399 1303 2442 eo
1318 2385 1520 2445 continentur
1537 2380 1550 2458 )
1568 2381 1647 2458 quod
1662 2383 1699 2447 sit
1715 2385 1747 2448 in
1759 2381 1827 2447 scri·

270 2465 310 2523 ris
331 2464 361 2520 in
380 2459 517 2534 praelium
543 2460 654 2520 ituris.
678 2455 823 2521 Tertium
853 2477 905 2532 per
931 2477 973 2520 aes
998 2456 1030 2520 dt
1069 2473 1190 2533 proram
1210 2457 1363 2523 redadsum
1380 2456 1590 2539 subscriptum,
1610 2460 1662 2525 seu
1677 2462 1829 2542 signatum

270 2537 377 2601 libram
392 2544 417 2603 s.
439 2558 464 2600 r.
487 2537 583 2617 Iuliis.
603 2536 634 2599 b.
652 2549 674 2600 r.
704 2538 784 2612 quod
806 2534 898 2599 fiebat
928 2556 1033 2599 coram
1068 2542 1183 2600 notaris
1203 2539 1287 2615 loco,
1309 2539 1342 2604 ἃ
1358 2554 1512 2618 tempore,
1532 2562 1568 2605 ac
1588 2538 1712 2607 servata
1728 2540 1829 2607 forma

271 2620 406 2694 quinque
422 2614 545 2680 restibus
570 2613 759 2681 &adhibito
786 2614 951 2694 libripende
970 2615 1032 2679 sive
1069 2619 1141 2679 ioris
1167 2616 1364 2696 praescripta,
1393 2619 1466 2682 alias
1491 2620 1609 2683 nullum
1632 2622 1726 2699 esset,
1752 2621 1827 2701 Leg.

219 2761 223 2770 ,
270 2717 323 2771 per
338 2717 381 2762 aes
401 2696 435 2762 ἃ
455 2698 565 2760 libram
586 2695 620 2759 dt
637 2694 762 2759 samiliae
781 2715 923 2772 emptore
945 2694 1032 2773 perfi-
1066 2696 1118 2759 bac
1137 2694 1335 2776 consulsiffima
1350 2718 1398 2762 21.
1416 2699 1475 2762 rod
1493 2700 1655 2779 detestans.
1673 2699 1715 2765 est
1733 2702 1825 2779 illud,

264 2776 407 2842 'tiebatiir
424 2776 481 2839 illo
501 2794 625 2843 omnmo
649 2796 750 2852 orreo,
771 2775 884 2851 illoque
910 2792 1032 2838 emente
1067 2776 1145 2851 quod
1161 2776 1222 2852 ipse
1238 2777 1368 2841 testator
1387 2798 1490 2842 coram
1507 2779 1631 2842 testibus
1641 2782 1755 2844 idoneis
1774 2782 1827 2843 de·

271 2855 481 2922 haereditatem
506 2853 582 2917 bisce
607 2854 735 2920 verbis:
758 2858 843 2918 lianc
869 2875 916 2944 ego
938 2851 1032 2933 sirmi·
1067 2857 1163 2917 clarat
1180 2853 1261 2917 suam
1276 2856 1336 2919 esse
1352 2856 1492 2920 ultimam
1502 2859 1713 2931 voluntatem,
1728 2860 1828 2924 suuni·

266 2936 361 3012 siam,
381 2934 481 3014 (idest
504 2933 826 3013 haereditatemque
847 2932 922 2998 misi·
936 2946 1032 3013 empta
1067 2954 1125 3011 que
1147 2932 1365 3000 testamentum
1381 2985 1390 3015 ,
1409 2936 1512 3014 quod,
1538 2935 1558 2998 si
1580 2938 1689 3016 possit,
1703 2938 1827 3005 subscri·

266 3013 318 3080 bot
333 3036 409 3094 aere,
428 3035 562 3096 aenraque
581 3014 655 3078 libra
673 3017 737 3079 i'urc
754 3016 907 3099 Quiritum
937 3035 1032 3078 meam
1067 3015 1137 3077 bere
1158 3032 1300 3094 tenetur,
1318 3016 1363 3079 sm
1380 3035 1486 3083 autem
1500 3017 1537 3080 ab
1555 3019 1614 3083 alia
1629 3017 1736 3085 oslava
1757 3041 1826 3094 per·

268 3095 320 3175 esse
340 3096 402 3158 aio.
425 3097 540 3161 Verum
561 3096 617 3161 hoc
640 3097 752 3170 triplex
782 3097 959 3162 testamenti
980 3115 1029 3174 ge·
1067 3095 1138 3160 sona
1156 3099 1277 3159 nomine
1294 3095 1447 3161 reslatoris
1464 3094 1604 3160 subscribi
1620 3097 1728 3178 debet,
1742 3099 1826 3165 &sic

266 3195 324 3240 uos
346 3179 377 3241 iu
400 3173 628 3240 desuetudinem
658 3175 733 3240 abiit
755 3227 765 3255 ‚
790 3193 900 3253 utpote
927 3177 1030 3238 multis
1067 3171 1227 3239 successive
1243 3172 1347 3240 eodem
1364 3196 1500 3253 tempore
1520 3175 1698 3243 subscribere
1713 3179 1826 3243 debent

263 3258 464 3320 incommodis
484 3258 668 3335 obnoxium,
691 3253 725 3321 dt
754 3259 837 3322 aliud
859 3255 1029 3320 celebraba-
1064 3254 1135 3317 dissi
1153 3254 1262 3332 telles,
1282 3276 1316 3319 ac
1333 3256 1408 3321 illud
1424 3257 1472 3321 ves
1493 3260 1630 3335 proprio,
1653 3252 1826 3323 velalieno

267 3353 318 3399 tur
344 3339 530 3414 imaginariis
559 3335 760 3413 emptionibus
779 3387 787 3415 ,
807 3337 888 3400 unde
914 3353 1030 3412 praetor
1064 3333 1160 3412 sigillo
1175 3333 1281 3412 finguli
1297 3333 1442 3414 sigillare,
1456 3334 1496 3400 sic
1511 3356 1552 3400 ex
1574 3341 1627 3402 cit.
1644 3343 1713 3419 Leg.
1732 3346 1758 3406 s.
1770 3337 1828 3418 sed

259 3417 300 3477 iii
319 3414 408 3479 huius
424 3417 525 3480 locum
542 3417 624 3480 aliud
640 3418 837 3487 introducere
851 3418 1028 3502 coepitcon-
1064 3435 1132 3480 rum
1159 3414 1333 3494 paulatim,
1361 3415 1395 3482 dt
1419 3416 1500 3494 seqq.
1523 3415 1757 3483 Testamentum
1776 3416 1826 3484 so-

264 3492 363 3558 ditum
378 3516 483 3560 coram
501 3496 614 3571 septem
640 3495 761 3560 testibus
781 3545 791 3573 ‚
809 3495 848 3559 ab
867 3496 1029 3571 iisdemque
1064 3499 1163 3559 lemae
1191 3499 1434 3574 nuncupativum
1458 3496 1534 3560 illud
1555 3496 1627 3574 est,
1655 3499 1733 3574 quod
1762 3496 1825 3562 sine

264 3571 415 3650 signatum
436 3583 463 3640 s.
485 3576 707 3654 i.1nstir.h.r.
1063 3572 1242 3653 scriptura,
1270 3598 1306 3639 ac
1330 3580 1427 3639 etiam
1446 3573 1509 3638 sine
1533 3572 1767 3654 subscriptione,
1788 3577 1825 3642 ἀ

217 3688 227 3723 ι
304 3654 477 3719 Secundum
497 3675 572 3718 vero
592 3658 638 3717 ios
656 3673 773 3718 novum
794 3652 1027 3718 Testamentum
1064 3652 1286 3732 subsignatione
1304 3654 1428 3718 testium
1447 3652 1503 3729 fit,
1522 3675 1593 3716 cum
1617 3654 1747 3720 testator
1768 3677 1823 3720 co·

217 3765 222 3777 ·
265 3732 415 3796 dividitur
435 3738 466 3797 in
487 3733 617 3798 solemne
639 3734 673 3798 δι
705 3754 766 3797 non
793 3731 925 3797 solenne
951 3731 1027 3807 ,seu
1062 3753 1130 3796 ram
1153 3732 1302 3806 requisitis
1331 3732 1455 3796 testibus
1486 3733 1603 3797 idoneis
1640 3754 1702 3798 una
1734 3734 1820 3798 simul

262 3816 513 3890 privilegiatum.
539 3809 771 3876 Testamentum
788 3811 919 3876 solemne
934 3809 976 3874 ess
993 3810 1027 3871 il·
1062 3807 1281 3889 praesentibus,
1302 3816 1351 3888 qui
1372 3809 1467 3888 ipsum
1487 3812 1668 3877 testatorem
1677 3814 1822 3891 videant,

217 3900 222 3974 ἶ
266 3893 339 3967 lud,
362 3893 442 3968 quod
458 3892 550 3956 babet
575 3913 678 3957 omnes
702 3892 906 3956 solemnitates
929 3892 1038 3954 alure'
1060 3891 1095 3956 ἀ
1112 3893 1255 3968 audiant,
1273 3910 1420 3957 oretenus
1447 3893 1644 3956 volontatem
1670 3894 1756 3958 suam
1777 3895 1823 3958 lo·

217 3970 450 4049 i.·requi'sitas,
470 3972 507 4036 de
533 3972 640 4048 quibus
668 3969 771 4037 insta:
802 3992 866 4036 oon
894 3970 1027 4035 solenne
1079 3970 1182 4035 nendo
1221 3972 1273 4038 vel
1291 3971 1416 4051 legendo
1431 3970 1565 4036 declarat
1582 3974 1650 4048 quid
1670 3975 1708 4037 de
1733 3975 1821 4039 bonis

263 4073 362 4128 vero,
384 4049 437 4117 seu
455 4053 684 4132 privilegiatum
705 4051 780 4115 illud
802 4051 870 4131 esl,
892 4051 970 4128 qood
989 4050 1026 4111 li·
1060 3993 1119 4114 suis
1141 4018 1204 4127 poss
1223 4055 1286 4117 eius
1307 4068 1437 4116 mortem
1457 4051 1523 4114 sieri
1545 4052 1644 4129 velit,
1667 4075 1702 4118 ac
1722 4054 1821 4119 lirare·

263 4152 315 4199 cet
335 4149 440 4196 careat
461 4131 707 4200 solemnitatibus
725 4132 800 4195 alias
816 4133 857 4195 de·
870 4136 1026 4195 iurecoin·
1060 4131 1129 4194 dem
1150 4151 1292 4196 oretenus
1309 4134 1467 4211 nominat,
1483 4127 1535 4194 seu
1550 4151 1706 4211 nuncupat
1728 4140 1754 4200 s.
1762 4132 1823 4276 Acis

262 4214 348 4278 muni
366 4211 532 4290 requisitis,
551 4214 636 4279 valet
655 4233 758 4280 tamen
774 4233 812 4274 ex
829 4210 947 4288 speciali
985 4213 1026 4274 ri·
1056 4209 1122 4290 ,sm
1134 4213 1228 4292 bissis.
1248 4213 1285 4276 de
1300 4212 1411 4289 resim.
1426 4211 1580 4274 ordinatus.
1598 4211 1631 4276 dc
1649 4214 1711 4277 tale
1727 4231 1760 4278 te
1788 4234 1819 4278 a·

263 4294 380 4370 vilegio
399 4311 432 4355 ac
461 4291 482 4354 si
503 4291 579 4371 ipsas
602 4294 746 4369 baberet,
765 4291 931 4357 cuiusmodi
966 4307 1024 4354 unt
1059 4307 1200 4356 mentum
1214 4291 1326 4357 dicitur
1341 4296 1436 4355 etiam
1452 4308 1610 4369 apertum,
1629 4312 1667 4356 eo
1686 4295 1759 4368 quia
1787 4295 1825 4356 in

265 4371 504 4437 Testamentum
530 4375 568 4438 ad
594 4380 655 4452 pias
675 4370 790 4439 caussas
811 4420 819 4448 ,
848 4371 1025 4436 Testamen·
1059 4366 1124 4450 ipso
1143 4370 1238 4437 tesies
1259 4372 1412 4436 occultari
1438 4372 1537 4447 nolit,
1557 4369 1644 4434 sicuti
1663 4373 1819 4451 contingit

263 4472 334 4518 rum
355 4473 515 4529 parentum
532 4455 614 4517 inter
634 4455 743 4517 liberos
770 4451 958 4530 conditum,
981 4471 1025 4516 te·
1060 4454 1091 4514 in
1108 4449 1294 4516 testamento
1310 4449 1441 4529 scripto,
1460 4448 1640 4514 seuclauso.
1661 4452 1819 4516 Hodieta·

260 4531 447 4597 firmentum
475 4534 613 4597 militare
634 4537 665 4594 in
696 4532 894 4608 expeditione
917 4532 1026 4597 bellica
1059 4552 1130 4595 men
1157 4534 1229 4597 talis
1249 4534 1459 4609 nuncupatio,
1476 4529 1528 4595 seu
1550 4529 1718 4594 declaratio
1745 4531 1819 4595 ulti·

259 4610 403 4689 tastum,
433 4614 649 4678 testamentum
674 4609 789 4676 fanum
817 4631 954 4690 tempore
974 4632 1025 4689 pe·
1060 4632 1118 4677 mae
1145 4613 1321 4676 voluntatis
1343 4613 1374 4674 in
1396 4607 1575 4705 scripturam
1597 4631 1614 4674 a
1633 4610 1822 4675 Tabellione

260 4689 333 4770 stis,
355 4694 573 4759 teslamentum
587 4692 748 4759 conditum
766 4713 868 4757 coram
888 4694 1025 4768 Principe
1059 4694 1151 4769 redigi
1174 4689 1268 4770 solet,
1288 4710 1352 4754 non
1380 4691 1458 4766 quod
1483 4688 1628 4767 scriptura
1648 4693 1821 4767 requiratur

261 4772 339 4836 idesl
353 4777 473 4850 quando
491 4775 602 4839 ultima
626 4774 769 4838 voluntas
784 4773 927 4838 inseritur
955 4772 1024 4851 lup·
1059 4791 1204 4848 tanquam
1221 4768 1321 4835 sorma
1337 4770 1375 4834 ad
1393 4767 1587 4836 substantiam
1604 4769 1705 4848 atius,
1725 4768 1824 4832 sedne

258 4853 338 4929 plici.
351 4853 475 4933 libello,
490 4854 524 4920 ἃ
541 4857 673 4933 Principi
690 4849 838 4931 offertur,
858 4869 893 4917 ut
908 4853 973 4915 eius
990 4853 1023 4912 si·
1060 4858 1209 4918 memoria·
1220 4851 1364 4927 excidat,
1383 4870 1418 4915 ac
1438 4848 1559 4915 facilius
1585 4850 1706 4929 probari
1731 4846 1824 4926 poffit-

261 4932 318 5011 de,
344 4932 379 4997 dc
395 4936 579 5000 aussoritate
595 4937 773 5010 muniatur,
794 4938 865 5014 leg.
890 4948 936 5009 19.
963 4931 1023 4996 cod
1061 4935 1209 4998 voluntas
1240 4929 1419 5007 testatoris,
1447 4927 1469 4992 si
1492 4927 1574 4995 sorte
1602 4929 1693 4994 telles
1715 4929 1792 4990 mori
1808 4968 1825 5004 ,.

260 5011 611 5091 &sermasiensis
630 5033 733 5081 tamen
752 5018 890 5089 necesle,
916 5028 950 5074 ut
976 5028 1023 5074 te·
1061 5031 1116 5078 aut
1129 5007 1267 5076 oblivisci
1282 5014 1472 5088 contigerit,
1487 5027 1653 5086 antequam
1672 5007 1829 5072 volunta-

260 5091 359 5160 stator
375 5094 573 5161 volontatem
587 5094 673 5162 suain
688 5096 820 5172 Principi
834 5087 1029 5171 manifestet,
1062 5112 1130 5159 tem
1140 5087 1272 5160 deonas
1287 5089 1480 5158 declararent
1500 5137 1509 5164 ,
1532 5102 1660 5166 quorum
1689 5081 1826 5181 defessus·

320 5220 326 5231 .
1041 5200 1132 5216 ·--—--
1745 5182 1798 5230 ita
