4425 6000
456 547 536 623 442
687 525 862 603 Uener.
885 551 943 605 ne
970 529 1228 609 Pancrrrrr
1251 530 1475 610 Eccrr-snr
1500 536 1605 611 Car.
1629 533 1700 611 Iis.

408 625 493 690 Hinc
516 621 644 691 inferia
664 629 694 690 6.
715 626 749 693 ἃ
769 627 901 694 sabbato
923 679 937 710 ,
961 632 1083 709 qua-ndo
1110 651 1174 696 non
1208 649 1247 693 ea
1268 637 1385 699 averit
1401 634 1540 700 carnibus
1556 635 1664 699 medici
1677 630 1868 715 excludunt,
1886 631 1979 703 dein·

408 720 552 771 occurrat
576 705 658 771 aliud
676 711 823 772 ieiunium
843 710 882 772 de
903 710 1174 789 praeceptoubique
1210 727 1258 772 ter
1277 709 1370 786 pisces
1391 713 1572 795 recensent,
1605 714 1685 779 unde
1708 714 1843 791 sequitur
1869 737 1897 780 r.
1927 738 1978 782 ra·

409 786 864 864 locorumpermittunturova
884 789 917 856 dt
949 790 1122 870 irbieton,
1142 795 1174 853 in
1208 807 1263 853 nar
1285 839 1294 866 ,
1320 793 1513 872 testudines,
1539 793 1696 870 conchas,
1718 792 1869 874 locustas,
1900 795 1979 862 sicut

405 865 585 943 quibusdam
605 888 680 934 vero
697 871 768 933 iocis
784 868 934 934 iadirinia
950 891 1013 935 non
1030 869 1099 934 sunt
1119 890 1174 936 ve·
1208 872 1303 934 etiam
1321 872 1442 938 simacas
1459 896 1528 949 quae
1543 874 1614 938 sunt
1636 871 1800 938 testudinea
1821 890 1982 954 terrenas,

407 952 469 1012 rita
486 947 541 1011 nist
559 965 693 1025 tempore
711 948 956 1028 Quadrageiimae
975 1000 984 1029 ,
1013 954 1045 1013 in
1066 952 1172 1026 aliqui·
1208 948 1292 1012 sitite
1312 953 1430 1017 comedi
1447 954 1525 1029 putse
1547 953 1653 1017 indie·
1665 955 1787 1031 ieiunii,
1810 958 1882 1032 quia
1900 975 1983 1020 coru·

405 1026 461 1092 bus
479 1048 558 1092 veto
583 1033 681 1093 etiam
700 1048 790 1094 extra
817 1030 1090 1110 Quadragesimam
1113 1030 1177 1094 die·
1208 1033 1345 1095 munirer
1367 1029 1515 1098 habentur
1536 1051 1572 1097 ut
1600 1031 1705 1108 pitres.
1728 1033 1775 1096 De
1799 1033 1883 1100 surra
1904 1055 1985 1102 vero

404 1107 461 1172 bus
479 1109 620 1199 omnibus
638 1110 742 1172 ieiunii
761 1107 831 1174 sunt
851 1111 1021 1204 prospera.
1038 1108 1074 1172 sn
1095 1110 1176 1173 Ger·-
1209 1108 1305 1187 vulgo
1327 1114 1415 1178 lurra
1438 1116 1531 1179 aiunt
1547 1109 1801 1177 salmanticenses
1820 1114 1902 1192 apud
1927 1133 1984 1179 ne·

404 1208 512 1253 manta
527 1207 620 1267 vero,
639 1189 673 1254 δι
694 1188 765 1254 alibi
786 1194 822 1253 in
836 1191 960 1255 ieiuniis
973 1188 1172 1255 omnibusto·
1208 1192 1320 1253 minem
1345 1191 1535 1271 disputatum
1556 1192 1661 1255 vidisse
1681 1239 1689 1267 ,
1717 1214 1759 1257 an·
1777 1210 1850 1258 vere
1874 1192 1913 1260 s1t
1934 1196 1981 1272 pi-

405 1270 467 1331 tius
488 1271 561 1334 anni
583 1267 732 1333 iadicinia
766 1271 905 1348 permissa
930 1272 1018 1348 sunt,
1037 1271 1174 1333 creditur
1207 1269 1286 1344 scis,
1303 1272 1354 1335 ves
1376 1274 1489 1337 animai
1512 1269 1676 1347 terrestre,
1695 1273 1807 1337 idcirco
1823 1294 1895 1338 cum
1921 1273 1979 1339 sset

403 1350 446 1412 ob
474 1345 627 1413 aeneum
649 1347 794 1414 ciborum·
826 1347 1142 1428 Quadragesrmalium
1165 1398 1179 1424 ,.
1207 1348 1321 1423 semper
1343 1355 1374 1414 in
1403 1356 1503 1429 aquis,
1525 1351 1726 1418 verosimilius
1749 1350 1883 1417 credunt
1899 1355 1979 1417 inter

403 1431 454 1503 qui
477 1428 546 1493 aiibi
566 1426 664 1494 solent
683 1428 864 1495 abundare.
891 1448 920 1491 a.
947 1431 995 1495 Ad
1023 1431 1173 1492 ieiunium
1207 1425 1301 1503 pisces
1322 1433 1554 1496 recensendam.
1577 1430 1624 1494 Ex
1642 1426 1781 1509 oppofito
1801 1452 1886 1496 vero·
1905 1432 1979 1514 licet

404 1506 640 1574 ecciestrssicum
658 1513 822 1587 requiritur
839 1507 1027 1576 abstinentia
1040 1509 1173 1587 plurium
1206 1512 1292 1570 torvi
1309 1514 1417 1586 marini
1435 1559 1443 1588 ,
1465 1509 1587 1577 fuiicbcr
1598 1559 1610 1589 ,.
1621 1510 1755 1587 lontrae,
1774 1510 1908 1589 aliaeque·
1924 1511 1981 1577 bu·

401 1587 605 1655 refestionum
625 1637 633 1666 ,
660 1588 733 1653 idest
763 1607 803 1655 ut
832 1594 919 1654 intra
937 1590 1070 1668 spatium
1084 1592 1173 1654 unius
1208 1587 1291 1651 iuste·
1305 1597 1423 1668 generis
1444 1612 1518 1656 aver
1538 1593 1641 1657 cibum
1657 1592 1690 1653 in
1706 1593 1790 1667 aquis
1808 1609 1952 1668 querant
1965 1639 1980 1667 ,

402 1671 560 1736 naturalis
573 1670 631 1734 diei
648 1718 656 1746 ,
675 1670 1004 1748 quicomprehenditur
1019 1672 1173 1734 interme·
1206 1664 1241 1732 ἀ
1261 1666 1302 1730 ibi
1323 1666 1405 1735 sorte
1425 1669 1546 1749 prorsus·
1564 1672 1763 1745 nutrientur,
1784 1668 1819 1736 ἀ
1839 1675 1872 1734 in
1892 1671 1981 1749 sapor

401 1753 483 1814 diam
502 1751 621 1816 nostem
642 1750 701 1813 diei
725 1751 933 1815 antecedentis
952 1798 961 1828 ,
978 1750 1012 1815 dr
1042 1749 1174 1813 mediam
1208 1765 1241 1812 re
1260 1748 1398 1813 multum
1415 1747 1542 1828 piscibus
1560 1752 1787 1815 communicent
1798 1798 1813 1828 ,.
1827 1752 1907 1827 quie
1923 1771 1976 1816 ve·

401 1831 460 1895 diei
477 1828 627 1908 sequentis
664 1829 718 1894 siat
736 1833 829 1894 unica
837 1827 972 1906 referteo,
987 1829 1060 1894 licet
1068 1828 1108 1892 ob
1119 1849 1172 1893 na·
1207 1847 1251 1889 rae
1273 1823 1343 1893 sunt
1361 1850 1467 1896 ermes
1479 1877 1492 1908 ,·
1509 1831 1617 1896 vetitae
1635 1826 1704 1893 sunt
1719 1828 1826 1895 diebus
1840 1832 1978 1909 iuiunii,

401 1927 545 1976 totarum
570 1881 780 1987 debisitatem,
801 1909 842 1975 &1
850 1910 889 1973 ob
907 1910 1078 1987 longaevam
1098 1931 1171 1973 con·
1208 1910 1345 1983 idemque
1361 1910 1520 1974 dicendum
1535 1911 1573 1975 de
1587 1909 1790 1974 camaiaeonte
1803 1953 1818 1971 .-

403 1988 597 2054 suetudinem
625 2011 706 2054 nunc
733 1995 932 2065 permittatur
961 1992 1064 2052 etiam·
1095 1986 1172 2053 refe·
1247 1986 1310 2049 Sub
1339 1994 1463 2052 nomine
1494 2008 1584 2065 porro
1612 1992 1752 2052 carnium
1777 1989 1980 2066 comprehen*

401 2070 572 2134 diiunruia.
602 2071 781 2148 Requiritnr
811 2069 934 2132 tandem
956 2068 993 2132 ad
1024 2071 1173 2132 ieiunium
1207 2063 1321 2152 duntur
1346 2069 1429 2134 olera
1458 2090 1530 2132 cum
1551 2066 1692 2131 carnibus
1720 2065 1835 2142 costa,
1863 2090 1899 2133 ac
1930 2073 1981 2133 iur

401 2147 637 2213 ecclesiasticum
656 2170 741 2214 certa
764 2147 932 2292 regsbonis
953 2148 1051 2222 bora,
1069 2166 1105 2212 ur
1127 2168 1172 2213 re·
1208 2145 1297 2220 ipsus
1323 2151 1423 2211 carnis
1446 2171 1455 2213 ε
1486 2170 1555 2212 nam
1577 2145 1697 2211 tametsi
1724 2147 1790 2211 haec
1812 2168 1886 2210 vere
1913 2169 1975 2213 non

401 2228 491 2294 sessio
517 2235 668 2293 rationem
698 2231 787 2294 haber
847 2248 945 2295 coenae
968 2277 977 2306 ,
998 2248 1059 2292 non
1104 2249 1173 2291 ran·
1208 2224 1265 2286 sint
1295 2245 1427 2304 carnes,
1456 2227 1609 2291 imbibunt
1638 2243 1745 2291 tamen·
1775 2225 1974 2293 substantiam

402 2309 466 2385 dii,
484 2309 596 2374 idcirco
616 2314 647 2372 in
668 2308 878 2372 benedistione
895 2307 1017 2372 mense·
1036 2250 1130 2382 possta
1142 2314 1171 2371 in
1207 2308 1332 2380 carnis,
1345 2305 1379 2370 dr
1397 2307 1453 2371 hoc
1468 2309 1551 2371 clare
1572 2304 1702 2368 habetur
1726 2310 1757 2366 in
1772 2326 1840 2381 rap.
1863 2309 1891 2385 fi
1909 2308 1980 2386 quir

401 2389 568 2452 breviario
592 2410 646 2467 pro
672 2388 779 2453 diebus
799 2392 905 2451 ieiunii
939 2386 1172 2465 praesrribuncur
1208 2383 1368 2464 Presbyter.
1391 2386 1474 2450 Hinc
1492 2387 1603 2472 potiori
1619 2389 1739 2448 rarione
1757 2403 1909 2451 vetantur
1927 2386 1975 2450 die

403 2471 563 2532 orationes
577 2489 685 2534 omnen
704 2489 740 2532 ur
761 2473 792 2530 in
813 2488 903 2531 coena
915 2489 929 2543 ‚·.
946 2468 982 2533 dt
994 2487 1106 2531 revera
1116 2472 1170 2543 pri·
1209 2467 1313 2527 ieiunii
1333 2466 1470 2538 sardum,
1493 2467 1611 2544 sanguis
1633 2463 1667 2528 dr
1688 2465 1846 2544 sagimen,
1865 2481 1974 2540 utpote

403 2547 506 2612 oribus
524 2547 640 2612 {accersis
657 2547 722 2611 haec
744 2544 866 2611 restsbio
884 2547 1172 2624 temporeQuadra·
1206 2563 1276 2620 quar
1300 2564 1403 2608 veram
1430 2550 1530 2610 carnis
1550 2562 1720 2620 naturam,
1748 2543 1821 2607 idest
1845 2541 1973 2611 substan·

403 2626 522 2706 gesimae
546 2628 736 2705 proroganda
751 2645 820 2690 erat
841 2625 989 2703 usquead
1009 2625 1172 2702 Vesperas,
1209 2627 1285 2686 tiam
1305 2627 1507 2704 participent.
1528 2625 1576 2688 Ex
1597 2622 1641 2687 his
1663 2640 1767 2687 tamen
1787 2619 1897 2688 inferri·
1920 2647 1975 2692 ne·

403 2723 440 2771 ut
461 2727 498 2770 ex
519 2727 587 2770 ran.
600 2706 674 2783 solet
690 2707 726 2770 de
742 2705 895 2786 consecrat.
913 2706 972 2787 did.
993 2725 1020 2767 r.
1041 2708 1171 2770 aiiisve·
1207 2706 1276 2777 quit
1302 2700 1392 2767 simus
1417 2709 1519 2770 vetita
1546 2700 1608 2767 etse
1636 2723 1703 2768 ova·
1731 2722 1767 2768 ac
1797 2703 1947 2771 sassio'nia
1960 2747 1975 2767 .

401 2806 439 2851 ro
455 2785 563 2851 diebus
578 2785 773 2851 differebatur
803 2785 897 2862 us'que
922 2789 959 2850 ad
989 2785 1100 2849 boram
1118 2805 1172 2851 no·
1207 2783 1290 2845 Nam
1310 2782 1433 2848 tanetsr
1452 2808 1468 2849 a
1484 2783 1628 2850 carnibur
1643 2779 1892 2848 naturamsucm
1915 2789 1970 2848 ini·

402 2887 475 2930 nam
488 2915 497 2944 ,
512 2889 584 2944 quae
598 2867 634 2930 ad
652 2866 806 2945 horoiogia
828 2866 1001 2930 Germaniae
1017 2865 1061 2928 est
1078 2870 1171 2931 tertia
1208 2866 1349 2950 tiumque
1369 2865 1496 2928 trahant
1508 2902 1524 2934 2·
1540 2868 1569 2927 sn
1589 2861 1652 2927 sola
1669 2883 1773 2928 tumen
1794 2862 1976 2944 Quadrage·

401 2944 467 3022 pest
491 2947 665 3025 meridiem,
683 2965 717 3011 ut
742 2966 784 3010 ex
808 2947 845 3009 D.
863 2945 1011 3011 bernard.
1036 2941 1120 3009 serm.
1139 2970 1167 3028 4.
1206 2942 1278 3010 siena
1308 2945 1375 3007 usus
1398 2965 1506 3009 eorum
1535 2942 1760 3022 interdicitur,
1789 2947 1893 3010 itaut
1921 2945 1974 3010 ubi·

401 3028 440 3089 de
462 3026 699 3106 Qradragesima
724 3047 733 3089 e
763 3047 844 3090 nunc
860 3047 942 3091 =vero
964 3026 1090 3105 quando
1109 3031 1170 3090 iam
1208 3047 1267 3089 non
1290 3027 1375 3102 viget
1395 3028 1551 3089 contraria
1570 3023 1727 3089 laudabilis
1754 3022 1942 3091 consuetudo
1962 3072 1976 3102 ,.

317 3182 320 3189 Ι
402 3102 535 3183 Vespere
553 3103 1076 3185 permissrestresesiiuncuscetiam
1092 3125 1170 3170 rem·
1209 3110 1239 3167 in
1259 3105 1327 3168 aliis
1355 3107 1477 3168 ieiuniis
1494 3103 1560 3167 stne
1577 3105 1641 3167 osio
1665 3102 1809 3180 scrupulo·
1829 3104 1900 3171 haec·
1923 3126 1973 3169 co·

402 3206 479 3263 pore
504 3183 770 3265 Quadragesrmesi·
795 3186 848 3252 iila
873 3190 962 3250 unica
994 3183 1119 3249 tescaio
1135 3187 1171 3253 fic
1208 3184 1392 3261 medunrur,
1412 3187 1528 3248 cumin
1546 3183 1977 3249 iurecanonnuiiibiextrr

400 3268 481 3329 circa
497 3266 676 3341 meridiem,
690 3264 729 3329 &⁴
746 3282 821 3329 runc
839 3266 1169 3340 temporisdecantan·
1195 3264 1477 3340 'Qradragesimale
1501 3266 1650 3327 ieiunium
1686 3267 1895 3329 inveniantur
1920 3284 1973 3327 ex·

401 3360 454 3408 tur
482 3341 629 3420 Vesperae¹
658 3347 689 3406 in
718 3342 812 3406 choro
840 3362 915 3408 ante
939 3345 1116 3424 meridiem,
1135 3365 1170 3413 ut
1208 3343 1497 3419 presseiuterdisia.
1525 3345 1608 3406 Hinc
1625 3348 1676 3419 qui
1706 3344 1849 3408 carnibus
1872 3343 1974 3410 vesce-

401 3444 467 3486 mos
492 3426 648 3500 primoevae
674 3421 821 3491 Ecclesia
843 3425 951 3502 aliquo·
974 3422 1072 3491 modo
1097 3431 1171 3494 reti·
1207 3441 1292 3487 tetur
1313 3414 1419 3487 Μιε-
1434 3428 1538 3486 ieiunii
1553 3472 1566 3499 ,.
1582 3425 1628 3486 ubi
1651 3424 1698 3486 vei
1715 3444 1753 3487 ex
1770 3428 1837 3487 iure
1858 3425 1975 3487 Canon.

401 3518 536 3568 nentur.
1207 3503 1256 3568 vei
1275 3526 1314 3567 ex
1325 3503 1542 3566 consuetudine
1560 3507 1678 3568 verinis
1691 3503 1733 3566 est
1751 3502 1973 3578 iliorumusus,

404 3620 410 3629 ·
1208 3602 1347 3662 peccaret
1367 3583 1571 3656 mortaliter,
1599 3582 1657 3644 nisi
1674 3588 1814 3659 parvitas
1833 3603 1971 3650 materia

712 3669 738 3731 9.
790 3663 862 3728 111.
1206 3684 1277 3757 eum
1296 3662 1471 3750 excusaret.
1498 3664 1538 3757 Eut
1554 3667 1633 3751 circa
1660 3662 1736 3755 banc
1752 3668 1891 3758 maeotim
1900 3684 2044 3805 parmi

564 3786 611 3845 ¹³³
629 3777 804 3863 nna...
818 3804 842 3846 ⁶
856 3780 1015 3848 ann„
1208 3743 2044 3900 itit{torsistis⁵a.{²3¹.¹ti.t‘tiii.¹i¹.t¹.‘.2232

439 3894 523 3959 Cum
542 3895 723 3963 abstinencia
741 3920 759 3964 u
778 3898 924 3965 carnibus
940 3898 977 3961 sit
994 3901 1171 3976 primurn-ex
1206 3906 1306 3966 carnis
1327 3901 1453 3976 sumptae
1481 3906 1531 3969 ita·
1549 3905 1697 3981 exiguam
1710 3903 1771 3966 esse
1787 3902 1914 3979 debere,
1937 3920 1972 3967 ut
1987 3892 2032 3931 Ν·

401 3976 555 4050 requisitis
581 3978 619 4038 ari
637 3979 797 4043 essentiam
823 3978 1017 4043 ceciefiasiiei
1039 3983 1172 4057 ieiunii,
1208 4003 1268 4046 non
1289 3980 1419 4046 excedat
1435 3981 1576 4048 ostauam
1601 3984 1699 4046 unciae
1720 4002 1842 4059 partem
1855 4032 1871 4063 ,.
1886 4004 1980 4060 quam

343 4140 346 4145 ¹
403 4053 557 4119 sciendum
579 4103 588 4132 ‚
607 4064 738 4122 nomine·
756 4061 895 4123 carnium
910 4107 924 4137 ,.
938 4079 1007 4134 quae
1027 4059 1076 4124 die
1097 4064 1182 4123 ieiu-.
1209 4062 1237 4123 bi
1256 4065 1306 4138 qui
1328 4064 1535 4138 quantitatem
1554 4055 1704 4137 usquead
1726 4065 1852 4126 unciam
1867 4081 1978 4129 exten·

404 4138 447 4197 nii
472 4135 730 4216 interdicuntur,
753 4158 801 4202 res
822 4138 888 4201 isias
907 4158 1015 4202 ornnes
1039 4158 1173 4217 compre·
1195 4134 1301 4219 ¹dunt,
1321 4163 1393 4205 cum
1410 4162 1471 4205 nnn
1496 4161 1604 4206 currat
1624 4144 1738 4218 paritas
1763 4146 1882 4221 carnis,
1908 4160 1981 4220 quoe

404 4214 515 4289 bendi,
535 4234 605 4290 quer.
630 4212 794 4282 seeundum
812 4216 1073 4305 &credentum
1095 4220 1155 4283 iudi
1179 4244 1183 4261 ··
1208 4241 1352 4299 magnam
1367 4220 1459 4287 affert
1483 4224 1691 4286 nutritionem·
1707 4243 1783 4286 cum·
1795 4219 1978 4299 pane·,sru·

402 4297 547 4370 ciumque
576 4295 766 4362 medicorum
781 4297 1128 4378 -contradtsunguuntur
1156 4274 1183 4362 as
1207 4300 1321 4380 stibus,
1340 4300 1471 4377 aliisque
1489 4298 1608 4365 buiusre
1624 4304 1740 4378 generis
1756 4302 1983 4368 melioriburac'

400 4371 555 4453 piscibus,
571 4391 608 4439 ut
627 4373 650 4438 sr
673 4378 711 4439 de
736 4378 800 4467 iilic
814 4374 939 4443 dubium
957 4395 1108 4459 exurgat,
1128 4366 1183 4441 re·¹
1210 4384 1357 4445 tenuioris
1374 4384 1558 4445 nutritionis·
1574 4380 1669 4458 cibit,
1686 4401 1816 4457 quorum
1832 4381 1978 4463 ssanritur

403 4453 589 4517 rurrendum
604 4453 644 4520 fit
659 4455 697 4520 ad
713 4458 870 4523 consilium
886 4459 1088 4523 medicorum.
1107 4458 1174 4520 Cir·
1209 4464 1346 4538 parvitas
1366 4464 1506 4527 materiae
1534 4458 1680 4539 usquead
1700 4481 1795 4524 unam
1816 4465 1940 4526 unciam
1960 4481 1981 4528 a

404 4552 442 4596 ca
468 4531 524 4594 boc
545 4552 652 4597 tamen
670 4555 787 4601 notant
804 4535 953 4601 Dosbotes
968 4538 1049 4616 quod
1069 4542 1102 4602 in
1119 4539 1176 4601 du·
1211 4541 1337 4620 rigidis,
1352 4541 1389 4607 dr
1408 4543 1477 4619 plue
1489 4544 1584 4605 etiarn
1605 4562 1627 4604 a:
1646 4541 1833 4607 laxioribus.
1857 4542 1963 4607 Hinc*

404 4609 457 4677 bio
476 4610 592 4690 fignnm
607 4616 785 4681 evidentius
805 4617 841 4680 ad
860 4616 1073 4695 discernendae
1084 4639 1177 4685 veras
1249 4617 1392 4686 inferunt
1410 4642 1436 4684 r.
1452 4621 1601 4686 Dbsiorer
1618 4621 1701 4697 posse
1714 4642 1845 4707 coquos,
1862 4625 1983 4699 pincer-

404 4710 518 4757 carnes
537 4711 555 4755 a
576 4691 705 4769 piscibus
721 4696 865 4776 videtur,
889 4696 1088 4774 exquireres
1111 4702 1174 4763 ani·
1213 4720 1287 4777 naa,
1310 4704 1383 4766 item
1398 4705 1450 4780 qui
1472 4698 1546 4765 sunt
1561 4702 1596 4765 ad
1616 4722 1720 4766 cutam
1735 4698 1981 4769 intinnorumerr

405 4771 570 4867 ousiadiu
591 4776 699 4836 viuere
718 4773 831 4852 possint
844 4794 934 4841 extra
959 4798 1087 4854 aquam,
1103 4781 1172 4854 quia
1209 4777 1390 4846 necessitate
1414 4779 1530 4844 servitii
1557 4779 1676 4860 gustare
1704 4797 1847 4866 tempore
1871 4785 1980 4848 ieiunii

404 4870 442 4914 rn
460 4851 517 4917 tab
536 4849 609 4916 casu
627 4871 733 4918 cernes
755 4855 911 4920 censenda
938 4856 1029 4932 sunt,
1048 4878 1112 4922 non
1133 4862 1177 4936 pi·
1208 4859 1293 4923 cibor
1313 4865 1451 4939 vetitos,¹
1465 4862 1539 4938 quia
1554 4862 1609 4924 boc
1633 4861 1716 4926 licite
1731 4859 1773 4924 fit
1789 4860 1984 4929 officiicaus·

404 4930 488 5013 scer,
507 4932 624 4997 idcirco
640 4933 682 4998 ab
703 4935 749 4999 eis
770 4937 872 4999 indie
895 4940 1000 5001 ieiunii
1023 4936 1176 5004 abttinen·
1209 4936 1259 5017 sa,
1280 4940 1315 5006 dt
1337 4963 1390 5020 pro
1406 4941 1594 5006 dominorum
1620 4939 1731 5016 salute,
1750 4940 1790 5007 ἃ
1810 4963 1872 5021 pro·
1890 4943 1980 5009 ndn-

407 5010 500 5077 dtun.
518 5011 570 5077 ita
584 5012 811 5091 Bonae-drot.
835 5016 870 5081 dc
891 5015 969 5081 aiii.
990 5018 1071 5084 Sunt
1089 5038 1178 5096 quub
1208 5028 1330 5085 morum
1343 5042 1438 5098 eurr,
1458 5022 1623 5105 uri—exigit
1635 5021 1791 5101 ebaritas,
1810 5026 1980 5102 quaeprior

306 5156 310 5165 ,
401 5091 480 5159 dm
492 5095 804 5187 'transactor-iicet
822 5099 940 5163 ritant
956 5112 1049 5166 extre
1065 5116 1176 5189 aqum
1202 5095 1254 5185 est
1272 5104 1358 5170 omni
1385 5099 1527 5173 &ebur
1545 5114 1732 5183 muccoso,
1755 5122 1826 5172 etun
1841 5122 1905 5183 -pro
1929 5104 1979 5171 hic

360 5228 366 5243 .
577 5202 581 5207 ·
1842 5253 1848 5263 ,
1858 5204 1942 5267 pta·
