4425 6000
759 339 777 376 l

440 497 492 596 56
696 492 903 579 Tertor.
932 519 998 572 nt
1027 498 1363 575 Ixrusrrrrr
1395 492 1467 573 dcc.
1497 493 1615 576 Car.
1643 493 1672 574 l.

381 590 581 675 servandam,
603 596 723 661 ramerii
739 617 808 662 cam
827 595 899 663 dare
916 599 1012 676 velit,
1032 603 1150 679 paritur
1184 594 1264 662 ieiio
1285 594 1433 662 iustitiae
1465 597 1681 677 oppositorum
1705 598 1852 679 opposite
1882 596 1954 669 suut

382 679 554 754 iniuriam,
575 679 729 754 quianon
752 672 906 744 consentit
934 679 1072 744 inillam
1099 679 1150 744 da·
1184 680 1350 757 rationes,
1380 678 1507 756 ideoque
1538 677 1780 770 sicutixiullitia
1807 678 1952 748 versatur

386 760 508 821 tionem
524 756 578 820 nist
606 776 661 836 per
688 754 830 822 iniuslam
849 761 929 824 vim.
952 757 1035 822 Idem
1054 761 1150 825 dicito
1184 760 1266 821 circa
1293 760 1338 821 ius
1358 755 1509 837 alterius,
1529 774 1567 822 ut
1597 759 1650 837 ipsr
1672 761 1710 825 ad
1738 762 1954 838 aequalitatem

385 836 424 898 de
443 858 506 912 eo,
529 839 578 913 qui
604 856 659 915 per
688 838 895 916 ignorantiam
919 835 1096 918 consentit,
1117 839 1151 905 dr
1186 836 1350 915 reddatur,
1370 840 1416 901 ita
1437 835 1587 903 iniustitia
1604 839 1745 904 versatur
1767 844 1848 906 circa
1872 843 1955 906 iniu-

383 913 479 980 solvit
505 917 591 979 mille
619 932 730 996 putans
752 912 783 980 se
802 938 839 981 ea
855 917 964 983 debere
981 968 990 997 ,
1010 940 1080 983 cum
1100 918 1151 983 de·
1185 918 1263 980 riam
1287 913 1338 980 seu
1358 915 1524 993 damnum,
1550 922 1678 995 quoius
1704 919 1832 985 alterius
1853 920 1954 986 viola·

382 993 455 1060 beat
472 1013 596 1061 tantum
611 994 804 1075 odingenta.
825 997 908 1061 Nam
929 1019 990 1062 non
1012 1001 1084 1065 vult
1100 997 1152 1062 da·
1186 1011 1237 1060 tur
1257 1044 1266 1074 ‚
1287 996 1400 1060 idcirco
1415 994 1564 1060 iniusliria
1587 997 1631 1061 esl
1650 1001 1721 1063 iuris
1739 1000 1830 1063 alieni
1853 1000 1956 1067 viola·

382 1094 436 1152 re,
453 1074 507 1137 nist
524 1074 603 1152 quod
614 1122 624 1154 ,
640 1074 674 1140 &
690 1092 842 1153 quantum
852 1078 963 1143 debet.
985 1076 1075 1143 Unde
1086 1100 1152 1145 am·
1186 1077 1233 1139 tio
1253 1120 1261 1136 .
1281 1076 1364 1139 Hinc
1384 1074 1487 1140 differt
1513 1078 1627 1142 iniuria
1656 1078 1693 1142 ab
1718 1070 1862 1159 offensa,
1880 1084 1952 1157 quia

444 1159 606 1233 patirurtut
621 1157 786 1234 iniuriam,
823 1160 872 1221 uia
884 1178 962 1221 unus
977 1172 1016 1221 ex
1031 1161 1086 1237 vi,
1106 1156 1152 1221 al·
1185 1156 1299 1219 iniuria
1319 1152 1363 1219 est
1382 1173 1491 1221 contra
1511 1157 1585 1236 ius,
1604 1155 1718 1222 offensa
1746 1176 1851 1223 autem
1874 1157 1954 1238 saepe

380 1250 434 1299 ter
454 1236 597 1313 ignoranr
617 1234 671 1299 dar
691 1234 771 1312 quod
792 1179 867 1301 adias
888 1235 994 1317 sponte
1014 1258 1079 1305 non
1098 1236 1151 1302 da·
1187 1238 1353 1299 incurritur
1375 1242 1471 1300 eriam
1500 1233 1561 1299 sine
1589 1239 1665 1300 iuris
1692 1235 1840 1302 laesrone:
1871 1258 1908 1304 ut
1929 1235 1952 1303 fi

382 1331 450 1378 ret.
476 1313 526 1377 Fit
543 1315 657 1394 pariter
677 1315 789 1379 iniuria
812 1314 1038 1397 consentienti,
1058 1338 1152 1393 quan·
1185 1317 1250 1391 quis
1279 1315 1408 1394 deneget
1437 1316 1528 1379 alteri
1559 1313 1725 1393 officium,
1750 1316 1831 1396 quod
1860 1316 1954 1387 facile

381 1393 425 1458 do
444 1395 603 1458 consensus
620 1393 657 1458 srt
678 1395 836 1461 moraliter
855 1396 976 1473 nullur;
996 1400 1041 1463 ita
1057 1397 1152 1463 sitin·
1186 1390 1326 1472 praeslare
1343 1393 1461 1472 potest.

199 1540 214 1553 ,ὴ
383 1475 465 1537 iuria
486 1473 618 1541 solventi
635 1472 768 1554 usuras,
795 1478 930 1556 pretium
954 1475 1035 1543 iusto
1054 1480 1152 1543 maius
1226 1476 1306 1539 Cum
1325 1477 1420 1552 igitur
1440 1473 1588 1541 iniustitia
1604 1475 1642 1541 srt
1666 1478 1739 1542 iuris
1760 1477 1853 1543 alieni
1883 1480 1953 1545 vio·

280 1566 285 1573 ’
384 1573 443 1632 pro
464 1573 565 1620 merce
587 1552 649 1618 &c.
669 1556 754 1633 Qria
777 1578 847 1621 cum
864 1556 938 1621 dans
965 1554 1022 1622 isia
1042 1556 1153 1623 solum·
1187 1554 1284 1632 latio,
1303 1574 1372 1632 quae
1394 1559 1543 1632 praecipue
1568 1555 1694 1621 iustitiae
1715 1562 1954 1624 commutativae

382 1633 479 1698 modo
499 1634 571 1700 dare
591 1634 670 1700 velit
686 1653 836 1714 tauquam
853 1642 987 1715 pretium
1007 1638 1084 1702 iusle
1099 1639 1152 1700 de·
1186 1632 1341 1699 adversari
1363 1634 1526 1710 videatur,
1542 1653 1653 1714 utpote
1674 1659 1742 1713 quae
1764 1638 1876 1703 lrabeat
1897 1658 1967 1715 prox

383 1711 503 1794 bitum,
525 1710 688 1780 consensus
718 1718 750 1779 in
771 1714 858 1780 islam
878 1717 1032 1783 dationem
1051 1717 1152 1782 nullus
1185 1711 1303 1780 obiedlo
1319 1714 1613 1792 iussirilledillum,
1632 1719 1718 1782 cuius
1740 1718 1953 1784 violatiocon·

380 1791 428 1859 eil
442 1842 451 1870 ,
466 1812 578 1870 utpote
597 1797 634 1859 de
651 1816 683 1861 re
703 1794 898 1876 impossibili.
924 1795 1107 1877 impossibile
1123 1818 1152 1861 e·
1186 1795 1288 1860 stituit
1304 1793 1441 1859 debiturn
1456 1793 1555 1859 stridle
1571 1796 1658 1873 tale,
1676 1798 1754 1873 quod
1774 1798 1887 1862 dicitur
1906 1798 1954 1863 le«

383 1876 451 1939 nim
465 1874 508 1939 esi
529 1879 661 1953 pretium
685 1896 741 1952 pto
761 1892 898 1954 mutuo,
923 1878 995 1941 dum
1010 1895 1152 1942 mutuum
1186 1874 1269 1955 gale,
1287 1896 1323 1940 ac
1340 1874 1560 1955 obligationem
1582 1873 1673 1942 affert
1694 1874 1895 1942 restitutionis
1915 1878 1954 1942 ad

382 1953 585 2019 essentialiter
603 1953 647 2019 est
661 1956 850 2039 gratuitum,
868 1956 902 2023 dt
929 1960 1065 2037 pretium
1086 1979 1152 2022 ma·
1186 1955 1512 2043 aeqrraliratem7quia
1533 1957 1629 2022 etiam
1648 1956 1762 2021 iustitia
1787 1956 1954 2022 distributi·

383 2037 434 2099 ius
450 2055 505 2112 pro
522 2054 639 2114 merce,
656 2039 728 2111 quia
744 2035 802 2100 hoc
818 2037 1021 2102 essentialiter
1031 2036 1073 2102 esi
1082 2036 1153 2114 quid
1187 2056 1228 2101 va
1249 2032 1375 2110 fundat,
1399 2056 1434 2100 ac
1460 2035 1600 2113 supponit
1626 2033 1710 2101 suum
1732 2041 1777 2101 ius
1799 2041 1829 2100 in
1854 2035 1957 2101 distri·

384 2116 479 2179 merci
498 2115 637 2195 aequale,
653 2115 734 2182 unde
754 2114 890 2184 exceffur
909 2118 1001 2196 pretii
1021 2137 1083 2184 non
1106 2115 1152 2181 ess
1185 2114 1349 2180 butiorrum
1374 2111 1527 2193 subiellis,
1547 2119 1634 2180 cuius
1655 2120 1728 2182 iuris
1744 2117 1876 2183 violatio
1892 2118 1957 2195 pla·

383 2196 535 2271 pretium.
1187 2195 1264 2259 nesr
1290 2216 1352 2259 non
1367 2211 1511 2273 tantam,
1530 2213 1680 2271 quantam
1702 2201 1954 2275 commutativa,

425 2274 534 2349 Quotd
557 2275 621 2340 iura
637 2292 741 2343 autem
756 2275 934 2343 abdicabilia
953 2276 1152 2343 consentien·
1199 2296 1271 2341 uam
1286 2291 1391 2339 tamen
1408 2276 1553 2338 iniuriam
1568 2279 1673 2352 parit:
1696 2276 1766 2341 hinc
1783 2276 1958 2355 priusquam

386 2355 413 2417 ri
432 2357 559 2445 omnino
584 2356 765 2422 voluntarie
784 2357 869 2422 nulla
891 2355 1022 2433 prosedio
1045 2356 1083 2422 fit
1105 2360 1159 2419 iu·
1186 2372 1381 2432 exponantur
1405 2352 1626 2432 obligationes,
1646 2376 1721 2430 quas
1749 2359 1880 2433 imponit
1908 2359 1959 2421 iu⁴

386 2433 527 2531 iuriapsr
547 2430 737 2501 consentiens
757 2438 803 2502 his
811 2438 984 2517 expolietur
1000 2440 1092 2501 iuxta
1100 2436 1151 2500 cir.
1187 2432 1272 2498 stiria
1290 2437 1534 2510 commutarim,
1553 2433 1693 2498 breviter
1712 2456 1865 2513 exponere
1880 2457 1956 2500 cen-

385 2515 520 2593 regulam
539 2512 612 2577 r'rrrr'r
626 2516 659 2581 in
675 2519 704 2578 6.
721 2521 791 2597 quia
811 2537 849 2582 eo
865 2514 928 2591 ipso
946 2518 1024 2593 quod
1037 2517 1153 2594 ¹sponte
1187 2514 1231 2577 sui
1256 2511 1361 2578 debita
1384 2531 1520 2589 quoque,
1540 2534 1609 2589 quae
1633 2534 1788 2592 exurgunt
1805 2536 1846 2578 ex
1867 2515 1952 2579 iusli·

384 2590 541 2659 consentit
579 2594 678 2662 'hisce
707 2596 821 2662 iuribus
848 2593 1016 2661 efficaciter
1042 2595 1124 2661 cedit
1145 2638 1154 2673 ‚
1188 2595 1233 2658 tia
1251 2591 1462 2671 distributiva,
1479 2592 1680 2669 expendendo
1702 2597 1851 2670 quomodo
1867 2600 1958 2674 iura,

384 2671 515 2750 ideoque
532 2641 614 2741 adlio
632 2696 697 2742 non
710 2676 754 2741 esl
774 2694 883 2742 contra
904 2678 970 2755 iux,
989 2672 1038 2740 sed
1051 2673 1154 2739 secun·
1187 2695 1255 2751 que
1276 2692 1316 2737 err
1341 2669 1458 2737 iustitia
1484 2670 1679 2736 distributiva
1698 2677 1865 2754 oriuntur,
1888 2680 1957 2740 vio·

385 2754 459 2816 dum
477 2757 524 2819 iur
540 2756 631 2822 alteri
651 2757 840 2835 concesium,
863 2776 899 2822 ac
920 2756 1045 2830 proinde
1065 2753 1154 2819 nulla
1188 2754 1244 2817 lari
1261 2771 1398 2831 queant,
1421 2772 1490 2829 quae
1506 2750 1594 2827 culpa
1616 2753 1688 2817 talis
1710 2752 1838 2821 iuslitiae
1855 2755 1957 2821 riola·

387 2834 464 2899 iuria
477 2834 633 2914 violatio,
649 2835 737 2902 nulla
753 2838 883 2901 iniuria.
904 2835 957 2925 Fit
973 2835 1091 2914 quidem
1100 2853 1155 2898 vc·
1190 2837 1256 2912 tio,
1273 2834 1307 2900 ἀ
1323 2832 1403 2911 quod
1419 2831 1555 2897 debitum
1572 2831 1691 2910 pariat.

386 2934 424 2980 ra
447 2915 562 2980 iniuria
575 2914 622 2993 ,sr
639 2916 730 2982 alicui
756 2918 829 2983 licet
847 2917 1057 2982 consentienti
1083 2918 1154 2979 iura
1211 2923 1214 2927 '

381 2994 631 3138 traeiudicentut
659 3016 728 3073 quae
756 2994 826 3061 sunt
852 2993 1064 3062 inabdicrbilia
1084 2996 1102 3075 ,“
1121 2991 1156 3061 &
1510 3001 1538 3061 9.
1586 2990 1635 3057 ll.

410 3095 447 3138 oc
473 3093 561 3148 patet
582 3096 622 3139 ex
645 3097 712 3153 cap.
746 3080 792 3156 36.
821 3075 858 3140 dr
878 3074 1006 3154 sentens.
1040 3077 1155 3140 excerni
1189 3118 1232 3178 ον,
1261 3106 1275 3174 ,⁴

389 3152 531 3218 mrirricar.
552 3152 603 3220 ubi
632 3151 829 3220 innocentius
851 3153 906 3218 lll.
939 3154 1072 3221 oslendir
1092 3175 1155 3219 non
1229 3106 1452 3272 &mmuh
1482 3111 1956 3271 ‘J‘ffmxss’gxe'mss

387 3229 501 3297 servari
523 3231 561 3297 ab
579 3237 923 3315 excommunicatione,
941 3238 991 3313 qui
1011 3233 1156 3299 clericum
1464 3239 1474 3267 ’
1620 3269 1626 3281 ·

387 3315 483 3376 etiam
503 3312 660 3378 volentem
678 3318 852 3392 percutiat,·
867 3317 938 3391 quia
953 3334 1054 3380 canon
1076 3314 1155 3380 hanc
1230 3293 1326 3346 'm’
1354 3292 1418 3352 W
1441 3272 1481 3353 εἷς
1506 3271 1589 3352 ‘⁸²⁴⁰‘
1612 3271 1731 3360 ΜΨ
1758 3268 1956 3354 &flamm

387 3390 563 3458 violentam
583 3388 733 3457 astionem
756 3398 789 3458 in
808 3394 971 3474 clericum,-
990 3394 1024 3460 dt
1052 3415 1158 3459 morra·
1232 3352 1368 3484 ΨΜ·
1402 3470 1436 3485 ..
1508 3469 1514 3483 ·
1562 3469 1568 3484 .
1631 3469 1638 3484 ι
1934 3429 1951 3479 .‘

387 3471 481 3536 chum
501 3488 613 3540 verane
632 3471 817 3540 constitutur
831 3474 874 3545 eli
895 3493 1040 3540 nontam
1061 3479 1093 3538 in
1111 3473 1157 3538 sa·
1230 3471 1320 3535 Licet
1340 3466 1459 3534 ruslrtra
1485 3467 1683 3534 drslrrbutrva
1703 3464 1866 3559 secundum
1889 3462 1957 3528 sirr⁴

388 3571 498 3615 vorem
518 3552 678 3619 cuiuslibet
701 3551 859 3631 singularis
890 3553 1046 3634 personae,
1065 3576 1158 3632 quam
1190 3548 1270 3616 llam
1291 3546 1415 3616 iustitie
1436 3551 1589 3613 rationem
1605 3568 1668 3611 non
1685 3544 1721 3610 srt
1743 3545 1858 3610 iussitia
1874 3548 1957 3624 rigo·

388 3632 571 3712 ingratiam
598 3635 696 3699 totius
724 3634 874 3700 clericalia
902 3633 1044 3714 ordinis,
1076 3633 1158 3699 unde
1192 3627 1259 3693 rose
1281 3627 1421 3706 sumpta,
1440 3627 1511 3694 dum
1530 3626 1651 3707 officia,
1670 3647 1705 3691 ac
1725 3623 1803 3689 bona
1819 3643 1960 3690 corumu·

388 3711 434 3775 illi
451 3715 532 3793 iuri,
557 3733 593 3777 ac
621 3712 732 3792 privile
752 3716 783 3778 io
802 3714 930 3780 clericus
958 3714 1065 3780 cedere
1093 3735 1158 3778 non
1192 3713 1244 3773 nia
1264 3707 1389 3773 iussitire
1405 3706 1608 3774 distributivae
1623 3727 1685 3772 non
1706 3703 1821 3799 semper
1850 3703 1960 3770 saltem

389 3791 510 3870 potest·
532 3793 659 3870 ideoque
679 3797 728 3856 ine
781 3815 821 3859 ax
839 3794 884 3859 est
912 3798 979 3859 eius
997 3793 1159 3860 consensor
1192 3787 1251 3854 sirrt
1272 3783 1374 3853 slridlo
1394 3790 1460 3852 iure
1481 3788 1610 3869 debita,
1632 3787 1710 3865 quod
1732 3802 1903 3863 praecrpue,
1924 3806 1960 3850 ac

389 3870 429 3934 ad
452 3839 622 3936 tollendum
647 3876 692 3937 ius
715 3874 798 3950 quod
821 3873 936 3953 habet,
955 3894 995 3938 ne
1011 3874 1089 3941 allio
1105 3876 1158 3938 illa
1193 3868 1402 3948 principaliter
1425 3866 1547 3946 respicit
1571 3866 1719 3963 laisida,
1751 3882 1860 3958 utpote
1888 3884 1960 3942 quae

388 3947 469 4015 s'rat.
489 3951 580 4016 Licet
600 3970 703 4017 tamen
727 3953 786 4018 dici
814 3952 911 4031 posset
933 3959 1159 4030 percutientem
1194 3968 1262 4016 tota
1278 3948 1314 4013 srr
1335 3971 1371 4013 ur
1387 3950 1469 4026 quod
1486 3948 1578 4013 alterr
1595 3947 1722 4013 debetur
1756 3944 1856 4008 erdem
1875 3966 1961 4010 conr·

387 4031 424 4093 in
440 4028 497 4095 tali
518 4028 589 4096 casu
609 4036 703 4113 magis
720 4033 780 4098 csse
802 4031 984 4098 iniuriosum
1007 4037 1038 4097 in
1056 4050 1159 4100 totum
1193 4031 1298 4110 plere,
1313 4023 1363 4093 seu
1383 4029 1421 4092 ad
1441 4028 1651 4121 equalitatem
1667 3993 1828 4121 reddatur,
1845 4045 1962 4120 acpro-

390 4109 565 4174 clericalcm
584 4113 740 4191 ordinem,
755 4134 845 4191 quam
867 4117 898 4177 in
921 4112 1066 4178 clericum
1090 4134 1159 4190 per·
1193 4109 1275 4174 inde
1289 4109 1422 4176 violatio
1449 4106 1575 4173 rustiriae
1599 4107 1800 4174 drslrrburrvae
1820 4125 1885 4169 non
1913 4124 1961 4171 rta

390 4186 520 4276 cussroni
560 4192 799 4256 assentientem.
838 4194 878 4258 Et
908 4193 966 4258 hoc
994 4190 1159 4258 confirmat
1194 4187 1285 4255 facile
1305 4184 1414 4252 asserat
1433 4187 1655 4266 obligationem
1674 4184 1894 4264 restitutionis,
1915 4188 1962 4249 ni·

390 4271 520 4335 censura
547 4271 613 4337 lata
633 4271 671 4336 ab
687 4270 870 4339 Innocentio
888 4272 942 4336 Xl.
963 4291 1071 4337 contra
1092 4295 1159 4350 pro·
1194 4269 1215 4331 sr
1242 4290 1314 4335 cum
1340 4269 1440 4332 eidem
1458 4271 1710 4343 commutativa,
1737 4281 1770 4328 ur
1792 4262 1871 4341 saepe
1885 4286 1963 4331 cou-

388 4346 595 4426 posrriooem,
636 4372 685 4416 uae
703 4371 831 4417 numero
847 4351 890 4416 esi
913 4370 959 4430 50.
976 4354 1160 4432 copularum
1194 4352 1307 4428 tingit,
1329 4350 1474 4427 iungatur
1498 4369 1506 4410 :
1537 4348 1736 4411 nihilominus
1765 4362 1870 4409 tamen
1890 4348 1963 4423 quia

391 4428 545 4509 coniugata
567 4374 759 4512 crrsmrirnre
778 4433 885 4498 marito
904 4455 960 4498 mn
979 4436 1017 4514 est
1048 4433 1162 4498 adulic-
1194 4427 1364 4493 disiributio
1382 4448 1503 4505 quoque
1520 4420 1709 4505 Reipublicae
1725 4444 1907 4502 munerum,
1927 4427 1963 4492 dc

392 4506 501 4586 νίκης
527 4513 654 4590 adeoque
675 4510 785 4594 sufficit
812 4513 909 4578 dicere
938 4513 970 4576 in
997 4510 1162 4594 confrffiorre
1194 4506 1366 4572 officiorum
1385 4511 1565 4582 equitatem
1587 4512 1637 4571 exi
1659 4512 1683 4571 it
1706 4554 1714 4582 ,
1734 4505 1768 4571 dt
1790 4511 1965 4583 proportio·

394 4591 472 4667 quod
490 4585 679 4670 semiramin
699 4595 770 4669 quia
795 4596 842 4656 iur
861 4595 964 4658 mariti
983 4593 1027 4658 esi
1045 4593 1162 4658 ioabdi·
1197 4608 1289 4666 nem,
1305 4586 1355 4652 seu
1371 4587 1610 4681 equalitatem,
1626 4529 1720 4650 ssnon
1737 4591 1963 4683 arirmeticam,

391 4668 514 4750 cabile,
535 4672 673 4748 eoquod
697 4676 744 4737 iur
762 4674 883 4750 copulae
905 4693 945 4736 err
964 4690 1077 4738 natura
1097 4692 1162 4736 ma·
1195 4667 1303 4732 saltem
1323 4687 1564 4746 geometricam,
1582 4668 1662 4744 quod
1684 4669 1720 4731 ad
1741 4667 1964 4744 iuslrtrampla·

394 4752 536 4825 trimooii
552 4751 590 4816 srt
606 4750 806 4818 essentialiter
826 4748 951 4816 affixum
967 4751 1162 4831 coniugibus,
1195 4769 1236 4812 ne
1255 4749 1388 4825 spectat,-
1411 4749 1480 4812 hinc
1501 4747 1615 4813 iussitia
1635 4745 1825 4814 distributiva
1846 4766 1965 4825 quoque

393 4825 429 4894 ἃ
444 4828 608 4900 consensus
628 4833 733 4897 mariti
750 4833 787 4898 ad
805 4829 953 4898 summum
971 4835 1162 4898 remittitin·
1196 4826 1238 4892 est
1256 4827 1371 4892 iustitia
1390 4849 1459 4905 quae
1479 4827 1812 4908 idcircoal’hilosophir
1830 4828 1966 4895 conside·

361 4909 365 4916 “
395 4911 487 4976 iuriae
505 4912 746 4988 reparationem.
1198 4926 1303 4986 ratur,
1321 4907 1356 4974 dt
1374 4908 1543 4986 slatuitut,
1562 4927 1597 4973 ut
1614 4909 1748 4977 alterum
1763 4914 1893 4975 virtutis
1918 4914 1965 4975 iu·

440 4989 601 5082 Obiellum
631 5011 711 5062 vero
736 4990 897 5059 iniuslitiae
917 5038 927 5071 ,
946 4990 997 5056 seu
1025 4993 1054 5056 id
1081 4993 1165 5058 circa
1197 4986 1288 5083 slitiae
1304 4989 1494 5082 membrum,
1515 5011 1551 5054 ac
1572 4986 1698 5065 proinde
1719 4990 1866 5057 iustitiam
1882 4995 1966 5067 prin·

254 5045 651 5164 ffifflmquodiniullrtia
666 5068 833 5154 versatur,
853 5071 896 5138 est
922 5073 1093 5151 oppositum
1112 5072 1166 5139 ob·
1196 5068 1339 5151 crpaliter
1354 5068 1540 5151 distinguunt
1559 5071 1591 5137 in
1612 5075 1882 5219 cornmutativziu}l
1893 5119 1910 5167 ,ι
1929 5071 1966 5143 C<

253 5175 318 5227 llx-
430 5187 436 5195 '
1847 5176 1855 5214 ρ
1884 5174 1927 5218 ῃ.
