4425 6000
569 531 736 614 Tarra.
753 549 812 606 os
840 531 1099 607 Paestanas
1133 524 1348 606 Ecctt'srn
1368 527 1471 606 Car.
1489 529 1558 608 111.
1721 556 1798 632 457

269 639 319 722 pti
341 636 379 702 ab
394 634 583 715 obligatione
599 637 699 699 unice
718 628 908 717 reseilionis,
924 633 996 718 quia
1007 633 1037 693 in
1079 628 1219 696 absolute
1239 630 1301 694 line
1317 629 1380 695 ulla
1397 635 1579 708 exceptione
1599 629 1749 701 excedam
1767 656 1785 698 a
1806 634 1849 698 ie·

272 717 438 782 sufficienti
451 718 539 793 copia
559 715 597 781 ad
612 714 763 780 ieiunium
781 709 962 775 servandum
978 712 1040 774 lure
1077 713 1194 786 iunio,
1218 708 1387 788 crederem,
1407 730 1461 775 eos
1482 731 1545 775 non
1566 707 1624 776 srui
1653 717 1849 792 exemptione

275 799 384 861 salutis
413 792 587 861 discrimine
616 793 695 858 hauc
721 789 840 855 sumere
858 804 1042 865 nequeunt,
1078 790 1116 856 ab
1138 789 1196 854 hoc
1213 806 1387 870 precepto,
1407 791 1480 853 dum
1510 807 1647 870 tempore
1673 797 1758 871 pacis
1779 813 1846 856 mo·

274 895 333 940 nec
347 878 445 940 unica
461 889 586 941 tantum
602 872 721 940 modica
737 865 862 934 restuto
884 865 952 945 ipsrs
971 866 1043 932 latis
1078 888 1190 937 rantur
1208 872 1239 932 in
1258 867 1363 934 callris
1380 867 1414 936 ἀ
1431 865 1586 949 hospitiis,
1605 874 1674 950 quia
1703 891 1759 937 nec
1778 871 1847 936 suut

270 957 336 1020 esse
360 952 458 1033 potest
486 953 524 1019 ad
546 950 637 1018 sludii
653 952 792 1014 laborem
812 947 1041 1026 perlerendutn.
1077 953 1113 1015 in
1124 951 1220 1038 gravi
1238 948 1363 1027 labore,
1386 970 1441 1015 nec
1462 952 1550 1030 gravi
1573 950 1667 1018 labori
1693 952 1852 1028 proximi,

271 1034 365 1100 Serus
387 1052 465 1100 vero
479 1030 679 1098 dicendumst
696 1025 836 1096 Leilores
860 1027 977 1094 diilent
999 1027 1043 1091 le·
1078 1028 1155 1094 ficut
1178 1045 1319 1106 tempore
1338 1028 1430 1109 belli,
1444 1049 1502 1096 nec
1521 1033 1606 1108 quies
1629 1050 1702 1102 tunc
1719 1029 1786 1108 ipsrs
1801 1032 1848 1092 in·

272 1111 395 1180 stiones-
414 1116 497 1192 prius
523 1112 685 1179 ordinatas
702 1155 719 1194 ‚l
744 1104 907 1251 seriusque
932 1111 1043 1185 reperi·
1078 1109 1175 1176 servit
1201 1108 1277 1200 sieut
1300 1129 1437 1188 tempore
1451 1109 1524 1176 belli
1550 1110 1586 1174 ad
1607 1114 1687 1176 vires
1710 1110 1849 1176 reficitn-
1938 1157 1941 1164 .

270 1210 348 1271 ras,
366 1196 438 1271 quia
456 1212 532 1259 runc
546 1211 632 1258 certe
655 1209 764 1254 eorum
795 1188 870 1254 abor
882 1188 964 1253 levis
979 1186 1042 1265 eli,
1077 1189 1149 1269 das,
1168 1209 1243 1268 quas
1271 1192 1303 1253 in
1323 1189 1398 1256 belli
1418 1186 1692 1269 defatigationibus
1714 1190 1851 1269 perdide·

274 1273 391 1339 idcirco
405 1292 467 1339 non
484 1268 719 1346 incompatibilis
737 1270 952 1333 cnmieiunio.
967 1268 1043 1333 Non
1082 1288 1173 1336 runt.
1196 1269 1306 1346 Quare
1324 1270 1363 1334 ob
1379 1267 1466 1336 hasce
1482 1272 1620 1335 rationes
1639 1267 1849 1352 dispensantur

271 1354 460 1419 excusantur
478 1373 553 1418 vero
564 1347 702 1429 Magislri
715 1344 895 1412 inferiorum
911 1350 1047 1424 artium,
1078 1347 1143 1416 srve
1163 1345 1221 1414 l'rnt
1239 1352 1272 1412 in
1292 1349 1415 1428 castris,
1436 1347 1500 1415 slve
1516 1352 1548 1413 in
1571 1349 1795 1416 munitionibus
1811 1346 1849 1410 sr-

273 1451 313 1497 ut
344 1431 534 1498 Gramaticae
553 1428 616 1496 &n
641 1430 716 1493 licet
737 1447 827 1491 marte
853 1428 887 1492 dt
908 1425 974 1492 sero
993 1427 1043 1492 do·
1080 1450 1119 1496 ve
1139 1434 1172 1493 in
1188 1423 1338 1520 hospitff,
1352 1435 1424 1505 quia
1444 1447 1520 1496 tunc
1538 1433 1633 1496 variis
1652 1428 1850 1497 incommodis

273 1529 384 1590 ceant,
400 1513 471 1590 quia
488 1507 693 1576 huiuscemodi
715 1506 798 1571 labor
824 1527 886 1570 non
905 1507 949 1571 esi
974 1527 1043 1584 pro·
1079 1508 1303 1588 subiiciuntur,
1324 1509 1358 1576 dc
1377 1512 1526 1576 continue
1544 1509 1759 1576 versanturin
1784 1528 1852 1587 pro-

272 1596 341 1672 prie
360 1593 497 1671 ingenii,
524 1590 571 1654 sed
592 1591 695 1667 potius
715 1586 1044 1663 materialis„ideoquc
1079 1593 1163 1655 aima
1178 1588 1339 1656 occasione
1357 1589 1394 1655 ad
1409 1589 1544 1655 bellum.

273 1690 341 1734 non
360 1669 404 1734 esi
421 1674 466 1737 ita
483 1669 610 1749 ingensi
629 1667 706 1732 licut
732 1667 764 1728 in
782 1665 979 1730 scientiarum
1000 1667 1041 1730 le·
1081 1679 1084 1684 ·
1120 1671 1206 1734 luter
1225 1670 1344 1734 caussas
1361 1691 1430 1746 quae
1452 1672 1609 1746 aieiunio
1623 1668 1768 1736 excusare
1785 1663 1850 1746 pos·
1865 1654 1989 1731 ΨΜ*

272 1748 446 1828 tironibus,
464 1749 500 1815 dt
522 1749 644 1841 constat
664 1747 857 1824 experientia
884 1745 964 1822 posse
991 1765 1044 1811 eos
1080 1747 1172 1827 sunt,
1193 1769 1254 1813 non
1281 1754 1435 1816 immerito
1454 1749 1544 1815 multi
1574 1747 1729 1816 recensent
1756 1768 1849 1842 opera
1866 1731 1928 1832 iffi,
1942 1729 1990 1830 ,¹2¹

277 1834 418 1895 ieiunare
436 1830 499 1894 line
510 1833 598 1909 gravi
617 1825 831 1904 incommodo,
851 1826 931 1902 quod
949 1821 1045 1890 soltrm
1079 1832 1204 1907 pietatis
1221 1874 1230 1905 ,
1259 1828 1322 1893 srvc
1348 1851 1424 1907 opus
1441 1828 1631 1908 praellantius
1649 1831 1716 1896 Dm
1731 1846 1846 1910 &atrro
1863 1842 1951 1896 talare

277 1908 376 1986 potest
392 1913 622 1986 eosexculare,
643 1927 714 1971 nam
736 1906 787 1970 lex
802 1905 937 1970 attendit
960 1907 996 1969 ad
1014 1905 1044 1968 id
1081 1910 1264 1973 naturaliter
1290 1909 1528 1988 iucornpoil'rbile
1548 1933 1619 1974 cum
1641 1911 1774 1983 ieiunio,
1796 1931 1846 1973 cu·
1864 1908 1988 1982 pessupi·

276 1989 357 2062 quod
380 1993 585 2064 communiter
604 1985 732 2052 accidit.
755 1986 802 2048 Sic
832 1983 976 2050 stadienus
1010 1989 1043 2050 P.
1081 1985 1206 2051 iusmodi
1226 1986 1295 2052 sunt
1310 2008 1407 2064 opera·
1423 1988 1637 2054 misericordia
1660 2038 1669 2069 ,
1689 2008 1756 2054 tum
1781 2010 1846 2054 cor·
1866 1983 1973 2022 “W’‘

277 2070 420 2133 Antoine
435 2118 443 2145 ,
459 2064 731 2142 Salmanticcnses,
751 2063 785 2130 dt
806 2066 885 2128 alii.
1080 2067 1218 2145 nonalia,
1242 2083 1309 2131 tum
1330 2065 1524 2147 spiritualia,
1544 2070 1578 2135 dt
1605 2073 1700 2133 etiam
1727 2068 1846 2147 rellglo-

226 2147 260 2197 se
320 2146 445 2212 Pedibus
462 2151 665 2224 itinerantes,
704 2144 881 2208 uandoiter
906 2143 939 2207 in
960 2143 1045 2209 aliud
1081 2151 1230 2223 nis,quae
1248 2150 1387 2223 qrrisnon
1409 2148 1506 2225 posset
1533 2150 1699 2214 ieiunando
1722 2168 1847 2226 exercef

223 2227 246 2261 ²‘
277 2236 399 2303 tempus
420 2228 549 2291 liberum
572 2246 592 2290 a
611 2166 725 2288 ieiusso
743 2223 900 2316 conunode
930 2221 1045 2288 disserti
1080 2246 1140 2309 re,
1170 2229 1277 2290 necin
1303 2227 1385 2291 aliud
1409 2247 1526 2305 tempus
1546 2227 1737 2308 differre‚sr
1763 2247 1849 2291 exer·

223 2371 226 2388 ,
246 2305 427 2382 'nequeat‚
447 2305 537 2371 modo
557 2303 700 2383 spesiatis
721 2302 879 2378 omnbus,
903 2321 939 2367 ut
954 2306 1046 2369 itine-
1079 2321 1211 2370 ceantur
1230 2308 1262 2369 iu
1287 2303 1418 2384 officio,
1440 2309 1489 2373 vel
1515 2308 1709 2386 obedientia,
1729 2307 1779 2373 vel
1810 2305 1850 2370 ob

275 2408 315 2451 rrs
333 2386 542 2464 longitudine,
558 2385 669 2450 laboris
680 2387 857 2461 gravitate,
870 2386 1045 2448 itinerantis
1080 2382 1296 2450 necessitatem
1316 2389 1444 2464 proximi
1467 2415 1484 2464 ,·
1502 2391 1574 2464 quia
1600 2406 1787 2465 preceptum
1808 2387 1851 2449 ie·

274 2465 412 2543 viribus,
429 2465 490 2531 &r-
517 2465 581 2529 line
604 2464 735 2528 notabili
759 2463 951 2528 incommodo
970 2466 1044 2526 ieiu·
1081 2466 1158 2528 iunii
1177 2462 1212 2529 &
1229 2464 1421 2533 abstinentiae
1447 2470 1553 2543 nequit
1572 2467 1706 2547 obligare
1725 2466 1848 2543 quando

274 2563 350 2608 nare
366 2562 541 2623 nequeant,
565 2546 719 2609 aieiunio
732 2539 937 2607 excusantur.
957 2539 1047 2607 Unde
1080 2542 1124 2608 cll
1154 2545 1367 2620 impeditivum
1392 2550 1518 2611 maioris
1552 2546 1655 2624 boni,
1685 2545 1770 2611 srcuti
1802 2542 1847 2607 ell

274 2628 356 2688 circa
376 2624 434 2688 hoc
451 2627 648 2689 determinari
662 2625 923 2699 nequitnumerus
932 2622 1046 2687 millia·
1080 2642 1226 2689 exercere
1246 2645 1336 2701 opera
1357 2625 1566 2690 misericordie:
1595 2649 1629 2693 ac
1658 2627 1847 2692 charitatis:

272 2707 358 2767 rium‘
385 2707 435 2781 qui
459 2708 629 2782 generatim
652 2699 808 2768 excusata
829 2703 1047 2781 retenimento
1082 2703 1218 2783 idcirco,
1245 2709 1288 2769 ait
1308 2705 1345 2768 D.
1365 2706 1425 2769 Th.
1444 2727 1472 2767 a.
1490 2725 1519 2767 a.
1537 2716 1564 2784 q.
1589 2725 1654 2784 ¹74·
1678 2717 1740 2770 ari.
1754 2729 1783 2786 4.
1808 2703 1850 2767 ad

273 2782 327 2845 alii
343 2805 429 2862 pus,
447 2786 499 2849 alii
521 2790 623 2847 minus
640 2783 748 2847 laboris
766 2785 1046 2861 patianntrinvia,
1082 2804 1110 2860 ς.
1132 2805 1189 2846 non
1216 2782 1343 2848 viderur
1365 2783 1455 2867 surfft
1475 2785 1601 2850 intentio
1630 2788 1763 2864 Ecclefiae
1790 2787 1849 2864 sta·

272 2861 309 2927 dt
325 2866 387 2928 viae
405 2867 463 2926 viis
479 2865 547 2927 aliis
566 2862 625 2926 sant
653 2859 869 2937 difficiliores,
896 2865 957 2926 imo
983 2861 1045 2940 ipsa
1080 2861 1192 2930 taeniis
1221 2862 1360 2942 r'er'rrrrr'a,
1388 2876 1424 2930 ut
1464 2885 1497 2929 rr
1527 2864 1576 2929 boc
1596 2865 1748 2942 impedirer
1774 2863 1850 2929 aliar

275 2944 354 3006 aeris
374 2946 570 3020 intemperies
595 2962 704 3033 augere
735 2939 833 3015 potest
851 2941 885 3006 dt
907 2945 1046 3009 minitere
1078 2943 1164 3022 piar,
1182 2944 1223 3011 Ψ
1241 2945 1333 3025 magis
1361 2883 1530 3027 accessiriar
1555 2943 1680 3025 truffas.
1702 2946 1741 3010 Et
1764 2946 1849 3023 equi·

271 3024 496 3100 incommoda,
525 3041 598 3102 puta
633 3026 655 3085 lr
679 3024 740 3086 iter
766 3019 822 3086 stat
846 3042 916 3086 cum
944 3025 1049 3102 nive,
1079 3023 1149 3086 dem
1170 3026 1236 3100 quis
1266 3024 1398 3100 credet,
1429 3028 1509 3102 quod
1533 3023 1668 3090 Ecclesia
1698 3028 1850 3090 ieiunium

272 3101 396 3180 pluvia,
418 3102 480 3168 dte.
497 3105 653 3169 Antoine.
887 3136 891 3143 ·
1081 3103 1286 3180 praeclpicndo
1301 3121 1337 3168 ut
1362 3108 1570 3182 promotivum
1597 3106 1634 3169 ad
1660 3104 1790 3182 bonum,
1812 3105 1852 3170 ad

223 3192 256 3231 ¹⁸·
317 3181 384 3259 Qui
412 3203 486 3248 vero
511 3188 573 3250 iter
587 3180 705 3249 faciunt
724 3202 815 3246 curru
831 3180 865 3245 dt
883 3200 980 3259 eqtro,
1000 3203 1046 3248 re-
1080 3180 1157 3247 illud
1186 3182 1322 3262 obligare
1346 3183 1515 3249 intenderit
1545 3186 1640 3249 ctiam
1655 3184 1795 3263 qtrando,
1814 3183 1850 3251 d<

223 3258 255 3331 ,³⁸
271 3260 428 3341 gulariter
441 3263 476 3331 ἀ
490 3264 647 3330 ordinarie
663 3262 812 3337 loquendo
829 3262 974 3325 videntur
984 3284 1044 3327 non
1080 3280 1233 3339 quatenus
1259 3264 1473 3341 impeditivum
1496 3262 1540 3328 esi
1561 3268 1684 3329 maioris
1710 3263 1805 3342 bonig
1828 3262 1851 3327 st

271 3342 408 3407 excusari
427 3364 444 3408 a
462 3346 577 3408 ieiunio
600 3393 607 3407 .
629 3342 859 3406 Excusarentur
883 3359 988 3405 tamen
1004 3342 1045 3408 ob
1082 3339 1268 3416 prohibendo
1293 3345 1468 3411 iudicialem
1492 3340 1650 3420 llrepitnm
1679 3344 1783 3410 diebus
1805 3344 1852 3409 se·

270 3421 552 3488 extraordinariam
575 3420 800 3489 concussionem
812 3469 831 3507 p,
862 3422 910 3484 vel
931 3417 1043 3488 defati-
1081 3419 1150 3498 slis,
1170 3425 1285 3501 exeipit
1301 3422 1354 3487 nisr
1372 3427 1405 3488 in
1421 3426 1732 3505 contrariumexigat
1749 3421 1851 3488 neces·

272 3505 448 3580 gationam,
472 3521 508 3568 ur
529 3505 686 3581 contingit
704 3504 736 3564 in
751 3503 925 3564 cursoribus
942 3502 958 3575 (
978 3502 1045 3566 vul·
1080 3500 1173 3578 sitas,
1191 3499 1226 3565 dr
1244 3506 1342 3576 pietas
1359 3500 1503 3579 suadeat,
1529 3523 1564 3567 ut
1582 3508 1626 3568 ait
1640 3502 1769 3582 Gregor.
1792 3504 1847 3567 1x;

267 3602 310 3661 go
331 3580 454 3644 torrierr'
471 3581 560 3657 )s1ve
577 3601 618 3646 ex
638 3578 741 3645 officio
757 3581 820 3643 srvc
841 3579 902 3642 alio
928 3585 1044 3656 impor·
1079 3578 1193 3657 r'rrcap.
1216 3582 1321 3646 rsit.dr
1343 3579 1462 3663 feriis?
1496 3583 1579 3646 Hinc
1610 3585 1721 3647 melius
1743 3617 1758 3659 ,·
1781 3603 1852 3662 pro·

269 3664 354 3725 tanti
377 3666 502 3740 negorio
514 3658 687 3725 conduslis.
709 3658 753 3718 Hi
770 3660 853 3721 enirn
868 3659 964 3723 eriam
983 3662 1044 3735 pri·
1079 3655 1267 3735 sabinosque
1286 3662 1424 3726 sentiunt
1440 3660 1606 3739 Sancbez,
1626 3660 1768 3742 Gabriel,
1789 3664 1852 3729 Ar·

263 3758 321 3803 rna
343 3742 392 3803 die
407 3760 425 3803 a
442 3742 558 3804 ieiunio
573 3735 907 3815 exempticensentur,·
924 3742 1043 3803 etenim
1080 3738 1165 3803 milla
1188 3760 1258 3801 cum
1281 3740 1350 3804 aliis
1375 3760 1485 3806 contra
1508 3744 1548 3804 ali
1572 3762 1647 3819 uos,
1672 3741 1744 3805 dun
1763 3739 1851 3807 sulll·

269 3823 304 3881 in
325 3820 370 3882 bis
396 3820 602 3885 attendendus
627 3816 671 3883 esl
691 3837 753 3881 non
786 3812 882 3879 solum
911 3816 1045 3893 praesens
1081 3835 1156 3882 nent
1177 3816 1234 3882 boc
1259 3819 1493 3899 intelligendum
1517 3840 1577 3885 ee
1611 3818 1728 3885 etiamst
1756 3840 1853 3898 opera

265 3897 387 3977 slatus,
407 3896 455 3962 sed
472 3906 569 3963 etiam
585 3898 732 3971 suturus‚·
758 3898 809 3959 alii
833 3916 909 3959 vcro
936 3896 956 3958 ti
983 3900 1042 3962 iter
1081 3898 1243 3961 chariratis
1276 3899 1353 3964 liant
1376 3921 1415 3963 err
1433 3903 1553 3978 propria
1580 3900 1769 3979 voluntate,
1788 3921 1853 3966 oon

269 3982 360 4041 nimis
386 3978 512 4058 longutu
534 3997 608 4056 puta
629 3979 760 4052 plurium
786 3975 932 4050 distrun,
960 3979 1042 4054 quod
1080 3999 1119 4040 ex
1139 3975 1244 4043 offitio
1261 4027 1272 4055 ,
1291 3978 1326 4045 dt
1353 3980 1528 4045 obedientia
1548 4028 1556 4057 ,
1575 3980 1609 4044 dt
1631 3979 1700 4046 luet
1727 3981 1853 4048 videtur

268 4078 332 4120 non
356 4057 456 4123 levem
476 4057 731 4139 defatigationem
753 4058 934 4135 importaret
955 4103 964 4132 ,
988 4079 1042 4136 ag·
1079 4059 1175 4121 etiam
1194 4057 1256 4123 else
1272 4058 1426 4124 sententia
1442 4058 1542 4124 Μὴ,
1554 4059 1586 4123 in
1604 4084 1633 4139 4.
1649 4061 1714 4138 dir.
1727 4066 1806 4141 15.,'q.
1821 4078 1850 4140 3.

269 4136 354 4215 gredi
373 4138 522 4204 debeant.
547 4136 793 4218 Dixisccrrndum
820 4136 876 4214 se,
897 4139 969 4212 quia
991 4159 1043 4202 ra·
1079 4150 1136 4199 art.
1161 4157 1185 4198 r.
1224 4138 1339 4203 ‚aad
1358 4155 1384 4218 ς.
1408 4137 1458 4203 ubi
1489 4136 1527 4204 src
1546 4144 1620 4209 ait.-
1654 4140 1687 4206 Sr'
1711 4142 1790 4205 enirn
1810 4144 1851 4223 fir

230 4238 233 4245 ·
272 4220 365 4280 tione
383 4218 489 4282 debilis
508 4219 745 4298 complexionis,
766 4215 948 4285 deficientia
968 4237 1043 4280 ton·
1078 4230 1164 4306 rania
1185 4159 1372 4306 assistentia,
1389 4220 1466 4297 quod
1481 4218 1562 4283 hmo
1577 4216 1764 4297 assperitas
1791 4222 1851 4285 aiil·

269 4298 337 4372 grui
358 4297 520 4373 alimenti,
542 4300 591 4363 vel
612 4294 746 4362 difficilis
768 4298 910 4371 itineris,
933 4294 1043 4359 leuni—
1077 4295 1200 4362 storrbrrr
1219 4299 1399 4376 tmpediairrr
1420 4345 1430 4376 ,
1449 4297 1590 4377 quamvis
1610 4302 1651 4363 ad
1682 4321 1715 4363 ea
1742 4300 1780 4363 de
1799 4324 1850 4365 rre-

271 4378 342 4451 νίς,
359 4373 481 4455 frigoris
497 4377 559 4444 dcc.
577 4380 677 4455 pollet
697 4381 764 4455 quis
783 4380 880 4439 etiam
901 4379 932 4437 in
948 4382 1038 4441 itine·
1075 4377 1203 4457 ceffrtrrte
1231 4400 1288 4441 non
1317 4390 1454 4441 teneatur
1473 4426 1482 4451 ,
1510 4378 1697 4457 indiscretum
1714 4380 1753 4460 est
1772 4380 1849 4446 letir-

272 4474 307 4517 re
342 4457 516 4521 unius-diei
549 4459 619 4522 licet
644 4453 835 4522 fasio‘curru
860 4455 911 4518 vel
932 4476 1014 4531 equo
1031 4506 1041 4537 ,
1078 4460 1180 4534 nirrm,
1201 4458 1252 4538 erss
1268 4479 1324 4521 raon
1338 4462 1377 4537 fir
1397 4457 1554 4522 illicitam.
1572 4461 1673 4523 Licire
1693 4464 1850 4537 igiturvo·

271 4534 409 4612 legitime
430 4535 569 4603 excusari
596 4558 614 4601 a
644 4539 787 4601 ieiunio.
814 4534 1040 4615 ceteroquin,
1079 4538 1215 4601 luntario
1234 4557 1326 4613 opera
1346 4536 1503 4602 chariratis
1519 4541 1711 4615 quis-exequi
1738 4540 1848 4615 valet,

268 4611 345 4677 idesi
362 4615 408 4680 lris
418 4621 554 4694 exceptis
566 4667 574 4693 ,
588 4620 792 4681 communiter
801 4616 952 4691 loquendo
967 4636 1038 4680 con·
1082 4614 1201 4701 tametsi
1228 4615 1269 4680 ob
1288 4636 1326 4681 ea
1351 4617 1510 4682 commode
1531 4619 1668 4682 ieiunare
1690 4638 1845 4698 nequeat.

267 4694 1043 4775 trariamproposnionemquaen.esi31.proscripsrt
1078 4698 1275 4783 Erculanrur
1297 4699 1389 4776 igitur
1416 4719 1434 4762 a
1465 4699 1606 4773 ieiunio,
1633 4701 1684 4775 qui
1714 4698 1849 4776 pluribus

271 4773 448 4839 Alexander
456 4776 526 4841 Vll.
538 4780 568 4842 in
577 4798 636 4852 qua
655 4775 846 4841 tantumn
856 4775 1045 4854 Excusantrrr
1080 4775 1207 4840 infirmis
1225 4778 1400 4841 inserviunt
1421 4780 1453 4839 in
1475 4773 1672 4853 hospitalibus
1687 4778 1720 4845 ἀ
1737 4778 1849 4846 Mona·

272 4851 571 4937 absolarrapraecepto
588 4858 693 4922 r'er‘rtnr'r
710 4857 941 4937 quiiteraguat,
959 4861 1043 4935 egar-
1079 4856 1175 4921 sierir's
1195 4902 1205 4931 ,
1231 4858 1300 4933 quia
1325 4855 1392 4921 baec
1412 4877 1597 4933 nonnarum
1617 4856 1727 4922 laboris
1747 4858 1849 4923 letum
1989 4906 1992 4933 ,

269 4934 1043 5019 tando,arcamqaer'rrragnrr,eriamfir'rrrrsercsl'a-
1078 4936 1230 5003 afferunt.
1251 4934 1332 5001 stem
1352 4934 1541 5002 excusantur
1561 4937 1732 5002 voluntarii
1763 4958 1848 5013 pere·
1940 4936 1948 4950 '

223 5014 353 5111 &rium
361 5018 515 5098 consta&
523 5016 1041 5098 etiamstiterunirrsdier'confirr'arrt.
1111 5018 1153 5081 ini
1172 5061 1181 5092 ‚
1201 5014 1321 5092 quando
1349 5017 1510 5083 cormode
1536 5018 1672 5082 ieiunare
1701 5035 1764 5081 nm
1792 5037 1850 5081 va·

223 5138 277 5181 m,-
313 5093 404 5165 circa
431 5100 549 5167 militet
576 5118 655 5168 reto
683 5117 758 5177 quos
788 5098 1040 5177 Salmanticeuses
1130 5112 1166 5177 t,
1186 5114 1244 5165 otc
1259 5098 1466 5181 peregrinatio
1481 5094 1598 5167 differri
1617 5094 1735 5179 porcis,
1749 5094 1848 5191 nelo·

1733 5196 1798 5246 (103

402 5262 427 5293 st
