4425 6000
541 439 750 525 iiior.
789 465 857 520 na
892 444 1040 520 lucr·
1087 423 1157 519 nr
1193 435 1307 518 luit.
1341 443 1463 519 Car.
1498 443 1556 517 ii.
1732 453 1782 544 ἰς

1008 577 1010 582 -
1070 541 1208 621 bitione,
1225 562 1289 607 non
1309 542 1468 609 tenebitur
1487 541 1647 609 restituere
1668 590 1677 619 ,
1704 543 1761 608 nisi
1779 564 1837 612 no·

587 635 612 695 5.
632 624 718 693 iiiii
1072 621 1165 693 tabilc
1185 623 1329 688 damnum
1343 623 1510 688 attulerit.
1530 621 1567 687 ln
1587 622 1764 705 locisvero,
1783 624 1838 691 ubi

302 739 725 838 broccepciioncgemmarrtm
737 740 996 835 ,rieriarrnmrrrri²
1069 700 1398 850 filta‘tgnsuffiss'qlgss
1414 723 1449 847 ξ
1466 705 1544 849 Ψέῗ
1559 701 1838 850 'pefftaffisub‘

355 825 397 897 ω’
415 839 551 918 “mi
572 827 749 920 desaffl‘ln‘
769 821 946 903 ''mmuh'’
1071 806 1307 942 tempusnliberi
1330 805 1478 930 maritans
1491 804 1659 930 vcorrstsiuni
1685 800 1838 943 pastiotrffi

456 905 497 1022 Ψ
520 910 677 990 ''mum'‘
701 902 852 987 'nfflva'
1070 940 1133 1023 post
1150 944 1213 1010 tale
1233 963 1351 1023 tempus
1367 941 1492 1025 quisque
1508 942 1587 1009 bisce
1607 945 1639 1006 in
1649 942 1721 1037 locis
1737 940 1839 1022 pasce·

301 1027 431 1094 Certum
451 1024 494 1091 esi
515 1022 593 1100 apud
612 1019 1036 1103 omnesootiorergemmr,
1070 1044 1102 1090 re
1126 1021 1225 1100 potest
1250 1044 1371 1107 gregem
1399 1022 1487 1090 suum
1510 1039 1581 1089 tuta
1618 1021 1839 1103 conscientie?

259 1107 388 1177 corallia
408 1153 419 1187 ,
444 1106 590 1185 lapillos,
617 1100 739 1180 aliaque
758 1099 881 1169 huiusce
901 1104 1036 1180 generis,
1070 1104 1150 1169 nulli
1170 1106 1253 1169 enim
1275 1105 1315 1171 ob
1332 1103 1583 1172 consuetudinem
1597 1120 1674 1170 tunc
1697 1100 1735 1169 fit
1754 1102 1839 1169 iniu'·

260 1207 331 1268 qtrae
352 1191 384 1250 in
404 1188 625 1264 promontoriis
640 1185 871 1259 inveniuntur,
894 1184 959 1246 iure
982 1199 1036 1246 na·
1071 1188 1133 1259 ria,
1156 1205 1226 1250 cum
1246 1184 1360 1250 domini
1378 1187 1410 1250 in
1430 1184 1487 1251 tali
1505 1182 1577 1251 casu
1607 1198 1763 1261 nequeant
1780 1179 1839 1248 nisi

259 1268 362 1336 turali
382 1262 443 1331 else
460 1267 558 1344 primo
573 1266 752 1339 occupantis
773 1311 783 1341 ,
811 1284 846 1329 ac
863 1262 1036 1334 inventoris
1071 1264 1323 1331 irrationabiliter
1346 1264 1408 1332 esse
1429 1265 1551 1330 inviti.
1582 1262 1760 1341 Respublica
1786 1280 1839 1329 ta·

260 1349 385 1433 Infids
398 1366 454 1414 rer.
465 1343 558 1424 divis.
568 1364 640 1408 nam
661 1342 726 1414 brec
742 1344 856 1409 nullius
872 1338 961 1407 sunt.
977 1341 1048 1430 Ev-¹
1071 1364 1175 1424 nren,
1200 1344 1235 1412 ἀ
1258 1347 1399 1423 Princeps
1427 1344 1526 1425 potest
1548 1343 1707 1423 probibere
1748 1339 1840 1409 allio·

263 1432 333 1507 cipe
351 1445 455 1494 tauien
470 1424 491 1487 li
513 1429 545 1489 in
563 1424 665 1501 aliquo
676 1423 782 1504 Regno
801 1420 889 1502 super
905 1421 1037 1499 aliquam
1071 1446 1141 1491 netn
1154 1427 1190 1496 in
1206 1423 1323 1503 pascuis
1343 1425 1381 1492 ad
1406 1425 1513 1492 urbem
1537 1442 1593 1490 aut
1620 1444 1684 1489 rem
1746 1422 1840 1489 licam

265 1529 307 1576 ex
327 1508 373 1573 bis
391 1523 516 1572 extaret
533 1504 608 1581 lex,
635 1525 695 1582 qua
715 1501 781 1568 liaec
795 1503 927 1580 Principi
945 1500 1037 1568 reser-
1111 1505 1314 1582 rtinentibus,
1328 1508 1400 1585 quia
1418 1504 1582 1583 aliquando
1597 1501 1629 1568 id
1651 1502 1776 1581 expedit
1785 1524 1840 1581 pu·

266 1602 443 1667 vacentur,
467 1602 503 1651 ut
521 1586 676 1650 maritima
698 1583 729 1646 in
753 1583 860 1650 Gallia
880 1603 921 1649 eir
939 1580 1037 1647 editio
1090 1586 1151 1653 lico
1171 1585 1269 1652 bono.
1286 1587 1347 1652 Hic
1370 1591 1475 1653 tamen
1496 1602 1588 1650 notat
1609 1580 1726 1649 Icilius
1745 1602 1839 1662 quan-

265 1668 421 1736 Ludovici
440 1665 526 1731 xiv.
549 1687 599 1730 an.
629 1661 718 1728 1681.
736 1662 826 1730 Circa
841 1660 1036 1738 vero-lapidi·
1070 1666 1110 1745 do
1126 1666 1235 1744 pascua
1252 1663 1323 1732 sunt
1344 1666 1425 1731 urbis
1445 1663 1479 1731 &
1499 1668 1567 1746 pagi
1585 1662 1644 1744 ,&
1659 1662 1691 1727 hi
1711 1681 1773 1727 non
1791 1659 1838 1728 so·

263 1752 350 1816 cinas
366 1796 376 1828 ,
406 1746 621 1825 carbonarias,
648 1745 794 1809 cretarias
811 1777 822 1823 ,·
837 1740 956 1809 fodinas
976 1737 1036 1807 ser·
1070 1745 1157 1812 leant
1171 1750 1293 1826 exigere
1309 1747 1412 1812 damni
1441 1746 1695 1824 reparationem,
1724 1740 1774 1807 led
1790 1739 1840 1833 so-

263 1833 291 1896 ti
305 1878 315 1907 ,
330 1828 364 1896 ἀ
380 1826 512 1907 plumbi,
527 1831 626 1891 senas
640 1824 810 1890 metallicas
825 1825 912 1901 auri,
931 1819 967 1890 ἀ
985 1841 1036 1887 ar·
1070 1828 1132 1891 lam
1140 1821 1501 1906 muitiamimpoiitamfi
1511 1824 1840 1891 damnificanteecom·

261 1909 369 1990 genti,
383 1907 517 1986 (petito
532 1907 600 1971 iure
616 1903 752 1970 naturali
772 1952 781 1982 ‚
808 1919 848 1969 ac·
863 1902 1035 1978 Gentium,-
1069 1906 1316 1984 prehendantur,
1335 1906 1491 1974 restitutio
1507 1909 1540 1970 in
1555 1905 1613 1972 tali
1632 1901 1705 1970 casu
1721 1920 1784 1966 non
1794 1900 1841 1969 ess

261 1985 386 2054 etiamst
401 1991 432 2050 io
448 1984 542 2051 fundo
563 1985 665 2051 alieno
682 1987 901 2061 inveniantur,
921 1981 959 2047 ad
979 1981 1034 2048 do·
1069 1984 1233 2053 facienda.
1255 1986 1392 2067 Herbae,
1415 2008 1484 2066 quae
1501 1988 1534 2050 in
1562 1984 1686 2065 proprio
1712 1981 1841 2050 alicuius

262 2070 384 2132 minum
406 2062 490 2132 fundi
511 2086 573 2133 non
589 2068 774 2143 pertinere,
800 2061 849 2128 sed
869 2061 906 2127 ad
926 2064 1035 2138 iorcn
1068 2086 1141 2148 agro
1161 2064 1224 2146 poll
1239 2064 1378 2134 coiieilor
1398 2063 1513 2134 liutius
1530 2081 1691 2133 remanent
1706 2062 1785 2144 ,vel
1800 2062 1841 2130 de

264 2158 383 2224 torem,
398 2149 489 2223 quia,
503 2148 546 2211 ait
562 2144 741 2223 Habertus,
756 2163 880 2222 aequutn
897 2160 963 2208 non
987 2140 1034 2236 es}
1066 2165 1153 2212 novo
1181 2145 1348 2214 nascuntur
1369 2195 1378 2223 ,
1402 2168 1476 2213 num
1509 2143 1569 2212 sint
1598 2149 1786 2212 communesi
1803 2163 1841 2210 o·

260 2244 313 2291 res
329 2221 474 2301 pretiosas
494 2228 635 2290 accedere
654 2221 749 2302 fundo
765 2221 908 2288 viliffimo
928 2226 958 2290 §-
977 2228 1034 2289 Β·
1067 2226 1188 2292 mnibus
1201 2227 1321 2293 civibus
1336 2227 1420 2293 illius
1442 2227 1619 2308 territorii,
1649 2224 1707 2291 lioc
1727 2220 1841 2303 pendet

258 2317 337 2373 ierae
355 2303 484 2387 institui.
505 2306 544 2372 de
562 2313 620 2371 ser.
641 2302 733 2388 divis.
759 2302 932 2369 Secundum
956 2323 1034 2378 vero
1068 2328 1086 2373 a
1103 2305 1343 2388 consuetudine,
1362 2306 1413 2376 vel
1436 2307 1552 2387 legibus
1571 2308 1711 2374 locorum
1731 2328 1744 2383 ,·
1774 2301 1840 2384 ple'·

259 2384 339 2452 alios
349 2383 476 2464 ¹domino
495 2382 580 2449 fundi
601 2382 670 2454 sunt
686 2381 892 2450 adiudicandac
911 2426 920 2446 .
948 2380 1034 2450 Nam
1067 2409 1196 2465 rumque
1214 2407 1319 2453 tamen
1338 2385 1504 2456 censentur
1522 2405 1716 2462 communes.

258 2463 327 2562 liaec
348 2464 399 2529 vel
423 2464 582 2560 sontpars
607 2461 691 2559 suntsi
715 2514 725 2542 ,
749 2468 800 2543 qui
815 2483 879 2529 non
889 2461 1032 2560 ,consissit
1083 2535 1085 2539 ,
1107 2469 1155 2533 De
1178 2466 1402 2547 significatione
1423 2489 1515 2547 vero,
1531 2465 1705 2547 priusquam
1722 2461 1839 2544 aliquid
1854 2455 1982 2586 ”smil

249 2567 293 2610 in
314 2541 376 2609 sola
397 2544 580 2623 superficie,
599 2543 650 2610 sed
670 2565 704 2610 in
733 2562 802 2612 tota
823 2540 1034 2622 profunditate
1067 2546 1249 2624 statuatur,-
1278 2550 1448 2615 notandum
1467 2546 1566 2631 sylvas
1586 2543 1740 2614 aliaeeise
1757 2525 1892 2646 cona-{g

258 2624 355 2701 iisque
372 2625 412 2690 ad
429 2644 569 2691 centrum
587 2657 598 2703 p
627 2626 678 2693 vel
701 2622 767 2692 sunt
795 2620 909 2690 studius
927 2620 1030 2702 supdi,
1066 2648 1191 2705 munes,
1209 2626 1283 2693 idell
1293 2629 1470 2708 reipublicae
1483 2629 1647 2709 ,Principis
1658 2625 1728 2706 ,vel
1743 2624 1840 2693 alicu·
1898 2624 1909 2649 “

258 2726 331 2774 cum
345 2705 377 2768 in
393 2726 432 2771 eo
448 2706 641 2780 nascantur,-
670 2702 721 2770 seo
735 2701 939 2774 ,formenturi
960 2703 1033 2769 Iure
1067 2713 1114 2775 ius
1134 2708 1193 2773 loci
1213 2753 1222 2788 ,
1240 2705 1293 2775 seu
1310 2710 1554 2774 communitatis
1572 2730 1585 2783 ,·
1610 2707 1685 2772 alias
1705 2706 1840 2784 porticu«

258 2802 365 2854 tamen
395 2785 481 2850 civili
502 2782 648 2859 aliquibus
668 2789 700 2847 in
731 2784 804 2849 locis
833 2791 927 2851 venae
945 2784 1033 2860 auri,
1068 2789 1178 2854 larium
1192 2786 1404 2866 personarum,
1418 2789 1489 2864 quia
1507 2783 1562 2865 ipsi
1582 2784 1700 2870 sylvam
1719 2785 1841 2862 planta·
1922 2807 1924 2811 ·

259 2862 437 2944 &argenti
457 2865 489 2927 in
510 2859 605 2927 fundo
623 2867 817 2940 privatorum
836 2862 976 2938 inventae
992 2880 1032 2926 eii
1067 2882 1160 2945 runt,
1179 2866 1233 2933 vel
1253 2868 1358 2945 quiaa
1379 2869 1540 2944 Principe,
1562 2862 1839 2931 seuCommunita⁴

258 2943 350 3027 ipsius
370 2944 451 3010 iuris
469 2938 666 3020 dispositione
689 2945 802 3019 partim
819 2941 898 3009 sunt
917 2942 1033 3008 Princi·
1066 2963 1098 3012 te
1117 2966 1188 3010 eam
1205 2963 1407 3026 receperunt,
1426 2944 1477 3013 vel
1496 2945 1767 3026 peremptionem,
1785 2945 1839 3017 vel

258 3029 322 3109 pis,
339 3026 456 3103 ¹partim
475 3025 666 3102 inventoris3
682 3027 715 3097 in
734 3023 883 3100 aliquibus
891 3025 959 3088 aliis
981 3041 1032 3087 ve·
1066 3028 1130 3096 alio
1150 3026 1259 3094 titulo,
1283 3025 1343 3092 His
1354 3026 1490 3105 positia,
1585 3091 1590 3099 ,

257 3124 297 3175 to
315 3106 388 3171 locis
416 3128 487 3173 curn
507 3106 661 3182 Principes
682 3103 721 3169 ob
761 3104 896 3170 oblicum
918 3102 1032 3168 bonum
1104 3105 1202 3173 Sicuti
1230 3109 1292 3171 iam
1312 3108 1443 3173 diximus
1471 3106 1509 3172 de
1531 3102 1840 3187 pascuisipublicis,

258 3184 372 3271 possint
392 3184 444 3251 sibi
461 3184 617 3252 vindicare
637 3189 718 3249 iure
744 3184 867 3249 odiendi
884 3185 950 3251 liaec
970 3202 1031 3246 me·
1067 3189 1111 3250 ita
1130 3191 1227 3252 etiam
1242 3186 1402 3252 dicendum
1420 3187 1458 3253 de
1474 3185 1589 3271 sylvis,
1610 3207 1680 3265 quae
1698 3185 1837 3252 suntrei·

258 3265 362 3343 talia,
385 3265 607 3332 &concedere
635 3267 766 3341 privaris
786 3267 838 3335 ius,
858 3285 896 3332 ea
921 3262 1031 3343 ubique
1066 3265 1196 3346 publicae
1237 3267 1287 3332 vel
1308 3267 1435 3335 alicuius
1450 3267 1527 3348 loci,
1548 3285 1604 3333 aut
1620 3266 1836 3333 communita·

257 3345 448 3439 inquirendi,
465 3334 539 3410 ideis
558 3347 655 3412 etiam
675 3349 706 3410 in
720 3346 799 3433 agris
811 3345 916 3411 alienis
934 3385 946 3420 ,
967 3343 1031 3409 ιὼὶ·Ι
1067 3349 1126 3424 tis,
1146 3315 1227 3424 posse
1246 3346 1490 3427 rempublicam,
1517 3368 1554 3413 ac
1579 3348 1745 3429 principem
1766 3365 1836 3423 pro·

259 3423 335 3493 libet
352 3428 683 3503 inveniantur„erttnt
700 3422 774 3491 iiico
793 3424 974 3503 applicanda
994 3423 1030 3487 ad
1066 3425 1169 3492 hibere
1187 3428 1268 3503 quod
1289 3448 1379 3493 nemo
1394 3431 1427 3491 in
1447 3433 1492 3494 eis
1512 3426 1593 3507 ligna
1612 3475 1622 3503 ,
1641 3424 1693 3491 seu
1713 3425 1835 3493 arbores
1853 3481 1876 3511 Κ

258 3503 433 3571 sustinenda
457 3504 641 3585 Reipublicae
660 3526 756 3571 onera
779 3543 788 3568 .-
813 3505 932 3571 Idcitco
952 3502 1031 3567 hisce
1065 3505 1184 3586 cadat,
1205 3527 1240 3572 ac
1260 3509 1325 3572 eius
1341 3528 1460 3586 ramos,-
1476 3527 1514 3572 ne
1533 3505 1834 3573 auferendonimiam

260 3586 293 3650 io
314 3582 653 3662 locisspeslaotfisco,
683 3606 790 3662 nempe
811 3586 940 3663 Principi
980 3585 1029 3659 qui
1066 3587 1219 3667 lignorum
1246 3587 1475 3653 multitudinem
1501 3585 1614 3670 sylva,
1641 3585 1832 3664 resignatio

259 3672 365 3732 tamen
386 3660 579 3743 compensare
607 3663 697 3729 debet
717 3665 861 3730 damnum
879 3622 961 3742 quocs
986 3664 1030 3737 in·
1064 3688 1133 3732 curu
1153 3669 1241 3746 gravi
1260 3671 1414 3739 communi
1438 3667 1550 3733 damno
1568 3662 1770 3744 destruatur,
1794 3662 1831 3730 dt

259 3741 360 3810 sertor
382 3744 475 3819 loco,
500 3742 550 3807 ubi
571 3742 774 3808 huiuscemodi
793 3767 881 3810 vcnae
898 3743 1037 3811 occasii.
1066 3763 1193 3825 pereat.
1217 3746 1302 3810 Nam
1318 3744 1507 3822 respublica,
1525 3745 1559 3811 δι
1577 3747 1665 3825 print
1705 3741 1833 3822 sidposr

260 3844 308 3894 cre
328 3824 550 3896 inveniunturs
568 3822 624 3884 Sed
645 3827 707 3887 iam
725 3840 798 3887 tunc
814 3821 875 3889 se're
896 3827 927 3887 in
946 3825 1029 3887 omni
1065 3832 1152 3901 lunc,
1168 3826 1247 3903 quod
1268 3826 1389 3903 publico
1408 3825 1493 3890 bono
1511 3824 1660 3903 inservit,
1692 3825 1770 3889 rcuti
1784 3821 1830 3890 esl

258 3903 380 3967 ditione
409 3922 499 3968 venae
527 3900 720 3981 metallico,
758 3907 907 3981 praecipue
934 3906 1032 3982 auri,
1064 3929 1103 3973 ne
1121 3903 1356 3982 aliquandofiat
1376 3907 1508 3986 lignatio
1527 3907 1560 3969 in
1578 3903 1673 3989 sylvis
1694 3923 1832 3970 conmu⁴

262 3981 298 4049 ἀ
320 3984 439 4058 argenti
460 3985 530 4048 lunc
547 3982 584 4047 de
604 3984 669 4049 iure
689 3985 791 4063 regio.
826 4048 828 4055 ,
979 4042 982 4046 ,
1064 3987 1179 4053 nibus:
1203 3986 1283 4051 unde
1304 3986 1349 4049 illi
1370 4034 1380 4064 ‚
1402 3988 1453 4062 qui
1481 3986 1606 4052 caedunt
1631 3986 1713 4065 ligna
1732 3981 1830 4065 sylva

223 4076 251 4126 i·
306 4062 395 4129 Circa
416 4060 585 4140 passionem
602 4063 796 4143 attendenda
818 4057 887 4126 sunt
906 4059 1030 4127 consue·
1063 4069 1301 4133 Communitatis
1346 4070 1432 4131 cuiu's
1452 4065 1522 4129 sunt
1538 4064 1671 4131 membra
1689 4063 1725 4130 ad
1742 4061 1830 4128 usum

216 4201 233 4213 ..
261 4143 399 4217 sudines,
421 4142 455 4209 &
476 4140 597 4220 statuta,
609 4143 764 4208 locorum·
785 4144 833 4207 De
853 4139 987 4219 pastione
998 4144 1028 4204 in
1064 4146 1144 4226 sibi,
1171 4146 1292 4220 suaeque
1312 4114 1436 4211 santiliae
1465 4146 1692 4222 necessarium,
1720 4161 1830 4220 nempe

215 4217 242 4316 ζ’
263 4226 366 4291 alieno
387 4222 509 4302 fundo,-
537 4223 610 4289 idest
627 4228 681 4310 qui
704 4222 836 4300 pasceret
862 4242 970 4300 pecora
999 4223 1030 4284 in
1065 4232 1154 4293 iuxta
1177 4227 1383 4304 prescriptam
1400 4227 1605 4305 qualitatem,
1622 4223 1656 4293 bt
1672 4224 1831 4301 quantita·
1909 4247 1915 4255 ·

264 4306 372 4373 illinis
389 4306 503 4381 Pilcuis
523 4304 611 4368 filum
632 4320 690 4371 attt,
707 4301 773 4380 seve
792 4298 1000 4373 cirtiwsentli
1021 4348 1031 4378 ,
1065 4327 1149 4384 tent,
1169 4328 1227 4379 nec
1243 4323 1369 4382 peccant
1390 4309 1563 4379 mortaliter
1605 4325 1659 4369 nec
1680 4314 1831 4368 tenentur

264 4386 374 4461 ambgi
392 4407 452 4447 non
475 4383 572 4461 potest
595 4386 666 4458 quin
683 4383 732 4448 liic
751 4404 820 4457 rcus
835 4382 910 4447 esset
928 4377 1031 4458 furti,
1065 4388 1102 4453 ad
1128 4387 1373 4452 restitutionem.
1402 4387 1512 4465 Neque
1535 4351 1630 4452 resecr
1655 4382 1736 4462 quod
1762 4386 1831 4459 pfo-

262 4468 297 4533 &
317 4463 503 4529 restitutioni
524 4465 702 4552 obnoxium
742 4463 881 4540 idemque
908 4460 1031 4527 censen·
1065 4467 1162 4532 hibita
1183 4466 1220 4529 sit
1241 4466 1353 4530 talium
1373 4465 1525 4546 lignorum
1543 4464 1740 4542 caefio;quia
1760 4463 1832 4529 ideo

262 4546 334 4611 dum
351 4549 387 4609 de
419 4567 482 4621 eo,
514 4550 563 4621 qui
587 4546 718 4621 pasceret
748 4548 777 4607 in
799 4543 914 4621 pascuis
934 4546 1030 4606 etiam
1064 4550 1143 4614 tales
1164 4547 1243 4611 fiunt
1262 4545 1475 4623 prohibitiones
1495 4588 1505 4626 ,-
1526 4568 1568 4618 ne.
1582 4547 1716 4622 alioquin
1732 4541 1830 4623 sylva

265 4644 377 4705 aperti<
391 4677 398 4702 ,
414 4647 481 4690 ouae
501 4626 592 4689 sciret
610 4647 671 4687 non
686 4624 745 4707 eise
765 4625 959 4700 communia,
980 4619 1028 4686 sed
1064 4627 1277 4693 destruantur,
1293 4625 1513 4706 ltaSalonius,
1536 4622 1828 4704 Toletm,syiviou

263 4706 927 4863 bistili‘iiiliiiilztiiiiii?
943 4705 1030 4847 iiiii
1065 4702 1831 4862 ililiiiiisslisiffliiiliiiiiii

335 4834 338 4845 i
464 4843 467 4847 .
494 4837 502 4863 ’
655 4814 659 4835 1
1172 4857 1174 4861 Ι
1216 4856 1218 4861 Ι
1307 4830 1316 4859 ,

265 4866 325 4931 loci
343 4876 460 4937 proprio
475 4869 599 4933 -lomino
618 4866 845 4932 rationabiliter
862 4866 982 4929 invito.
999 4863 1029 4925 Si
1044 4864 1050 4907 ³
1068 4866 1259 4945 provideret,
1280 4867 1324 4932 ira
1344 4885 1379 4930 ut
1399 4889 1469 4932 cum
1500 4865 1568 4931 usus
1591 4867 1740 4944 lignorum
1758 4880 1832 4937 quo·

265 4965 369 5011 aurem
384 4949 451 5023 quis
468 4948 568 5023 pascat
590 4949 622 5011 in
642 4946 757 5024 pascuis
779 4944 831 5011 sibi
852 4945 958 5011 aliisve
978 4947 1024 5007 ln·
1071 4944 1204 5012 tidianus
1218 4942 1256 5009 slt
1277 4996 1282 5017 ,
1309 4946 1330 5010 si
1351 4943 1473 5021 aliunde
1490 4967 1551 5012 non
1574 4940 1834 5029 provideremur,

240 5096 243 5101 ,
264 5029 342 5096 coiit
356 5028 566 5103 communibit
587 5029 809 5102 nonobstante
832 5023 907 5099 iniit
927 5023 1027 5109 proii-
1072 5048 1137 5097 oon
1156 5045 1316 5117 pcccueot
1333 5022 1424 5115 ,ibi
1442 5024 1648 5124 decommum
1665 5018 1838 5166 mg?
