4425 6000
473 481 545 573 418
707 474 898 553 -Trncm
926 502 983 551 ne
1012 482 1266 551 panetaria
1297 474 1521 549 riccimiri
1546 478 1649 555 Cir.
1679 481 1707 553 s.

427 578 543 645 decima
564 578 635 643 anni
656 596 741 655 parre
758 578 826 641 Deo
835 577 865 641 l'e
886 577 1193 653 inpoenitentiamdi·
1230 576 1332 637 uicum
1353 573 1476 651 ,multa
1492 573 1525 638 dt
1542 576 1667 655 insignia
1687 578 1826 666 mysleria
1847 600 1885 647 ac
1904 583 1998 649 bene·

426 678 550 725 carent.
573 660 613 725 Et
631 658 686 723 lroc
702 659 919 737 congruentius
939 656 1005 719 fieri
1020 672 1090 721 ¹non
1111 654 1193 735 posse
1229 652 1299 718 ficia
1322 658 1354 716 in
1381 652 1437 717 liae
1459 654 1566 718 eadem
1590 657 1639 722 die
1663 679 1718 735 pro
1733 661 1872 727 humano
1887 684 1999 743 genere

427 742 550 803 videtur
566 760 656 814 quam
678 760 749 803 cum
776 734 907 802 Ecclesia
928 734 957 798 se
980 753 1069 813 parat
1086 738 1123 801 ad
1139 753 1194 799 co·
1228 734 1310 798 Deus
1329 749 1475 811 operatus
1493 733 1555 798 esl.

426 818 1120 885 lendauianniversariamcommemorationem
1128 813 1195 879 Pas·
1269 812 1354 875 Inter
1370 811 1515 879 solemnes
1533 813 1674 882 Ecclesiae
1687 818 1917 897 institutiones,
1932 844 1998 899 quae
2025 816 2042 889 ¹³.

428 900 517 965 lionis
539 898 573 965 dt
593 898 727 975 Mortis,
748 916 839 973 quarn
859 894 1000 983 *Christus
1022 899 1088 961 eius
1103 892 1194 972 sporr-
1229 892 1422 957 celebrantur
1448 909 1587 971 tempore
1605 895 1776 976 Pascbatis,
1796 898 1999 967 numeraliter
2014 954 2042 991 m

427 976 474 1047 sut
491 1000 544 1056 pro
559 981 713 1043 communi
734 974 833 1042 salute
848 975 943 1043 subire
965 975 1082 1040 voluit'.
1098 1044 1111 1055 „
1230 975 1361 1065 Licentiae
1385 975 1538 1048 maiorer,
1567 995 1636 1051 quae
1664 998 1833 1045 occurrunt
1870 980 1922 1046 die
1948 999 2042 1061 apta.

467 1058 599 1123 Demum
615 1061 709 1123 tertia
726 1076 793 1134 pars
812 1052 944 1119 eiusdem
961 1058 1104 1130 temporie
1114 1052 1194 1130 quod
1230 1052 1363 1130 Aprilis,
1378 1071 1461 1115 nuuc
1481 1052 1519 1115 D.
1536 1053 1647 1119 Marco
1663 1053 1767 1135 sacra,
1791 1059 1827 1125 ὰ
1848 1058 1997 1143 minores,
2012 1070 2038 1118 tii

428 1136 540 1207 Pascha
555 1137 726 1213 antecedit,
745 1137 889 1200 maiorem
905 1133 1115 1210 compleslitur
1126 1133 1195 1197 heb·
1248 1152 1296 1195 uae
1321 1129 1515 1195 celebrantur
1542 1135 1575 1196 in
1605 1134 1702 1199 tribua
1728 1137 1835 1204 diebus
1860 1144 1998 1217 proxime

341 1252 343 1259 ·
428 1218 604 1293 domadam,
619 1236 688 1293 quae
705 1218 802 1307 eriam
821 1211 974 1280 lausia&
994 1212 1119 1291 poenosa
1138 1234 1194 1278 vo·
1228 1155 1547 1305 sellumlb'scensronis
1565 1215 1825 1289 praecedentibus.
1848 1220 1939 1286 Licet
1956 1240 1999 1286 ta·
2019 1192 2042 1244 ‘⁵

428 1315 540 1374 catur,
571 1313 608 1360 ut
629 1296 674 1358 hia
701 1312 798 1359 etiam
818 1297 991 1360 nominibus
1010 1310 1195 1357 moneantur
1228 1311 1298 1353 nien
1318 1291 1399 1366 dies,
1421 1308 1453 1350 in
1468 1288 1574 1366 quibus
1589 1293 1786 1361 celebrantur
1808 1298 1944 1367 Litaniae
1960 1322 1998 1365 ex

429 1377 532 1440 sidcler
553 1393 588 1441 ut
609 1371 725 1443 solicite
742 1391 852 1438 curent
869 1372 898 1438 se
919 1376 1036 1438 munire
1055 1370 1195 1449 Christo,
1229 1367 1372 1462 Ecclesiae¹
1388 1366 1530 1462 inslituto
1547 1392 1611 1436 non
1636 1371 1695 1437 sint
1715 1376 1937 1445 universaliter
1956 1381 1995 1444 se·

430 1478 467 1529 ac
481 1452 578 1521 sansta
598 1456 664 1520 eius
684 1454 889 1532 cogitatione.
1004 1496 1009 1510 .
1229 1448 1539 1526 lliviflnihilominui
1565 1452 1579 1529 (
1598 1452 1720 1533 tametsi
1745 1456 1783 1521 de
1806 1458 1855 1522 liis
1871 1458 1939 1524 solis
1954 1458 1994 1524 se·

401 1593 406 1604 .
471 1537 611 1603 Solemne
638 1529 789 1601 Pascbarir
816 1532 926 1597 sellum
946 1532 981 1596 ab
997 1531 1063 1611 ipsis
1090 1530 1196 1597 Eccle-
1229 1527 1279 1593 llis
1298 1547 1382 1593 mena
1402 1526 1440 1591 sit
1460 1527 1512 1592 bic
1533 1549 1640 1610 agere,
1661 1535 1675 1611 )
1697 1534 1797 1600 visum
1820 1534 1882 1602 fuit
1901 1536 2001 1604 obso-

288 1594 416 1706 ffl‘ff'·
431 1615 483 1682 sia
508 1612 694 1696 primordiis,
720 1612 792 1676 idesl
816 1634 835 1677 a
856 1632 997 1691 tempore
1027 1610 1091 1689 ipso
1110 1614 1195 1688 Apo·
1230 1610 1443 1702 lemnitatem,
1462 1629 1522 1682 qua
1538 1610 1752 1704 celebrantur,
1775 1616 1868 1681 lusce
1889 1618 1941 1683 sub
1963 1618 1996 1682 si·

287 1720 400 1773 icariis.
431 1696 581 1762 slolorum
608 1692 646 1758 ab
675 1693 818 1757 universa
836 1692 970 1757 Ecclesia
988 1711 1057 1757 tuni
1084 1692 1197 1755 Orien·
1230 1689 1328 1753 leutio
1348 1707 1411 1753 non
1429 1705 1687 1765 praetermittere.
1708 1695 1847 1761 thaniae
1864 1718 1934 1775 quar
1948 1719 1998 1763 oc·

428 1782 470 1843 tis
498 1797 564 1845 tum
593 1773 773 1837 occidentis
800 1771 988 1857 celebratum
1015 1769 1103 1847 suit,
1134 1772 1196 1833 imo
1228 1785 1357 1833 currunt
1377 1767 1426 1830 die
1445 1785 1491 1842 ²5·
1512 1772 1644 1849 Aprilii,
1672 1782 1993 1855 vocanturmaiorei,

426 1878 498 1925 curn
517 1857 654 1919 maximo
670 1852 792 1916 laeritiae
808 1850 911 1925 sensu,
934 1852 1003 1927 quia
1020 1867 1094 1914 tunc
1113 1868 1194 1914 com·
1228 1847 1263 1914 dc
1289 1867 1358 1924 quar
1387 1846 1583 1913 celebrantur
1604 1852 1707 1919 triduo
1738 1874 1813 1919 ante
1840 1854 1995 1922 Ascensro·

426 1939 564 2017 pletum,
589 1929 862 2007 consumatumque
887 1929 946 1994 suit
963 1950 1037 2005 opur
1058 1930 1195 2005 rimqni·
1229 1947 1322 2003 nem,
1343 1945 1496 1990 vocantur
1516 1930 1668 2008 minores,
1687 1952 1751 1996 non
1771 1937 1846 2012 quia
1868 1938 1951 2001 inter
1967 1936 1995 1998 se

426 2015 575 2091 randum,
590 2029 713 2085 tamque
733 2008 931 2073 necessarium
952 2007 1087 2073 humano
1105 2026 1194 2087 gene·
1228 2003 1395 2083 disserant,
1419 2026 1488 2071 cum
1516 2005 1648 2077 eiusdem
1676 2008 1735 2075 sint
1767 2018 1898 2078 rationis
1924 2012 1995 2081 idell

423 2089 1192 2244 aiusauluiuuu‘erubuit
1227 2081 1546 2231 laudaque
1560 2087 1994 2238 ‘aliaeue‘

460 2197 474 2239 l'
515 2196 524 2237 Ι
1870 2196 1884 2235 ῐ
1937 2195 1973 2235 ll

422 2252 545 2331 nollra,
561 2251 596 2319 ἀ
612 2251 778 2315 resurrexit
801 2264 924 2325 propter
943 2245 1193 2312 iustificationem
1228 2246 1334 2310 maiori
1351 2240 1547 2310 solemnitate
1562 2192 1880 2327 sueruntsnllitutaep,
1898 2197 1993 2318 &be

422 2332 578 2399 nourin-
599 2327 633 2395 &
648 2331 718 2406 quia
734 2326 844 2391 Christi
871 2326 1047 2392 resurreetio
1071 2324 1130 2392 suit
1148 2324 1193 2391 su·
1229 2325 1352 2391 lebratae
1370 2326 1490 2409 ¹maiori
1519 2325 1686 2407 concursu,
1710 2328 1744 2393 dt
1773 2330 1994 2398 Ecclesiastico·

423 2424 505 2480 rurae
521 2380 632 2475 nobiae
643 2402 866 2473 resurreblionie
876 2425 1106 2486 argumentum.
1124 2405 1191 2468 Un·
1228 2426 1295 2470 turn
1314 2424 1385 2469 cum
1404 2401 1567 2481 presentia
1595 2405 1683 2483 ipsius
1703 2410 1867 2477 Pmirilicis
1890 2410 1925 2476 dr
1944 2410 1993 2475 se·

424 2494 599 2559 demerito
627 2485 737 2555 Pascha
767 2485 945 2573 Christianis
971 2484 1014 2549 ell
1040 2484 1191 2551 sellivitar
1226 2478 1528 2560 cularium,&cum
1546 2489 1654 2549 maiori
1675 2506 1845 2571 apparatu,
1877 2490 1929 2554 vel
1955 2491 1991 2554 ob

424 2571 655 2645 seslivitatum,
673 2567 847 2631 solemnitas
869 2564 1115 2629 solemnitatum:
1132 2564 1191 2629 baec
1227 2562 1448 2641 longitudinem
1467 2566 1604 2626 itineris.
1628 2566 1711 2630 Nam
1728 2569 1825 2631 etiam
1846 2574 1990 2648 minores,

423 2672 497 2716 vere
517 2650 579 2715 dier
599 2649 638 2725 est
661 2666 767 2724 quani,
792 2662 827 2708 ut
843 2648 887 2709 ait
904 2644 932 2705 S.
950 2644 1122 2721 Psalmilla,
1140 2644 1190 2725 se·
1225 2641 1348 2720 quando
1370 2639 1433 2717 poll
1453 2660 1558 2734 earum
1573 2642 1798 2731 inslitutionem
1821 2653 1986 2715 coimmuni-

422 2731 463 2799 ιιι
483 2728 647 2799 wmarus,
664 2729 695 2789 in
711 2745 770 2802 qua
786 2725 930 2788 exultare
946 2724 1188 2797 debentomnes‚
1226 2719 1337 2786 recab
1365 2716 1503 2785 Ecclesiae
1530 2742 1663 2800 receptae
1692 2722 1797 2806 suere,
1828 2729 1930 2793 relate
1955 2726 1990 2791 ad

420 2812 600 2877 arietari.
630 2806 715 2871 Hinc
745 2805 819 2867 olim
847 2825 899 2881 per
927 2821 1028 2868 rotam
1048 2802 1189 2868 oslavam
1227 2802 1299 2864 aliar
1326 2800 1494 2875 Litaniaa,
1523 2807 1728 2877 quapiminori
1761 2807 1991 2873 celebrabantur

421 2895 460 2955 ab
478 2891 560 2953 omni
641 2906 672 2951 re
701 2883 800 2948 servili
823 2881 984 2946 Christiani
1012 2883 1188 2959 cessabant,
1224 2881 1386 2963 concursu,
1403 2896 1566 2955 coeperunt
1587 2886 1756 2962 nuncupari
1772 2890 1924 2961 maiorer.
1940 2886 1988 2950 Li·

421 2972 456 3038 ἃ
482 2966 620 3047 suspena
646 2984 738 3031 erant
763 2966 899 3044 ieiunia,
921 2962 1080 3040 precesque
1101 2962 1189 3028 flexit
1225 2963 1313 3028 tania
1328 2962 1411 3025 enim
1431 2956 1580 3037 significat
1602 2962 1840 3046 procellionem,
1868 2966 1903 3036 dt
1922 2987 1989 3031 con·

421 3049 564 3132 genibus,
584 3067 651 3124 qua
669 3046 824 3111 trillitiam
839 3040 972 3133 spirant..
997 3045 1079 3108 Hinc
1096 3047 1189 3108 rorice
1224 3041 1345 3108 cursum
1365 3038 1466 3120 populi
1484 3037 1522 3104 ad
1541 3040 1677 3116 aliquam
1701 3043 1869 3111 Ecclesiam
1892 3065 1989 3128 proce·

420 3132 574 3206 repetitur
600 3126 723 3192 iustitiae
749 3145 811 3188 vox
837 3124 994 3201 Alleluia,
1020 3144 1088 3199 quae
1115 3124 1190 3188 olim
1224 3122 1344 3184 dentis.
1841 3157 1845 3162 -

422 3211 504 3288 apud
519 3210 631 3271 latinos
647 3203 712 3280 poll
730 3219 849 3279 tempus
876 3203 1014 3281 paschale
1040 3223 1099 3266 non
1110 3220 1188 3294 ¹erar
1265 3197 1425 3264 lulliruti’o
1439 3219 1474 3264 ac
1489 3200 1875 3279 compofitioLitaniaruni
1893 3206 1985 3270 maio·
1996 3200 2044 3274 Qfll

423 3295 457 3354 in
479 3285 552 3362 usu,
568 3285 665 3348 donec
679 3304 696 3345 a
712 3282 742 3343 8.
759 3281 911 3359 Gregorio
927 3280 1052 3344 extensa
1073 3279 1132 3344 suit
1153 3282 1187 3348 ad
1226 3297 1380 3368 rumque
1397 3278 1593 3344 celebrantur
1613 3282 1660 3348 die
1679 3302 1730 3362 ²5·
1746 3284 1864 3361 Aprilis
1883 3283 1958 3352 salso
1973 3277 2044 3380 affl:

423 3368 744 3435 Dominicaaomner,
767 3378 877 3437 utpote
898 3381 964 3435 quae
986 3363 1017 3422 in
1043 3360 1187 3422 honorem
1226 3356 1359 3433 pluribus
1383 3357 1532 3422 tribuitur
1559 3359 1599 3424 D.
1626 3361 1780 3442 Gregorio
1806 3367 1859 3443 qui
1887 3363 1990 3430 floruit
2004 3391 2044 3442 qq

423 3447 594 3512 Dominicrr
619 3436 852 3508 Resurreslionis
872 3441 1080 3506 celebrentur,
1110 3439 1188 3512 Qui·
1225 3434 1277 3500 sub
1292 3434 1354 3498 fine
1370 3433 1470 3501 saeculi
1488 3435 1566 3516 rs&
1585 3442 1679 3505 initio
1697 3445 1728 3504 6.
1744 3461 1816 3508 cum
1837 3447 2044 3522 reperim-riri

422 3523 547 3590 busdam
561 3519 719 3592 veteribus
734 3517 930 3594 Chrillianis',
949 3523 1097 3596 praecipue
1105 3516 1189 3584 Asia·
1227 3535 1278 3580 tur
1298 3535 1339 3580 err
1360 3515 1501 3590 pluribus·
1509 3522 1718 3585 monumentis
1731 3523 1838 3588 multo
1854 3523 1920 3604 ipso
1938 3545 1989 3589 an·

424 3608 494 3674 eicis
522 3604 637 3680 placuit
660 3600 814 3668 celebrare
840 3597 951 3665 Pascha
977 3599 1025 3660 die
1057 3596 1189 3663 decima·
1226 3597 1391 3670 tiquiorea,
1419 3615 1456 3660 ut
1489 3616 1574 3674 pater
1602 3599 1803 3677 expluribus
1829 3604 1991 3683 curtiliis,

423 3706 531 3762 quarta
553 3686 652 3752 Lunae
669 3678 776 3745 nic-nsit
793 3679 901 3746 Martii
921 3727 930 3758 ,
954 3698 1013 3755 qua
1036 3678 1085 3741 die
1101 3698 1119 3744 a
1137 3677 1187 3741 lu·
1225 3696 1292 3749 quae
1308 3676 1408 3737 multo
1424 3695 1498 3740 aure
1513 3677 1543 3740 8.
1561 3676 1745 3758 Gregorium
1756 3683 1993 3762 precesserunt,

424 3767 498 3834 daeia
522 3762 748 3838 celebrabatur,
770 3778 959 3836 quocumque
986 3757 1053 3833 die,
1073 3756 1138 3821 five
1158 3761 1189 3821 in
1224 3755 1258 3820 dt
1284 3753 1392 3848 barum
1418 3756 1615 3820 Litaniarum
1646 3765 1836 3826 mentionem
1857 3760 1992 3840 faciunt,

309 3843 408 3894 near.
423 3839 780 3922 Dominica,sivenon,
801 3839 857 3904 linc
878 3838 1042 3903 incideret.
1075 3838 1189 3900 Verum
1225 3851 1260 3899 ut
1280 3835 1385 3924 videre
1405 3833 1497 3901 estin
1516 3836 1660 3902 Suarezio
1681 3838 1730 3904 lib.
1757 3855 1788 3919 3.
1809 3843 1851 3908 de
1870 3843 1992 3908 nrcrmre

297 3925 309 3958 ⁶
332 3920 351 3955 ²
368 3921 405 3984 F*
425 3927 505 3994 hune
530 3943 646 3988 morem
663 3919 763 3986 veluti
790 3939 922 3982 errorem
939 3914 1107 3994 proscripsit
1132 3917 1188 3977 Ni·
1226 3915 1317 3980 vocali
1338 3935 1374 3982 ca
1398 3962 1405 3977 .
1423 3932 1452 3991 9.
1469 3936 1499 3978 ιι.
1520 3919 1568 3982 26.
1589 3918 1668 3992 quod
1689 3922 1871 3999 comprobat
1892 3921 1990 3988 austo-

284 3969 513 4085 ffs'ffi'rrena
533 3997 888 4086 Synodurliabitaanno
913 4012 979 4077 3²5·
1003 3995 1188 4088 slatuirqiie,
1227 3998 1322 4057 ritate
1342 3936 1573 4090 Sssnrluquslini
1597 3985 1772 4078 arrium,
1804 4001 1991 4078 aliorumque

283 4097 408 4150 iircnn.
422 4083 534 4151 Pascha
551 4084 691 4155 deinceps
705 4074 918 4141 celebrandum
938 4075 1098 4140 Dominica
1119 4096 1187 4151 pro·
1224 4075 1260 4136 D.
1276 4073 1417 4151 Gregorii
1435 4093 1660 4150 antiquiorum:
1695 4080 1758 4142 im'o
1778 4079 1845 4156 ipse
1871 4079 1991 4146 &Gre-

280 4159 410 4214 ‘ffbffitffl
424 4169 507 4230 xima
536 4158 599 4238 poll
630 4158 732 4221 lunam
761 4178 807 4236 ιι.
835 4153 947 4219 Mensis
974 4156 1101 4232 Martii,
1119 4175 1187 4231 quae
1223 4157 1324 4231 gorius
1345 4154 1382 4217 de
1399 4153 1444 4218 liis
1460 4157 1620 4233 meminit,
1642 4174 1678 4221 ut
1695 4160 1797 4224 multo
1811 4180 1890 4227 aute
1910 4162 1990 4226 iuli-i·

283 4234 318 4271 ”⁰
347 4247 355 4268 ⁶
422 4241 554 4309 succedit
577 4261 604 4304 ae
625 4236 759 4302 uinosiio
789 4255 900 4300 verno.
930 4235 1012 4302 Hinc
1041 4236 1079 4322 fit
1106 4235 1185 4311 quod
1224 4239 1319 4309 rutis,
1346 4250 1382 4298 ut
1402 4234 1560 4314 colligitur
1578 4250 1618 4295 ex
1646 4237 1896 4308 sacramentario
1917 4239 1991 4306 equs.

421 4321 530 4395 sellum
548 4257 697 4386 Pascbatir
713 4315 746 4384 δι
764 4316 877 4393 reliqua
893 4336 960 4392 quae
978 4315 1015 4380 ab
1031 4314 1095 4390 ipso
1115 4335 1187 4391 pen,-
1222 4313 1290 4405 dem
1317 4313 1457 4406 Gregorii
1477 4335 1495 4378 a
1523 4314 1675 4382 Passuelio
1702 4319 1808 4398 edito,
1838 4319 1893 4394 dai
1921 4322 1990 4385 talia

421 4405 494 4468 deut
518 4447 527 4478 ,
550 4400 692 4472 dicantur
721 4395 867 4468 mobilia.
890 4416 961 4462 curu
987 4413 1061 4460 tunc
1085 4398 1185 4472 priua,
1221 4392 1345 4458 Litania
1372 4412 1473 4456 maior
1501 4411 1631 4460 notatur
1650 4417 1678 4478 7.
1702 4394 1769 4462 Kal.
1800 4398 1899 4482 Maii,
1917 4397 1990 4464 idell

418 4500 494 4546 tunc
515 4480 660 4557 poslerius
675 4475 889 4550 celebrentur,
914 4493 1002 4551 prout
1027 4476 1114 4540 Luna
1138 4494 1184 4552 14.
1221 4491 1269 4550 ²5.
1287 4473 1335 4536 die
1352 4471 1466 4561 Mensis
1485 4473 1620 4563 Aprilis.-
1641 4475 1768 4544 Limia
1786 4478 1946 4546 maior-ad
1961 4482 1989 4545 8.

417 4562 545 4636 Μιιιιι,
565 4560 598 4624 dr
615 4559 777 4622 Dorninica
797 4575 864 4631 quae
884 4569 951 4617 eam
974 4549 1184 4630 subsequitur,
1220 4556 1420 4618 [carentium
1448 4554 1481 4616 iii
1504 4557 1637 4620 urina.
1667 4557 1775 4624 Multo
1800 4564 1899 4638 igitur
1918 4578 1989 4624 ante

410 4709 412 4714 ,
439 4641 483 4704 lus
501 4639 548 4701 vel
570 4640 670 4701 minua
686 4636 723 4700 ab
742 4631 923 4713 aequinostio
941 4631 1054 4699 dillant
1073 4654 1183 4698 verna·
1220 4631 1256 4692 D.
1276 4631 1457 4710 Gregoriuni
1485 4633 1634 4711 Magnum
1653 4637 1823 4716 corn'posita
1845 4636 1929 4717 suit,
1955 4637 1988 4704 ὰ

414 4663 459 4784 sb.-
485 4718 519 4783 δι
543 4725 574 4779 ιιι
598 4716 655 4781 liac
676 4715 774 4778 voluit
807 4710 940 4778 Ecclesia
969 4710 1078 4780 l‘asclra
1102 4713 1180 4776 cele·
1220 4708 1359 4778 inslituta
1388 4713 1516 4778 Litauia
1544 4718 1662 4795 maior,
1685 4715 1720 4782 dc
1748 4717 1876 4798 abipso
1904 4717 1988 4784 au&

415 4797 496 4864 brari
519 4817 538 4864 a
558 4794 617 4861 suia
647 4792 807 4871 fidelibus,
829 4793 862 4857 δι
893 4809 928 4858 ut
949 4791 1114 4860 Chrisliani
1135 4792 1180 4855 di·
1207 4785 1258 4851 -ell
1284 4789 1317 4856 d
1339 4789 1468 4869 indicia,
1489 4808 1524 4857 ut
1550 4790 1729 4874 soleinniur,
1752 4795 1789 4862 dt
1830 4819 1868 4864 er
1888 4817 1986 4864 totam

416 4877 642 4956 stinguerentur
666 4875 762 4937 etiani
786 4875 842 4938 hoc
869 4873 933 4937 ritu
953 4871 992 4942 ab
1019 4868 1179 4949 Hebraeis,
1218 4867 1379 4944 Ecclesiam
1394 4872 1621 4954 celebraretur,
1640 4879 1684 4940 ita
1709 4893 1747 4940 ut
1854 4880 1885 4942 8.
1910 4875 1990 4942 Gre-

415 4957 561 5036 dcquia,
583 4973 618 5024 ut
639 4952 806 5028 iamsupra
826 4950 938 5018 aruum
953 4952 1012 5025 eli,
1039 4949 1180 5023 decom·
1215 4955 1332 5041 goriurri
1353 4969 1474 5027 recepta
1501 4949 1593 5017 suerit
1605 4956 1754 5032 praecipue
1775 4955 1892 5024 laculo
1917 4977 1945 5039 7.
1970 4979 1988 5022 a

414 5039 587 5112 miratione
602 5031 815 5107 celebrationis
830 5030 927 5100 sabati
944 5033 976 5100 iu
985 5031 1065 5098 dieiu
1073 5028 1180 5098 Domi·
1215 5031 1322 5096 maiori
1337 5047 1426 5110 parre
1441 5030 1643 5108 Ecclesiarum
1657 5035 1840 5104 Occidentis
1848 5085 1862 5120 ,
1876 5037 1990 5107 &ran-

504 5179 507 5186 .
1090 5171 1098 5188 .
1881 5135 1949 5186 rum

1823 5279 1847 5320 9
