4425 6000
468 497 518 558 22
712 467 937 555 Tanna.
965 488 1032 543 oa
1060 465 1292 556 1usr,sr
1322 467 1436 544 lua.
1465 470 1670 545 Canis.

405 569 612 653 quantumvis
636 565 802 645 aberrent,
830 563 975 646 &longe
999 586 1018 632 a
1038 565 1178 630 domino·
1214 565 1501 647 consuetudinesque
1528 569 1662 644 locorum
1689 591 1743 650 pro
1769 570 1981 642 columbario.

411 677 480 722 rum
499 648 649 731 poteslate
666 644 804 728 fugiant,
821 665 978 713 remanent
999 646 1113 726 semper
1126 642 1177 741 sub
1210 667 1283 720 ¹nun
1296 647 1468 728 eresliooe5
1482 672 1554 715 curn
1569 651 1733 729 aliquando
1748 650 1814 718 fieri
1832 652 1921 731 possit
1936 656 1980 724 ob

411 739 479 800 iure
495 735 605 813 prioris
626 728 765 804 domini,
787 747 844 793 nec
898 726 982 792 liunt
1007 747 1174 802 occupari.
1210 743 1312 794 certas
1330 730 1520 795 conditiones
1544 731 1640 810 iuris,
1660 751 1714 799 aut
1740 732 1979 804 consuetudines

411 816 497 881 Nam
515 806 631 881 etiarnsi
652 807 842 874 dominorum
871 828 980 872 uorum
992 801 1177 890 potestatem
1231 808 1411 875 articulares
1431 813 1501 876 talis
1515 810 1577 880 loci
1593 816 1627 875 in
1643 812 1705 889 ¹hoc
1726 833 1836 893 genere
1859 818 1981 886 anina·

410 894 581 968 eradant,
620 908 773 982 nunquam
804 885 968 966 censentur
1003 886 1176 958 naturalem
1211 827 1286 953 lium
1303 889 1430 969 alendo,
1449 907 1486 956 ut
1502 891 1554 956 alii
1579 892 1688 957 iniusle
1710 895 1980 978 damnificentur,

409 971 593 1054 adeptaesse
608 968 785 1034 libertatem
819 990 890 1033 cum
905 985 1015 1031 natura
1028 964 1080 1034 sua
1090 987 1176 1031 man·
1212 967 1329 1035 acideo
1353 970 1479 1036 illorum
1504 973 1646 1038 dominus
1674 970 1714 1037 ob
1745 975 1809 1042 eale
1828 975 1978 1042 damnum

411 1055 500 1120 sirete
528 1047 664 1131 fint,&
692 1017 877 1127 dumellica3
899 1046 980 1141 unde
1012 1064 1175 1112 remanent
1209 1046 1329 1124 culpam
1345 1054 1501 1128 incurrat,
1525 1049 1720 1120 &teneatur
1743 1053 1781 1119 ad
1806 1053 1978 1122 restitutio·

409 1135 522 1218 prioris
542 1132 679 1207 domini,
699 1129 733 1198 de
757 1131 807 1207 qui
832 1128 900 1194 lraec
924 1127 1071 1203 animalia
1100 1130 1176 1193 reti·
1210 1148 1297 1193 nem.
1320 1132 1408 1197 Licet
1427 1135 1510 1196 enim
1530 1131 1677 1197 columba:
1699 1131 1829 1210 speslent
1854 1136 1892 1201 ad
1919 1158 1978 1215 pu·

409 1233 488 1280 nent
503 1213 577 1279 dum
590 1206 761 1290 effugiunt,
785 1209 929 1277 dicuntur
957 1203 1054 1284 furati
1079 1207 1113 1276 dt
1137 1207 1174 1272 ad
1208 1212 1320 1277 blicum
1341 1211 1472 1292 bonum,
1490 1211 1620 1290 ideoque
1645 1216 1758 1289 privati
1786 1215 1907 1295 aliquod
1935 1236 1978 1282 ex

408 1293 630 1371 restituendum
652 1306 801 1355 tenentur
817 1310 880 1354 non
905 1286 999 1358 solum
1021 1288 1088 1354 haec
1108 1291 1174 1368 ani·
1209 1294 1255 1362 bis
1271 1290 1414 1357 damnum
1431 1289 1575 1358 suslinere
1589 1312 1754 1372 cogantur,
1780 1315 1843 1360 non
1863 1296 1978 1374 cuique

409 1375 521 1453 malie,
537 1372 587 1442 sed
602 1382 800 1450 quarumque
823 1368 1173 1448 simulamentis,
1208 1392 1313 1442 tamen
1334 1419 1344 1451 ,
1369 1373 1403 1456 dc
1427 1395 1498 1438 cnm
1523 1372 1658 1451 ,aliorum
1681 1374 1872 1441 detrimento
1900 1375 1976 1442 licet

409 1475 485 1537 puta
501 1453 610 1532 Pelle&
625 1471 706 1530 0²¹²,
721 1451 843 1529 lilim,
859 1450 1003 1529 plumas,
1029 1451 1172 1529 Ρῐθνθῐιῑ·
1208 1454 1316 1534 habere
1336 1452 1550 1532 columbaria,
1580 1474 1617 1520 ac
1639 1452 1797 1519 colunbas
1820 1451 1884 1519 stne
1909 1455 1976 1520 ulla

408 1556 443 1602 re
457 1534 578 1613 solent,
597 1529 619 1595 sr
639 1531 695 1596 illa
715 1535 907 1610 appropriate
923 1528 975 1613 srbi
993 1547 1172 1622 attentave-
1209 1536 1395 1602 limitatione
1411 1533 1514 1598 alere:
1535 1534 1606 1600 hinc
1622 1551 1752 1610 peccant
1777 1537 1829 1612 qui
1858 1532 1975 1602 babent

407 1620 474 1686 rint
495 1636 509 1693 ;
535 1614 599 1680 imo
627 1611 666 1678 ad
691 1611 748 1676 hoc
776 1626 958 1678 tenerentur
982 1611 1035 1689 qur
1058 1629 1172 1686 ovem,
1204 1615 1395 1681 columbaria
1414 1616 1447 1676 in
1466 1615 1558 1693 locis,
1573 1612 1624 1679 ubi
1639 1613 1699 1679 hoc
1715 1637 1733 1679 a
1749 1615 1817 1694 lege
1837 1615 1975 1681 vetitum

407 1711 463 1763 aut
476 1697 548 1772 ovis
568 1709 691 1773 partum
707 1712 725 1756 e
744 1687 880 1774 saucibus
900 1689 963 1766 lupi
992 1692 1171 1783 eriperent,
1205 1696 1270 1774 eil,
1290 1698 1439 1773 praecipue
1455 1689 1477 1757 st
1496 1714 1560 1759 non
1582 1694 1715 1759 habeant
1732 1717 1839 1775 agros,
1862 1696 1894 1759 in
1909 1697 1975 1773 qui.

405 1778 475 1857 quia
494 1772 593 1841 donec
614 1793 662 1838 rer
680 1767 839 1852 subsistat,
858 1768 973 1864 semper
995 1768 1039 1834 esl
1059 1772 1171 1849 proprii
1205 1776 1260 1843 bus
1281 1777 1343 1842 illae
1363 1772 1507 1852 pascant,
1526 1792 1583 1840 aut
1598 1773 1653 1838 nlfi
1674 1795 1816 1854 agrorum
1834 1774 1974 1840 cultores

404 1855 546 1922 domini.
575 1853 626 1921 lta
653 1865 761 1919 osnnes
783 1872 822 1918 ert
851 1852 976 1937 rustum,
1002 1851 1040 1915 de
1071 1871 1171 1936 terrra·
1204 1859 1420 1933 consentiant,
1440 1873 1494 1920 aut
1516 1851 1697 1920 sufficientia
1718 1856 1867 1921 alimenta
1889 1845 1975 1920 domi

406 1933 504 2018 divis.
532 1951 535 1958 ’
935 1931 941 1950 ’
1204 1936 1352 2002 columbis
1367 1934 1550 2014 prebendo,
1564 1953 1698 2000 caveant
1714 1956 1754 1999 ne
1770 1937 1860 2000 alicui
1877 1952 1974 2014 grave

443 2014 600 2083 Animalia
619 2033 661 2094 ert
674 2026 786 2094 natura
807 2008 859 2077 sua
879 2008 1052 2094 sylvestria,
1070 2009 1106 2078 de
1125 2007 1171 2076 fe·
1205 2013 1339 2096 arserant
1366 2014 1541 2081 damnum.
1580 2017 1734 2092 Quocirca
1764 2020 1795 2080 in
1822 2016 1897 2080 locis
1924 2032 1971 2078 et·

404 2117 439 2164 ra
457 2144 467 2175 ,
485 2113 523 2161 ut
542 2096 624 2176 cerri
645 2142 655 2169 ,
674 2092 794 2180 lepores
814 2140 826 2173 ,
849 2091 911 2174 &c-
933 2113 1001 2170 quae
1016 2089 1170 2170 custodia,
1205 2103 1286 2176 iam,
1306 2117 1341 2161 ac
1369 2086 1502 2172 personis
1522 2144 1532 2174 ,
1554 2099 1661 2172 quibus
1678 2116 1695 2159 a
1715 2098 1780 2176 lege
1800 2091 1974 2159 concessum

404 2197 443 2242 ae
470 2176 539 2240 loco
557 2171 706 2254 concluso
729 2172 910 2256 detinentur
931 2172 970 2237 ab
997 2174 1110 2250 coqui
1133 2191 1169 2237 ea
1204 2175 1247 2241 est
1270 2176 1379 2258 habete
1397 2173 1583 2244 columbaria
1619 2195 1764 2254 peccant,
1784 2174 1818 2241 dr
1836 2173 1873 2239 ad
1889 2170 1974 2238 relli-

404 2258 546 2333 accepit,
560 2272 596 2319 ut
617 2249 709 2331 pisces
729 2258 759 2315 in
784 2253 930 2338 pirario,
951 2267 1007 2331 aur
1031 2249 1107 2317 serat
1138 2254 1169 2314 in
1206 2255 1359 2322 'tutionem
1379 2273 1555 2333 tenentur,
1585 2225 1606 2318 si
1631 2259 1663 2318 in
1679 2255 1724 2319 his
1741 2254 1923 2320 animalibus
1940 2273 1975 2318 a·

404 2334 520 2422 septis,
535 2334 587 2399 vel
604 2356 674 2414 qnae
701 2329 782 2398 sasla
804 2325 852 2416 us,
874 2329 1044 2414 'domestica
1072 2329 1169 2412 solent
1206 2336 1300 2403 lendis
1317 2356 1381 2401 non
1400 2336 1567 2401 observent
1587 2332 1774 2412 praescriptas
1789 2335 1890 2415 legum
1899 2354 1973 2398 corr·

322 2465 325 2470 -
402 2436 447 2482 ex
465 2414 560 2482 libera
588 2436 627 2486 va
648 2416 756 2494 atione
775 2411 827 2480 red
867 2432 899 2477 re
926 2416 958 2475 in
982 2410 1169 2491 potestatem
1204 2416 1531 2494 ditiones,-quibusali
1551 2413 1841 2494 concedantur,ita
1859 2430 1974 2492 utgra·

391 2497 520 2562 ,domini
572 2436 676 2572 qualia
720 2512 779 2559 unt
800 2490 975 2570 columbe,
1003 2492 1169 2572 cuniculi,
1204 2520 1244 2565 ve
1274 2499 1366 2563 arreni
1397 2493 1542 2561 damnum
1569 2491 1747 2575 inferatur,
1778 2490 1974 2559 videlicerfi

402 2578 513 2654 cervi,
529 2543 681 2654 salmom,
701 2572 761 2653 dre,
782 2570 804 2636 sr
822 2569 905 2640 sorte
931 2571 969 2638 ab
990 2573 1094 2650 aliquo
1121 2594 1169 2638 ca·
1204 2600 1266 2645 non
1293 2576 1426 2656 babeant
1455 2596 1543 2655 apros
1568 2574 1764 2640 columbariis
1792 2577 1974 2653 proximos,

404 2659 556 2736 piantur,
584 2659 677 2733 priori
703 2653 828 2719 domino
854 2649 924 2720 sunt
953 2651 1169 2736 rellituenda,
1204 2663 1235 2722 in
1282 2656 1366 2724 uibus
1387 2653 1511 2733 pascant
1536 2653 1713 2732 columbae,
1739 2657 1773 2721 dr
1798 2655 1890 2719 hoca
1908 2654 1974 2732 sepe

402 2738 562 2815 quietum
581 2732 732 2814 ,quamdiu
750 2753 875 2799 careant
896 2733 949 2798 sua
973 2735 1107 2824 naturali
1133 2733 1169 2797 li·
1205 2683 1416 2821 praelcribatnr
1445 2740 1477 2799 in
1515 2734 1712 2800 columbariis
1740 2732 1940 2815 concedendis
2040 2746 2041 2749 ’

401 2816 546 2896 betsate,
561 2814 647 2880 suum
662 2812 795 2878 babeant
810 2814 965 2893 dominum
979 2863 988 2894 ,
1004 2835 1067 2879 non
1087 2819 1168 2896 bunt
1205 2819 1255 2884 vel
1273 2819 1358 2896 alant
1376 2813 1529 2893 plusquam
1547 2815 1603 2893 ipsi
1622 2818 1761 2882 enutrire
1777 2813 1904 2892 possint,
1921 2832 1961 2879 ve

402 2900 503 2975 primo
516 2897 713 2973 occupantis.
730 2893 884 2964 Eiusmodi
898 2892 1084 2973 enimserae,
1104 2913 1168 2958 non
1203 2895 1368 2964 necessaria
1387 2896 1535 2964 alimenta
1559 2896 1619 2961 illis
1640 2916 1701 2961 non
1720 2895 1907 2975 prebeant,
1936 2907 1974 2958 ut

402 2978 504 3042 minus
535 2998 626 3053 quam
664 2973 836 3058 domesticae
865 2996 885 3040 a
918 2975 1050 3042 dominis
1083 2971 1168 3054 possi·
1209 2977 1320 3043 exinde
1347 2975 1404 3041 fiat
1430 2983 1465 3042 nt
1486 2976 1609 3042 alantur
1628 2996 1672 3055 ere
1688 2974 1795 3056 alienis
1813 2996 1884 3056 ¹enm
1927 2992 1975 3038 ra·
2020 2996 2024 3005 ·

403 3058 536 3134 dentur,
918 3078 923 3089 ·
1145 3054 1148 3062 ’
1204 3063 1237 3124 vi
1258 3079 1368 3123 eorum
1387 3056 1593 3130 detrimento.
1617 3055 1780 3134 Namquia
1798 2994 1974 3137 utilessrnt

443 3140 542 3202 Porro
562 3157 633 3200 cum
650 3134 770 3200 licitum
790 3131 848 3222 stt,
866 3150 978 3215 utpote
1000 3137 1063 3200 iam
1078 3133 1169 3198 rndu·
1204 3138 1287 3204 bono
1307 3138 1449 3218 publico,
1472 3135 1584 3201 debent
1604 3134 1725 3213 quidem
1745 3132 1838 3198 alieni
1857 3130 1975 3198 damna

403 3215 493 3285 llum·
509 3236 551 3280 εκ
572 3212 820 3294 consuetudine,
849 3215 912 3279 imo
944 3237 984 3281 ex
1008 3219 1075 3280 iure
1101 3210 1170 3295 ipso
1203 3220 1306 3297 aliqua
1337 3219 1420 3294 pati,
1440 3235 1503 3279 non
1524 3231 1634 3295 tanen
1660 3214 1796 3293 gravia,
1820 3231 1891 3277 rum
1914 3211 1996 3277 hoc.

404 3296 576 3361 concessum
592 3295 677 3358 alere
691 3293 860 3374 columbas,
875 3295 909 3363 ἂ
923 3298 1082 3361 cuniculos
1102 3343 1111 3371 ,
1135 3294 1169 3360 dr
1206 3300 1381 3364 nullatenus
1400 3293 1539 3375 praesumi
1555 3291 1644 3372 possit
1663 3290 1723 3359 esse
1740 3290 1908 3379 secundum
1926 3294 1991 3363 in·,'

405 3376 443 3441 ad
469 3376 527 3440 hoc
546 3375 731 3453 columbaria
758 3374 897 3457 erigere,
919 3397 1064 3455 garenam
1085 3372 1168 3438 inili·
1205 3383 1376 3446 tentionem
1395 3375 1595 3454 reipublicae,
1617 3372 1668 3440 vel
1691 3374 1837 3451 Principis
1856 3370 1975 3438 colum-

406 3474 517 3534 tuere,
536 3458 649 3518 nemini
679 3452 804 3529 proinde
831 3455 904 3520 licet
929 3455 1117 3532 srneeulpa‚
1135 3454 1169 3519 δε
1204 3461 1289 3524 baria
1305 3456 1524 3534 concedentis,
1544 3457 1598 3533 qui
1625 3475 1665 3535 ex
1693 3454 1974 3530 aequitate‚cuius
2018 3480 2029 3501 ·-

405 3535 605 3615 restitutionis
621 3534 723 3598 debito
730 3555 840 3615 capere
856 3537 982 3601 alterius
996 3535 1169 3618 columbas,
1204 3538 1273 3602 sunr
1290 3536 1441 3612 ministri,
1459 3536 1494 3601 dr
1509 3552 1715 3612 executores,
1741 3533 1904 3611 providere
1929 3549 1974 3595 te·

405 3616 440 3681 dr
459 3615 644 3693 cuniculos,
669 3614 720 3699 vel
741 3613 910 3695 illecebris,
937 3617 990 3701 uel
1011 3613 1113 3679 sraude
1138 3618 1169 3677 in
1205 3636 1347 3699 nentur,
1375 3638 1414 3681 ne
1429 3618 1572 3693 ¹cuiquam
1587 3612 1650 3678 stne
1665 3616 1752 3695 gravi
1768 3612 1880 3690 publici
1901 3609 1974 3676 boni
2013 3643 2015 3648 ·

401 3696 494 3763 ‘snum
509 3692 737 3771 columbarium
750 3694 875 3761 trahere
892 3744 900 3773 ,
919 3715 954 3761 ac
976 3716 1028 3760 eos
1050 3695 1169 3759 occide-
1209 3696 1385 3763 necessitate
1412 3715 1506 3775 grave
1534 3696 1678 3760 damnum
1716 3689 1866 3761 inseratur
1890 3734 1908 3755 .
1931 3689 1973 3757 Et

403 3777 476 3841 dere
490 3777 673 3854 nequidem,
687 3776 811 3865 quando
836 3777 993 3851 videamus
1016 3776 1082 3843 haec
1103 3777 1170 3840 ani·
1205 3778 1285 3861 qnod
1308 3776 1455 3843 siatuitur
1469 3774 1507 3842 de
1525 3774 1691 3859 eolurrbis,
1705 3773 1785 3837 idem
1800 3773 1973 3849 pariterin·

404 3859 498 3920 malia
517 3860 603 3920 nobis
619 3863 749 3935 nocere,
766 3874 801 3921 ut
817 3855 838 3941 fi
857 3857 1018 3939 videamus
1044 3857 1169 3937 alterius
1205 3859 1270 3925 telli
1311 3858 1402 3921 ndum
1418 3858 1454 3921 de
1474 3856 1543 3921 aliis
1558 3852 1680 3919 huiusce
1699 3852 1885 3919 conditionis
1907 3854 1973 3915 ani·

403 3935 577 4012 columbas,
596 3937 648 3998 vel
667 3936 826 4021 cuniculos
836 3933 990 4013 pascentes
1006 3939 1038 4000 in
1048 3939 1170 4016 proprio
1204 3930 1274 4003 inali
1318 3960 1356 4013 s,
1380 3956 1416 4002 ut
1439 3933 1507 4001 sunt
1527 3932 1651 4014 gallina
1672 3981 1681 4011 ,
1700 3953 1802 4010 oves,
1825 3929 1946 3998 anseres
1961 3975 1993 4011 „

406 4037 482 4095 agro
496 4036 568 4091 curn
586 4008 737 4093 segetum,
757 4038 792 4081 ac
807 4013 939 4083 aliorurn'
954 4017 1170 4080 seminatorum
1205 4022 1294 4099 agni,
1315 4022 1397 4095 porci
1416 4065 1425 4093 ,
1444 4015 1479 4080 dr
1499 4012 1604 4077 similia
1622 4037 1634 4089 ,·
1655 4016 1702 4078 ita
1727 4031 1766 4079 ut
1790 4011 1810 4077 li
1831 4010 1975 4087 domini,

406 4095 623 4172 detriment0‚·
639 4097 710 4171 quia
734 4116 797 4161 noo
823 4115 917 4177 grave
942 4098 1005 4159 iarn
1033 4092 1170 4163 asserunt
1204 4104 1255 4177 qui
1273 4100 1339 4163 haec
1360 4098 1466 4170 alunt,
1487 4115 1550 4158 non
1568 4093 1713 4171 valeant,
1732 4111 1770 4156 ea
1789 4112 1831 4158 ex
1851 4090 1973 4170 proprio

406 4192 647 4257 nocumentum,
663 4195 733 4237 cum
748 4176 833 4239 bonis
845 4176 880 4242 dr
898 4176 988 4241 malls
1011 4168 1170 4253 vescantur
1203 4183 1364 4255 enutrire,
1383 4197 1419 4240 ac
1443 4176 1513 4238 ideo
1531 4193 1601 4236 cum
1621 4172 1753 4238 aliortun
1776 4174 1865 4252 gravi
1894 4190 1972 4248 prae·

406 4253 593 4335 seminibus,
613 4274 681 4330 quat
705 4252 784 4318 bona
807 4253 1014 4327 suffocarent.
1042 4255 1100 4320 Sed
1118 4255 1171 4332 po·
1205 4260 1316 4323 iudicio
1339 4258 1556 4328 enutriantur,
1578 4269 1727 4330 peccant,
1746 4250 1782 4317 dr
1796 4250 1907 4317 demna
1926 4268 1973 4314 re·

406 4339 471 4400 tior
491 4340 572 4401 ratio
590 4334 653 4412 ell',
669 4334 739 4410 quia
757 4356 826 4399 cum
843 4338 908 4401 haec'
932 4335 1077 4400 animalia
1100 4336 1170 4418 Rei·
1204 4337 1314 4404 sarcire
1333 4355 1495 4402 tenentur.
1517 4324 1625 4409 Quare
1646 4347 1795 4410 peccant,
1824 4329 1859 4396 dr
1875 4324 1974 4396 relli-

406 4414 558 4492 publicae,
574 4411 645 4485 idest
663 4412 781 4498 publico
799 4415 879 4481 bono
898 4416 989 4481 utilia
1012 4413 1091 4494 srnt,
1112 4421 1170 4494 pri·
1202 4420 1320 4489 ¹ustioni
1341 4416 1411 4481 sunt
1427 4416 1553 4480 obnoxii
1580 4408 1700 4487 rustici,
1716 4412 1831 4489 aliique
1858 4429 1973 4487 paupe·

406 4496 476 4560 vati
492 4490 627 4573 refugere
647 4511 805 4568 nequeunt
828 4500 891 4571 pati
907 4517 948 4561 ex
969 4496 1014 4559 bis
1034 4495 1170 4581 damna,
1205 4519 1270 4575 res,
1294 4501 1344 4574 qui
1369 4516 1439 4559 cum
1462 4512 1551 4575 agros
1580 4510 1643 4557 nm
1666 4491 1814 4570 habeant,
1833 4511 1891 4556 nec
1911 4490 1973 4556 alia

297 4628 300 4633 .
405 4594 474 4652 quae
495 4571 630 4653 afferunt
652 4574 805 4653 publicum
818 4573 952 4653 bonum,
966 4576 1002 4640 ἀ
1022 4597 1059 4640 eo
1076 4580 1169 4654 magis
1204 4578 1333 4659 media,
1361 4576 1466 4653 quibus
1492 4575 1649 4641 enutriant
1674 4570 1879 4636 huiuscemodi
1906 4572 1972 4637 ani·

404 4653 486 4731 quod
506 4646 762 4733 dum'relpobliea
786 4656 837 4731 uel
857 4653 905 4720 ¹ear
925 4655 1170 4740 consuetudine,
1204 4660 1295 4721 maiia
1337 4657 1402 4729 bec
1426 4645 1602 4738 alunt'sere
1622 4672 1661 4721 ex
1684 4655 1806 4732 integro
1824 4672 1872 4715 *ex
1896 4652 1972 4715 alio·

404 4733 457 4804 vel
480 4753 520 4799 ex
546 4734 708 4815 privilegio
729 4732 875 4800 concessit
899 4730 1086 4800 columbaria
1109 4737 1168 4800 eri·
1205 4760 1272 4802 rum
1295 4706 1445 4816 liupibus,
1466 4734 1603 4798 rebonis
1624 4731 1759 4808 adeoque
1784 4754 1855 4798 cum
1882 4746 1973 4797 nota·

404 4816 454 4893 gi,
473 4813 510 4887 dr
522 4833 651 4895 patenas
673 4811 815 4897 institui,
834 4814 975 4879 censetur
990 4818 1056 4880 aliis
1072 4818 1169 4892 impo-
1203 4818 1255 4881 bili
1273 4820 1403 4896 proximi
1419 4816 1623 4884 detrinento.

404 4914 478 4960 nere
497 4915 575 4961 onus
590 4894 710 4972 damni,
726 4895 806 4971 quud
824 4916 866 4959 ex
881 4895 1084 4975 animalibus,
1099 4916 1173 4974 quae
1242 4898 1335 4975 Quod
1357 4896 1379 4959 sr
1400 4894 1545 4959 animalia
1566 4891 1726 4977 sylvestria
1744 4887 1973 4970 mansuesasla,

403 4976 451 5038 ibi
468 4974 618 5053 aluntur,
638 4979 704 5052 pati
725 4976 868 5052 possunt.
895 4974 1103 5041 Nihilominus
1123 4993 1169 5041 ta·
1203 4976 1238 5044 dr
1258 4977 1337 5043 {aaa
1363 4974 1525 5041 domestica
1551 4977 1698 5039 amittant
1717 4971 1974 5038 consuetudinem

403 5074 473 5122 rnen
490 5054 538 5122 hic
555 5054 754 5125 ermundo
770 5053 841 5125 sunt
855 5057 938 5143 leges
952 5057 1171 5138 municipales,
1204 5058 1241 5127 ad
1258 5057 1417 5127 dominum
1430 5054 1596 5136 redeundi,
1615 5049 1781 5125 censentur
1799 5046 1991 5196 recupesrasv
