4425 6000
522 572 526 581 -
622 525 933 602 Tutunus
962 477 1523 604 consummmavi.
1731 548 1807 625 ²33

294 625 413 697 riorum
424 626 609 691 immanitati
619 625 886 691 subtraheremur.
909 626 1061 688 Eximium
1095 627 1133 690 de
1152 621 1268 704 reform.
1296 644 1363 703 cap.
1385 623 1412 685 8.
1435 620 1584 689 recensuit
1613 637 1732 688 montes
1758 625 1872 690 Piera·-

294 711 355 778 boc
384 710 510 786 pietatis
530 704 727 781 institutum,
756 707 833 781 quod
854 706 940 793 brevi
969 709 1060 768 Peru·
1097 710 1137 769 tis
1153 708 1235 769 inter
1254 708 1303 784 pia
1320 705 1405 781 loca,
1423 725 1492 780 quae
1517 702 1555 768 ab
1575 700 1721 782 Episcopo
1743 701 1861 769 visitati

293 788 447 853 sianorum
466 788 549 850 zelus
570 785 735 860 stabilivit,
761 786 937 850 nonloluin
957 785 1060 848 siatim
1096 784 1241 848 debeant.
1272 813 1274 815 v

294 868 552 946 quamplurimae
577 863 677 930 Italiae
706 870 872 944 civitates,
897 862 946 928 sed
967 868 1061 928 etiam
1136 865 1176 927 Et
1204 866 1284 929 ratio
1305 863 1466 928 intrinsece
1484 866 1580 928 etiam
1599 862 1786 929 demonsiret
1813 863 1862 925 ni·

294 949 366 1011 aliae
387 943 486 1024 posita
509 946 660 1010 Nationes
680 946 829 1023 amplexae
850 946 939 1009 lunt.
1097 945 1141 1007 hil
1166 946 1353 1010 intervenire
1376 945 1495 1017 illiciti,
1521 943 1555 1008 dt
1582 940 1710 1007 usurarii
1736 946 1769 1006 in
1792 964 1860 1008 mu·

241 1026 280 1090 ‚¹¹⁶
339 1027 463 1092 Montes
483 1028 577 1103 igitur
593 1029 717 1101 pietatis
741 1026 809 1089 lunt
830 1026 950 1102 quidam
970 1042 1060 1087 nota·
1096 1028 1178 1101 tuis,
1197 1046 1265 1101 quae
1282 1042 1466 1088 exercentur
1490 1027 1522 1086 in
1542 1022 1695 1086 montibus
1715 1026 1861 1100 pietatis,

241 1154 246 1167 .
294 1104 366 1172 bilis
389 1106 528 1169 cumulus
544 1109 703 1181 pecuniae,
732 1104 897 1169 alteriusve
922 1107 965 1168 rei
995 1126 1058 1166 mu·
1096 1104 1207 1180 aliquid
1232 1108 1320 1183 supra
1344 1103 1455 1168 sortem
1476 1103 1654 1179 accipiendo
1670 1150 1679 1178 ,
1695 1107 1765 1179 quia
1794 1122 1859 1165 noti

294 1185 441 1262 turbius,
465 1202 500 1249 ut
530 1180 656 1261 sarinae,
675 1181 819 1250 frumenti
844 1183 905 1249 ἀς.
925 1202 960 1248 ut
981 1183 1060 1246 indi·
1096 1182 1157 1246 sine
1181 1185 1317 1263 legitima
1344 1188 1465 1247 ratione
1485 1180 1689 1246 huiuscemodi
1715 1183 1799 1246 lucra
1820 1181 1861 1245 ab

293 1269 434 1345 gentium
473 1260 672 1328 subveniatur
706 1263 873 1328 necesfitati
909 1286 961 1340 per
996 1284 1060 1325 niu·
1095 1262 1199 1325 iisdem
1226 1263 1379 1329 montibus
1406 1266 1595 1344 exiguntur,
1621 1260 1655 1326 dt
1681 1260 1720 1325 ob
1745 1280 1861 1325 merce·

295 1365 408 1422 tuum,
428 1364 467 1407 ne
497 1343 593 1407 usuris
623 1347 851 1420 opprimantur.
883 1344 925 1405 Hi
956 1362 1061 1408 autem
1096 1343 1169 1422 des,
1192 1364 1260 1420 quae
1284 1342 1447 1420 ministris,
1476 1341 1525 1407 seu
1546 1343 1602 1406 loci
1623 1338 1862 1405 inservientibus

293 1441 415 1489 montes
431 1424 608 1499 multiplicis
630 1423 698 1508 lunt
714 1429 850 1501 generis,
871 1428 923 1485 alii
938 1422 1058 1488 collesii
1096 1424 1134 1488 ad
1153 1444 1260 1488 eorum
1274 1421 1554 1497 conservationem,
1574 1421 1608 1486 dt
1623 1419 1861 1486 administratio·

293 1500 365 1568 sunt
386 1524 425 1568 ex
446 1505 527 1580 puris
542 1502 760 1584 eleemosynis,
785 1509 837 1580 qui
860 1501 930 1567 itali
954 1505 1060 1567 dicun·
1096 1524 1168 1566 nem
1195 1503 1322 1568 retribui
1346 1503 1475 1579 debent,
1500 1524 1570 1567 cum
1591 1503 1621 1564 hi
1637 1502 1717 1580 digni
1736 1497 1794 1564 lint
1819 1501 1862 1565 ob

294 1602 364 1660 tur,
383 1586 454 1660 quia
474 1580 583 1645 Perusii
611 1586 642 1644 in
663 1582 754 1647 ltalia
777 1586 902 1649 initium
928 1582 1061 1647 habuere
1097 1581 1255 1648 servitium
1276 1586 1308 1646 in
1335 1583 1407 1648 loco
1428 1582 1593 1661 praeslitum
1626 1582 1683 1646 hac
1703 1580 1861 1655 mercede,

293 1681 380 1728 anno
401 1662 485 1740 1458·
508 1660 561 1726 alii
578 1658 704 1726 conflati
725 1684 764 1726 ex
779 1666 917 1739 pecuniis
938 1664 975 1728 ad
990 1684 1061 1728 cen·
1098 1682 1165 1728 tum
1181 1664 1360 1741 obtutam,
1380 1684 1414 1727 ac
1437 1663 1681 1739 providentiam,
1701 1681 1794 1737 quam
1809 1660 1862 1724 ha·

294 1740 362 1806 sum
384 1743 535 1818 acceptis,
554 1738 588 1806 &
605 1740 634 1804 bi
660 1741 773 1820 belgici
796 1761 964 1822 vocantur,
989 1745 1060 1820 quia
1096 1744 1171 1808 bent
1194 1744 1259 1807 haec
1281 1741 1349 1807 loca
1368 1744 1400 1805 iii
1416 1740 1569 1807 servandis
1591 1743 1746 1817 pecuniis,
1761 1738 1795 1803 dt
1815 1736 1863 1804 sa·

294 1823 329 1883 in
348 1821 456 1899 Belgio
470 1821 560 1885 ereiii
581 1816 665 1885 suere
687 1843 768 1886 anno
791 1828 876 1901 1619.
898 1824 950 1887 alii
970 1825 1060 1886 mixti
1097 1822 1230 1902 tagendo
1260 1842 1299 1885 ne
1327 1842 1458 1898 unquam
1485 1820 1648 1898 deficiant,
1678 1817 1727 1882 sed
1747 1815 1865 1896 semper

293 1900 331 1964 de
356 1897 539 1966 censibus&
559 1898 757 1982 eleemosynis
776 1900 990 1968 fundationem
1010 1903 1061 1967 lia·
1098 1924 1265 1981 pauperum
1284 1902 1458 1978 indigentiis
1474 1921 1592 1980 parate
1608 1899 1687 1976 sint,
1706 1896 1741 1964 dt
1761 1918 1864 1975 prom·

293 1979 454 2043 buerunt.
483 1980 518 2044 ln
544 1980 627 2044 hisce
656 2000 761 2045 autem
778 1982 945 2046 montibus
971 1983 1063 2046 datur
1098 2001 1179 2061 ptae3
1209 2002 1278 2058 que
1307 2001 1380 2045 cura
1406 2000 1515 2058 utpote
1543 1983 1660 2046 lucrum
1690 1978 1862 2055 praecedens

241 2068 280 2121 ν’
294 2078 436 2125 mutuum
464 2057 515 2125 sub
541 2062 634 2125 certis
664 2062 907 2138 conditionibus,
936 2061 1009 2125 idest
1033 2083 1059 2124 r.
1096 2061 1138 2126 eli
1159 2065 1260 2139 pretio
1278 2060 1478 2138 aesiimabilis‚
1499 2059 1534 2126 dr
1555 2063 1627 2138 quia
1642 2079 1706 2123 nou
1721 2054 1782 2122 sine
1797 2078 1863 2122 rua·

241 2132 386 2234 ,¹datur
409 2137 478 2204 solis
500 2140 697 2219 pauperibus,
723 2162 752 2202 a.
777 2142 866 2206 datur
886 2142 921 2204 ad
940 2160 1062 2206 certum
1097 2163 1158 2220 gno
1180 2141 1282 2206 labore
1302 2144 1428 2217 pignora
1455 2142 1653 2215 cusiodiunt,
1682 2139 1866 2214 excutiunt,

253 2198 467 2311 ’Ϊιθῐιψιιεονῃι
484 2241 512 2297 g.
538 2220 575 2284 ad
596 2240 728 2295 annum,
750 2235 777 2298 3.
798 2221 929 2285 dandum
948 2222 991 2285 est
1017 2223 1060 2298 pi·
1096 2221 1295 2300 expendunt,
1313 2218 1428 2309 &alia
1448 2218 1616 2284 huiusmodi
1635 2217 1734 2282 multa
1754 2220 1863 2296 ingra-

295 2317 370 2378 gnus
389 2295 553 2376 minisiris,
581 2318 617 2363 ut
643 2297 664 2360 si
691 2296 751 2363 sois
776 2299 905 2376 praefixo
926 2321 1062 2377 tempore
1099 2306 1174 2367 tiam
1194 2319 1453 2365 mutuatariorum
1473 2298 1635 2377 praeiianr,
1656 2318 1711 2362 net
1728 2296 1773 2359 bis
1787 2316 1863 2360 con-

294 2400 357 2443 non
379 2376 753 2456 rediniatur,vendatur,·
774 2384 818 2444 ita
839 2397 941 2443 tamen
960 2401 994 2444 ut
1015 2401 1061 2444 te·
1097 2381 1187 2460 digna
1211 2399 1327 2444 merces
1358 2380 1485 2443 retribui
1514 2378 1630 2458 potest,
1662 2374 1717 2440 nisi
1748 2376 1861 2451 aliquid

294 2456 410 2520 siduum
433 2460 521 2533 pretii
549 2455 692 2523 reddatur
718 2462 933 2536 mutuatariis,
959 2461 1061 2524 detra·
1098 2459 1186 2538 supra
1209 2461 1319 2523 sortem
1346 2463 1514 2538 recipiant,
1536 2476 1592 2523 aut
1618 2455 1751 2534 capitale
1772 2476 1862 2520 mon·

294 2534 342 2604 tio
371 2536 474 2601 valore
498 2538 641 2613 capitalis
665 2539 744 2613 quod
765 2538 870 2603 datum
896 2536 955 2603 suit
976 2538 1062 2617 super
1099 2544 1177 2605 tium
1193 2538 1366 2604 instimetur
1379 2587 1388 2615 ,
1402 2539 1482 2616 quod
1502 2540 1623 2603 cederet
1641 2541 1672 2600 in
1694 2555 1863 2613 pauperum

295 2620 418 2698 pignus.
444 2638 474 2697 4.
496 2618 576 2681 Sive
591 2617 742 2681 vendatur
768 2622 892 2761 ρίᾶηυε,
915 2617 977 2683 sive
998 2619 1062 2684 red·
1098 2620 1263 2697 damnum,
1285 2623 1357 2696 quia
1377 2641 1416 2686 ex
1433 2637 1520 2695 parte
1535 2619 1675 2697 capitalis
1690 2616 1863 2698 mercedem

294 2697 384 2760 datur
400 2697 553 2773 capitale,
571 2696 792 2762 tribuendume
826 2699 1062 2764 minilltismoii·
1098 2700 1279 2778 condignam
1300 2698 1444 2763 ministris
1461 2697 1668 2764 tribuendoca
1694 2695 1768 2759 itale
1788 2715 1862 2773 pau·

296 2779 372 2840 tium
384 2775 501 2852 aliquid
519 2774 607 2854 supra
626 2773 757 2856 sortem,
780 2794 847 2840 tum
868 2800 921 2854 pro
945 2800 1061 2842 eorum·
1100 2783 1190 2843 latim
1219 2782 1477 2857 extingueretur,·
1505 2777 1540 2842 de
1569 2779 1655 2842 extin
1686 2796 1707 2839 o
1734 2774 1863 2850 capitali

296 2854 626 2945 dmsusientatione,
647 2855 752 2921 doinus
769 2861 977 2937 reparatione,
999 2858 1060 2923 dcc.
1099 2881 1160 2922 non
1182 2860 1309 2933 amplius
1334 2856 1409 2924 esser
1431 2858 1515 2922 locus
1545 2876 1710 2934 pauperum
1732 2854 1864 2916 subven-

295 2951 361 3003 tum
382 2956 436 3013 pro
451 2935 595 3009 censuum
612 2935 784 3015 lolutione,
806 2936 914 3014 quibus
931 2938 960 3000 lii
977 2960 1063 3002 uioii·
1100 2941 1180 3003 tioni
1211 2958 1262 3016 pei
1290 2956 1399 3003 mutua
1428 2959 1447 3003 a
1470 2935 1624 3004 montibus
1653 2938 1685 2996 in
1706 2930 1764 2996 suis
1784 2930 1867 2995 indis

295 3032 342 3081 tes
361 3035 546 3094 gravantur.
569 3017 664 3102 Super
686 3019 764 3082 hanc
794 3019 935 3082 ultimam
959 3019 1063 3084 condi·
1098 3021 1371 3097 gentili-accepta.
1394 3019 1439 3082 Et·
1455 3037 1491 3083 ut
1512 3020 1603 3096 magis
1621 3035 1668 3079 res
1684 3031 1787 3089 pateat

295 3097 420 3159 tionem·
434 3094 587 3172 disputare
609 3098 706 3162 solent
723 3097 875 3177 ‚Theologi
898 3120 1063 3162 nummon·
1140 3096 1313 3177 Effingatut
1340 3100 1417 3173 quod
1443 3101 1557 3162 amicus
1578 3145 1587 3172 ,
1609 3098 1659 3172 qui
1688 3096 1747 3157 iter
1772 3094 1862 3158 unius

293 3191 340 3238 tes
369 3177 491 3250 pietatis
518 3174 577 3242 sint
608 3180 755 3243 immunes
786 3177 823 3242 ab
849 3176 961 3243 usura:
992 3198 1063 3243 nain
1098 3180 1157 3244 diei
1182 3199 1207 3243 -a
1233 3200 1281 3242 me
1310 3176 1431 3256 disier,
1461 3196 1603 3241 mutuum
1630 3195 1648 3238 a
1676 3192 1725 3236 me
1754 3190 1860 3252 petat,

295 3257 327 3316 in
341 3257 449 3342 primis
472 3254 566 3321 tribus
585 3258 807 3324 conditionibus
825 3281 894 3324 cum
911 3259 984 3322 nihil
996 3281 1061 3322 ma·
1098 3259 1176 3336 quod
1197 3258 1235 3323 ad
1254 3278 1325 3322 eum
1344 3257 1419 3320 illud
1440 3259 1561 3321 mittere
1580 3274 1671 3333 cogar
1690 3270 1741 3327 per
1761 3252 1860 3314 homi-

299 3333 321 3396 li
349 3334 611 3416 deprehendatur,
639 3335 673 3405 &
702 3340 850 3415 praecipue
881 3338 958 3403 nihil
984 3339 1062 3414 quod
1098 3360 1168 3424 nem
1189 3355 1208 3401 a
1227 3360 1276 3401 me
1301 3336 1496 3411 condiisium,
1525 3351 1643 3399 certum
1664 3331 1707 3395 esi
1728 3332 1808 3405 qiiod
1825 3334 1860 3394 in

300 3431 445 3481 vertatur
464 3416 495 3478 in
517 3438 682 3495 pauperum
697 3419 1063 3497 detri,menrum,idcitco
1099 3418 1180 3483 sorte
1203 3420 1275 3480 milii
1305 3416 1456 3482 reddenda
1485 3418 1570 3478 licite
1601 3416 1723 3490 exigere
1755 3409 1864 3487 possim

298 3492 419 3566 nullam
447 3498 609 3572 patiuntur
638 3498 700 3562 illae
726 3497 957 3577 difficultatem,
985 3499 1062 3564 bene
1097 3493 1243 3576 expensas
1260 3500 1389 3560 hominis
1407 3518 1425 3561 a
1441 3513 1489 3558 me
1506 3492 1599 3558 missi.
1616 3494 1663 3556 Sic
1673 3492 1766 3569 igitur
1775 3513 1861 3555 mori·

293 3572 414 3648 quidem
441 3574 505 3639 liaec
527 3578 693 3652 postrema,
719 3601 759 3643 ex
780 3584 890 3653 quain
912 3584 1061 3654 primaeva
1097 3599 1143 3643 tes
1175 3579 1300 3653 pietatis
1329 3576 1438 3651 aliquid
1468 3574 1549 3638 ultra
1584 3573 1699 3636 sortem
1736 3573 1862 3648 exigere

293 3652 467 3744 eoriimdem
495 3660 649 3719 montium
675 3654 849 3731 cressione,
874 3658 924 3723 seu
953 3658 1061 3721 sunda·
1097 3657 1217 3735 possunt
1241 3677 1294 3736 pto
1313 3653 1452 3731 impensis
1479 3674 1553 3730 quas
1573 3650 1740 3717 necessario
1762 3646 1861 3713 subire

292 3749 379 3796 tione
399 3729 587 3797 occasionem
616 3738 769 3809 arripuere
793 3735 940 3800 Doiiores
964 3736 1062 3812 dispu·
1095 3738 1223 3802 debent.

291 3812 379 3877 tandi
400 3833 472 3874 num
490 3817 556 3887 puri
577 3810 636 3875 sint
652 3813 690 3875 ab
705 3811 813 3880 uisura·
831 3815 878 3878 Sit
899 3817 1008 3878 ibitur.
1136 3816 1171 3879 In
1194 3819 1358 3879 bisantem
1374 3813 1531 3879 Montibus
1561 3831 1622 3877 tres
1643 3813 1792 3888 praecipue
1813 3807 1855 3872 le·
1879 3825 1946 3879 ntia
1961 3825 1999 3881 tc·

241 3922 276 3966 m
312 3892 599 3985 'Monteslpie‘tatis
619 3890 726 3983 eredi,
747 3915 782 3979 ae
802 3893 882 3961 durii
902 3862 1060 3960 litbnora·
1095 3917 1146 3974 ges
1173 3917 1253 3959 nunc
1279 3895 1450 3960 habentur.
1485 3917 1509 3957 i.
1535 3893 1581 3957 Ut
1602 3909 1745 3956 mutuum
1765 3889 1921 3982 usquer‘o
1959 3905 2001 3941 Μ’
2029 3916 2036 3943 ·

241 3976 258 4028 is
293 3988 335 4035 tis
357 3969 606 4046 conditionibus,
635 3972 712 4035 liciti
740 3974 829 4050 lunt,
856 3972 948 4040 &ab
977 3978 1060 4038 omni
1097 3975 1133 4039 ad
1158 3993 1276 4039 certam
1304 3978 1516 4052 quantitatem
1543 3973 1634 4047 detur
1662 3992 1725 4036 non
1754 3970 1865 4036 diviti-1
1876 3968 1944 4005 ''²¹¹'‘
1969 3971 2000 4030 .⁸·

241 4047 384 4143 “usura
403 4052 520 4142 innoxii
533 4053 630 4140 ,quia
652 4071 684 4113 re
705 4053 760 4116 bac
778 4057 936 4127 graviter,
956 4075 991 4118 ac
1015 4054 1059 4117 sa·
1095 4057 1169 4132 bus,
1189 4053 1237 4119 sed
1258 4055 1456 4135 pauperibus.
1478 4075 1505 4115 a.
1520 4046 1567 4118 Ut
1583 4053 1764 4117 mutuatarii
1780 4028 2001 4132 deutmssggffi
2031 4129 2034 4140 ¹

241 4119 411 4223 ffpienter
441 4126 606 4222 disc-ullaa
637 4135 862 4212 quamplurimis
894 4133 1059 4213 Theologis
1095 4139 1200 4214 pignus
1220 4156 1238 4199 a
1257 4136 1398 4200 miniliris
1418 4140 1571 4199 montium
1598 4129 1826 4197 custodiendum
1845 4143 2018 4209 ,ιίἰιιείο.ι

241 4230 276 4285 aar
292 4229 356 4277 iton
371 4223 470 4296 minus
486 4210 615 4275 seientia
634 4233 724 4287 quam
744 4217 859 4288 pietate
879 4212 1057 4292 insignibus,
1094 4238 1131 4281 ac
1152 4213 1535 4295 vendendum,sipraelixo
1553 4231 1691 4289 tempore
1709 4222 1855 4275 mutiiuui
1927 4276 1931 4287 ,

290 4289 504 4382 concluserunt
534 4291 644 4354 illicita
671 4313 732 4356 non
756 4294 818 4357 else
835 4295 919 4357 lucta
936 4292 1061 4359 iliorum
1092 4316 1157 4360 non
1183 4294 1381 4373 restituatur,
1400 4312 1435 4358 ut
1454 4316 1494 4358 ex
1514 4298 1647 4368 pretioa
1669 4292 1723 4356 tali
1750 4291 1855 4354 vendi·
1928 4320 1931 4329 ·
1975 4342 1977 4347 .

268 4387 445 4435 montium
465 4371 498 4431 in
517 4389 624 4433 eorum
647 4373 892 4436 mutuationibus
919 4370 970 4437 sub
988 4390 1058 4438 ton·
1094 4380 1180 4444 tione
1200 4394 1344 4452 percepto
1364 4395 1485 4439 montes
1506 4372 1616 4438 sortem
1636 4372 1743 4436 datam
1765 4390 1854 4434 recti·
1946 4386 1949 4391 '
1998 4386 2000 4391 '

290 4448 457 4514 ditionibus
477 4444 564 4525 supra
583 4450 755 4528 recensitis.
788 4453 913 4515 Montes
935 4456 1057 4529 pietatis
1094 4472 1217 4532 petent,
1237 4454 1464 4519 &maritatarii
1485 4453 1653 4528 residuum,
1673 4448 1853 4514 lidettasiis

246 4584 250 4607 ἶ
290 4550 307 4591 a
332 4528 452 4605 probati
474 4525 559 4591 suere
580 4549 597 4592 a
626 4531 754 4594 Summis
784 4531 979 4596 Pontificibus
1006 4536 1059 4598 Pio
1092 4544 1191 4603 etiam
1211 4532 1349 4612 expensis
1373 4540 1404 4598 in
1428 4539 1553 4619 pignore
1573 4530 1732 4598 vendendo
1751 4529 1853 4606 super·

288 4551 330 4669 li
345 4608 442 4672 Paulo
459 4607 494 4669 ll.
512 4609 602 4672 Sixto
619 4607 670 4671 lV.
689 4609 873 4675 innocentio
889 4611 1058 4685 Villnle·
1093 4615 1482 4696 lit,irtsuumrecipiant.-
1505 4627 1531 4693 3'.
1552 4616 1610 4676 Pro
1629 4610 1784 4686 cullodia,
1817 4609 1868 4690 dt,

287 4689 407 4752 xendro
436 4687 489 4749 VI.
525 4686 559 4752 dt
588 4686 753 4754 solemnius
778 4714 800 4769 va
831 4695 935 4757 Leone
956 4690 994 4754 X.
1026 4697 1057 4757 in
1091 4696 1328 4763 conservatione
1352 4699 1541 4775 pignorum,
1571 4713 1623 4770 pro
1650 4688 1852 4759 conduiiione

290 4767 398 4833 Later.
415 4768 554 4849 Cuncilio
574 4765 638 4832 sess.
659 4788 705 4832 io.
723 4770 830 4844 eodem
844 4793 962 4848 quoque
978 4772 1057 4837 Con·
1092 4779 1220 4854 dmum,
1248 4780 1303 4851 pr'o
1333 4774 1508 4850 alimentis,
1527 4772 1560 4836 ἃ
1587 4771 1741 4853 stipendiis
1761 4771 1853 4831 mini*

290 4848 366 4913 cilio
392 4849 436 4912 ita
464 4845 698 4929 consentiente,
727 4871 762 4918 ut
786 4852 982 4917 interdixerit
1005 4850 1059 4918 sub
1091 4857 1242 4933 iliorum,
1263 4853 1298 4919 δι
1319 4856 1387 4919 aliis
1413 4851 1601 4929 huiusmodi,
1620 4872 1689 4931 quae
1705 4851 1854 4914 continue

293 4947 387 5003 poena
408 4931 751 5009 excommunicationis,
782 4949 820 5004 ne
841 4934 907 5008 quis
928 4932 1056 5008 amplius
1092 4932 1192 5012 siunt,
1210 4955 1251 4998 ne
1271 4938 1303 4997 in
1318 4937 1381 4998 illis
1396 4935 1527 5010 capitale
1544 4932 1732 5005 insumetut,
1758 4929 1852 5005 exigi-

288 5008 418 5072 auderet
438 5009 604 5085 praedicare
625 5012 657 5072 iii
677 5014 889 5087 contrarium,
910 5027 964 5073 aut
986 5033 1055 5074 ver·
1091 5035 1172 5081 tura
1186 5013 1305 5093 singulis
1325 5019 1520 5081 mutuatariis
1537 5011 1600 5078 sine
1617 5010 1748 5088 ipsorum
1759 5005 1854 5070 Mon·

287 5083 328 5151 ho
351 5084 526 5168 disputare,
551 5088 585 5156 δι
604 5090 777 5158 Concilium
805 5090 891 5157 Trid.
917 5087 985 5156 leis·
1004 5111 1051 5155 aa·
1091 5099 1171 5163 tium
1186 5096 1271 5161 lutto
1290 5095 1412 5173 aliquod
1430 5100 1573 5175 exiguum
1596 5095 1682 5160 uitta
1706 5086 1855 5168 sortem,

403 5208 408 5216 ·
524 5194 529 5208 ·
1744 5183 1824 5245 puta
1893 5241 1903 5260 ·
