4425 6000
459 525 532 625 326
680 522 853 606 Tutor·
882 541 936 596 ur
965 523 1226 609 Ptecffl'ts
1257 519 1484 607 Decacocr
1513 525 1615 605 cat.
1639 525 1703 599 lv.

274 647 442 718 ,moen
470 623 625 699 inculpate
651 620 680 687 se
711 621 824 710 habent
844 626 877 684 in
908 622 945 684 iis
966 621 1082 710 eisdem
1112 641 1172 684 non
1209 624 1332 685 catione
1352 646 1409 697 qna
1431 641 1563 690 vocatus
1578 624 1641 688 est:
1665 646 1726 702 quo
1748 623 1829 698 dono
1847 650 1920 693 cum
1931 646 1985 696 ca·

268 731 391 784 §rinnon
405 704 617 781 obsequendo,
638 721 706 778 quae
724 702 924 766 adversantur
944 704 1119 779 praeceptis,
1138 699 1174 767 1&
1210 717 1275 765 reat
1295 702 1397 767 coalia
1413 704 1540 781 cicilio,
1557 708 1664 783 gravia
1679 706 1792 769 idcirco
1807 705 1982 784 sequuntur

267 792 386 846 obedien·
406 786 539 850 consiliis
560 781 771 858 Evangelicis‚
790 779 824 849 ἃ
851 785 884 845 in
916 780 1089 855 quibusdam
1118 785 1176 844 cir·
1208 783 1417 862 incommoda,
1438 801 1474 847 ut
1489 784 1588 862 odia,
1615 783 1799 861 discordiae,
1828 789 1983 856 adulterii

268 860 335 911 Μ
351 856 395 908 ⁹⁸·
408 862 617 939 eumliantiis,
638 865 733 926 etiam
754 863 855 937 quoad
870 861 1049 926 elcstionem
1059 863 1173 939 proprii
1207 865 1240 924 in
1261 865 1480 942 matrimonio,
1503 864 1655 942 sacrilegia
1675 913 1684 943 ,
1714 887 1748 928 ac
1779 867 1922 931 scandala
1948 871 1981 933 in

267 935 326 975 “⁸¹
373 935 506 1011 ''slatus
527 991 535 1018 ,
560 963 630 1006 cnm
656 942 742 1004 hica
770 942 877 1004 diviua
908 945 1070 1005 vocatione
1100 961 1173 1018 pen·
1207 940 1392 1018 Clericatu,
1423 948 1534 1021 taedia,
1556 943 1690 1016 furores.
1719 946 1980 1027 desperationes,

407 1025 499 1090 deae.
519 1022 609 1090 Unde
627 1041 668 1086 ,ex
691 1023 986 1111 primocapirenon
1004 1018 1118 1090 debent
1135 1019 1171 1089 fi·
1208 1019 1359 1097 apollasiae
1384 1026 1417 1086 in
1439 1023 1652 1088 Monalleriis.
1675 1024 1757 1088 Hin'c
1788 1028 1856 1102 pie,
1878 1049 1915 1090 ac
1934 1024 1981 1090 se·

404 1105 440 1186 lii
459 1122 563 1181 parere
584 1099 759 1186 parentibus
774 1121 823 1174 qur
842 1100 957 1177 ahquid
979 1104 1172 1178 praecrpianr,
1207 1105 1326 1177 pienter
1346 1098 1428 1168 saera
1447 1103 1532 1166 Trid.
1555 1103 1691 1181 Synodus
1708 1103 1772 1183 leff-
1791 1122 1842 1183 25.
1863 1107 1900 1171 de
1920 1111 1979 1175 Re·

403 1184 483 1260 qood
502 1182 680 1247 adverlatrrr
695 1182 854 1256 praeceptis
871 1181 949 1258 Dei,
967 1177 1004 1256 dc
1020 1177 1172 1256 Ecclesrae,
1222 1182 1296 1244 ular.
1318 1198 1377 1260 cap.
1403 1182 1451 1251 18.
1474 1182 1673 1247 anathemate
1692 1188 1826 1260 percutit
1848 1205 1912 1250 non
1932 1186 1980 1250 l'o·

406 1283 462 1328 aut
484 1261 675 1341 Evangelieis
695 1256 827 1322 consiliis
848 1281 857 1321 t
881 1280 951 1322 nam
979 1270 1085 1339 oporiet
1108 1281 1171 1329 ma·
1200 1200 1269 1324 lum
1284 1280 1450 1343 parentes,
1470 1281 1578 1327 verum
1604 1263 1679 1327 alins
1699 1267 1795 1329 etiarn
1817 1266 1979 1343 quoscum-¹

401 1344 448 1423 gis
468 1340 580 1407 obedire
598 1346 681 1416 Deo,
703 1360 790 1417 quam
814 1336 999 1418 hominibus,
1019 1338 1118 1404 alliot.
1142 1358 1168 1415 5.
1204 1360 1282 1416 que,
1304 1343 1355 1416 qui
1371 1337 1487 1417 iiuovis
1507 1342 1598 1406 modo
1618 1363 1747 1420 operam
1773 1340 1859 1408 suam
1889 1348 1977 1414 dede·

405 1444 436 1487 v.
457 1421 525 1503 g.s1
547 1440 628 1502 patet
650 1420 714 1494 filio
743 1423 900 1496 praeciprat
926 1422 1077 1498 duellum,
1101 1422 1156 1482 vin
1205 1423 1268 1482 rint
1290 1419 1326 1484 ad
1351 1422 1517 1501 cogendam
1539 1425 1718 1502 virginem,
1746 1423 1797 1489 vel
1825 1426 1976 1503 viduam,

402 1502 528 1579 distem,
547 1501 668 1577 ulons,
687 1499 813 1563 illicitos
833 1498 1023 1576 coutradlur,
1048 1501 1169 1575 aliaque
1204 1518 1238 1562 ut
1264 1502 1296 1561 in
1323 1500 1512 1566 Monallerio
1533 1502 1729 1566 monasticum
1751 1502 1864 1569 llatunr
1887 1501 1976 1582 profi-

403 1580 534 1647 eiusdem
559 1577 918 1659 generis3s1prohibeat
943 1576 1005 1642 fine
1034 1579 1168 1658 legitima
1205 1596 1328 1643 ceatur:
1351 1577 1384 1645 dc
1409 1581 1487 1657 quod
1502 1583 1616 1647 dicitur
1632 1584 1669 1646 de
1690 1580 1844 1661 seminis,
1863 1582 1901 1647 de
1928 1588 1976 1646 vi·

403 1662 505 1726 caulsa
526 1679 564 1723 ne
591 1659 714 1727 Missam
739 1659 787 1722 die
809 1656 885 1731 lello
908 1659 1032 1735 audiat,
1053 1661 1167 1728 ieiunia
1204 1660 1242 1720 ris
1264 1679 1386 1735 quoque
1406 1660 1449 1723 eil
1473 1661 1722 1741 intelligendum,
1744 1664 1863 1730 Verum
1884 1662 1975 1729 sicuti

401 1738 542 1806 Ecclesrae
564 1760 625 1812 non
647 1736 808 1814 observet,
829 1758 889 1801 non
911 1735 1089 1815 frequenter
1117 1737 1167 1801 Sa·
1203 1758 1263 1801 non
1282 1738 1404 1814 potsunt
1430 1760 1570 1817 parentes
1589 1762 1698 1821 cogere
1724 1740 1805 1806 filios
1828 1743 1868 1807 ad
1891 1741 1974 1809 hunc

401 1838 580 1896 eramenta,
597 1818 715 1896 aliaque
736 1819 861 1894 pictatis
882 1838 978 1895 opera
995 1818 1055 1882 &o
1083 1816 1168 1881 ideo·
1204 1819 1254 1879 vel
1271 1817 1361 1880 illum
1378 1818 1489 1884 ilatum
1502 1820 1697 1899 eligendum,
1717 1819 1757 1886 fic
1773 1841 1830 1885 nec
1852 1823 1975 1899 poliunt

422 1922 460 1966 ue
477 1899 632 1975 inculpate
661 1895 755 1977 poteli
779 1896 861 1965 filius
884 1916 1004 1974 patrem
1032 1915 1093 1968 non
1112 1918 1167 1961 au·
1203 1899 1264 1961 line
1285 1896 1362 1968 lulla
1380 1903 1484 1965 caulla
1503 1922 1558 1964 eos
1585 1922 1603 1964 a
1630 1898 1730 1978 llatu,
1762 1919 1855 1977 quem
1874 1902 1975 1981 elege-

400 1924 482 2057 dire,
502 1982 552 2057 qui
577 1997 651 2043 curn
682 1994 833 2065 provocat
855 1978 890 2040 ad
919 1978 1074 2055 prophana
1102 1974 1167 2056 spe·
1202 1981 1287 2054 rint,
1304 1996 1481 2045 removere.
1504 1980 1585 2046 Nam
1609 1979 1631 2043 sr
1653 1978 1769 2047 allatu
1796 1980 1973 2059 Religioso,

398 2058 603 2135 naculmd
625 2057 731 2125 ludum
754 2078 790 2129 ac
815 2056 929 2125 adalia
952 2061 1075 2134 omnia,
1096 2077 1165 2132 qnae
1202 2057 1252 2120 vel
1274 2056 1417 2124 Clericali
1439 2080 1492 2123 eos
1513 2059 1695 2139 retrahant,
1721 2081 1740 2125 a
1764 2061 1884 2123 meliori
1908 2062 1974 2138 pro·

398 2135 753 2217 pollunteiseoccasro‚
774 2135 992 2212 &periculum
1017 2140 1163 2214 peccati.
1202 2135 1300 2214 posito
1327 2157 1381 2202 eos
1416 2157 1589 2216 amovent,
1621 2159 1773 2217 nempca
1806 2144 1859 2202 via
1881 2159 1972 2216 quarn

400 2218 442 2283 Et
461 2218 502 2283 sic
528 2219 624 2281 etiam
653 2214 715 2279 filia
737 2264 744 2291 ,
773 2215 794 2279 si
816 2235 914 2279 mater
934 2220 962 2281 ei
986 2220 1164 2295 praeciperet
1200 2217 1283 2279 Deus
1298 2217 1343 2278 eis
1362 2216 1472 2283 statuit
1493 2239 1547 2298 pro
1561 2235 1681 2286 aeterna
1703 2219 1824 2286 illorum
1849 2215 1970 2284 salute.

398 2296 581 2374 comaedias,
594 2295 776 2373 spediacula,
793 2295 953 2370 choraeas,
975 2296 1165 2374 nestorianu-
1199 2296 1228 2357 Si
1250 2316 1326 2360 vero
1349 2298 1509 2366 retrahant
1530 2319 1548 2363 a
1567 2302 1786 2376 matrimonio,
1805 2318 1859 2363 eos
1878 2318 1973 2375 expo·

397 2380 548 2455 ditatem,
568 2397 664 2440 vanos
690 2395 806 2460 amores
830 2377 883 2439 vel
913 2378 1164 2448 convcrlationes
1201 2395 1273 2440 nere
1290 2375 1412 2454 possunt
1429 2377 1698 2446 innumerabilium
1717 2396 1911 2456 peecatorum
1923 2398 1973 2455 pe·

396 2454 663 2533 commembris,
684 2454 1015 2542 aliilqnehomirlibus‚
1043 2477 1111 2534 quae
1127 2478 1162 2520 o·
1199 2456 1334 2534 riculo,
1362 2479 1424 2521 non
1450 2457 1674 2523 considerantes
1708 2456 1781 2522 illud
1803 2457 1972 2533 Apolloli·

395 2542 481 2604 mnia
510 2536 561 2601 vel
585 2536 706 2624 culpam
727 2534 946 2612 habentvael
968 2536 1066 2612 culpae
1093 2534 1162 2601 sunt
1200 2536 1312 2602 Melius
1332 2538 1372 2619 est
1390 2538 1496 2605 nubere
1512 2538 1686 2626 quam-uri,
1713 2536 1787 2600 Dixi
1806 2538 1872 2617 fine
1891 2507 1972 2618 caus·

395 2621 542 2696 proxime
559 2618 757 2679 occasiones.
787 2614 868 2678 Item
888 2612 911 2675 s1
932 2619 959 2680 ei
985 2620 1161 2694 praeciperet
1192 2613 1245 2695 sa,
1265 2619 1337 2692 quia
1355 2636 1417 2683 non
1435 2617 1531 2682 lolnm
1552 2620 1691 2695 ponunt,
1708 2620 1769 2681 imo
1790 2616 1904 2681 debent
1916 2622 1972 2682 im·

393 2696 507 2764 nubere
522 2716 592 2761 cum
610 2696 678 2760 viro
695 2691 846 2775 improbo,
866 2694 915 2760 vel
938 2696 1042 2761 indole
1053 2717 1159 2775 parum
1199 2695 1299 2769 pedire
1318 2716 1465 2773 parentes
1483 2718 1520 2760 ne
1541 2697 1624 2760 filins
1650 2700 1767 2775 ineptus
1786 2697 1970 2765 clericalem

392 2776 574 2846 commoda.
1053 2782 1055 2789 '
1198 2773 1309 2842 ilatum
1333 2776 1554 2853 amplcllarur,
1584 2776 1633 2840 vel
1656 2777 1847 2856 Religionem
1871 2778 1971 2856 ingre·

434 2857 507 2923 Filii
536 2875 599 2921 non
623 2854 796 2921 omnimode
822 2857 990 2925 subduntur
1018 2860 1098 2936 patri
1130 2860 1161 2921 in
1198 2856 1322 2933 diarur,
1341 2858 1372 2917 in
1389 2877 1449 2933 qua
1465 2852 1597 2932 collapsa
1619 2853 1655 2919 srt
1677 2856 1820 2935 regularis
1842 2855 1968 2932 dilcipli·

256 2965 306 3018 um
327 2979 379 3018 ,012
394 2937 502 3004 ordine
519 2936 555 3003 ad
578 2955 626 3000 am
647 2936 814 3002 leilendam
832 2940 958 3005 civilem
974 2957 1090 3020 artem,
1111 2937 1161 3009 vel
1197 2955 1235 3000 na
1253 2934 1365 3015 absque
1387 2937 1525 3015 eoquod
1548 2951 1632 3000 certa
1654 2932 1716 3013 spes
1738 2934 1906 3016 affulgeat,
1934 2954 1968 3002 ut

257 3029 354 3080 sunem
398 3014 610 3097 profelsronem
625 2958 787 3084 secundum
815 3021 966 3097 propriam
996 3018 1162 3097 indolem,
1195 3014 1282 3080 brevi
1308 3012 1506 3098 aestimatum
1528 3015 1618 3080 sicuti
1643 3019 1739 3079 eriam
1759 3013 1883 3082 differre
1908 3017 1972 3094 pos·

256 3103 297 3142 ¹¹¹¹
314 3093 363 3167 ἦ·
395 3103 443 3164 ita
459 3095 532 3165 urst
557 3111 642 3172 pater
661 3117 724 3163 non
740 3095 872 3178 indigeat
884 3118 980 3177 opera
994 3096 1070 3175 filii,
1095 3115 1162 3176 pot·
1195 3091 1267 3160 sunt
1288 3092 1484 3177 consensum,
1513 3113 1551 3161 ut
1572 3093 1628 3161 filii
1653 3099 1858 3173 experiantur
1881 3112 1971 3161 voca·

255 3153 377 3214 '‘m''
394 3177 440 3244 est
475 3178 523 3244 bic
541 3173 691 3243 discedere
709 3192 866 3261 apaterna
881 3179 987 3254 durno,
1004 3197 1041 3244 ur
1059 3178 1159 3242 aliun·
1197 3178 1312 3241 tionem
1328 3225 1336 3254 ,
1353 3194 1462 3254 nempe
1477 3178 1498 3238 ii
1519 3196 1557 3240 ex
1584 3174 1701 3240 linceio
1725 3195 1760 3243 ac
1781 3173 1920 3241 ferventi
1942 3192 1970 3240 a·

393 3258 431 3325 rle
451 3274 551 3326 artem
568 3255 723 3337 addiscat,
742 3255 901 3333 scientiam
914 3307 924 3336 ,
938 3259 989 3324 vel
1008 3254 1160 3335 professio·
1197 3258 1280 3321 nimo
1302 3256 1369 3319 Deo
1388 3258 1421 3323 in
1447 3255 1593 3321 Clericali
1613 3255 1715 3336 llatu,
1740 3258 1790 3321 vel
1818 3254 1970 3332 Religioso

392 3346 483 3415 nem,
499 3343 536 3408 ad
553 3356 646 3415 quam
662 3337 798 3403 naturali
822 3335 962 3403 inllindlu
977 3337 1163 3418 inclinetur,
1196 3334 1402 3412 inserviendi,
1418 3353 1473 3401 aut
1490 3355 1528 3400 ex
1550 3335 1703 3414 iuvenili,
1730 3335 1783 3400 vel
1805 3331 1968 3399 incollant'i

391 3416 426 3484 dt
446 3420 479 3480 in
493 3437 554 3495 qua
571 3416 672 3483 multo
690 3420 788 3496 magis
809 3416 952 3495 proficiet
968 3439 1057 3496 quam
1078 3420 1109 3481 in
1129 3438 1161 3481 a·
1197 3413 1364 3481 voluntate
1380 3415 1416 3479 ad
1439 3413 1609 3481 huiusmodi
1629 3414 1798 3495 eligendam
1818 3414 1967 3486 conditio

395 3497 442 3560 liis
457 3518 527 3574 qnae
547 3495 599 3574 ipsr
617 3496 685 3564 sunt
712 3495 844 3577 invise,
870 3498 1034 3571 dummodo
1055 3516 1160 3563 tamen
1195 3515 1265 3567 nem
1288 3497 1496 3563 inducantur.

394 3577 476 3642 aliud
496 3580 571 3646 vitae
587 3597 681 3656 genus
700 3578 780 3656 qood
795 3578 882 3657 eligit
898 3577 936 3647 fit
958 3575 1053 3643 llatui
1081 3578 1160 3654 luo,
1234 3573 1427 3641 Caeterumsr
1446 3577 1518 3642 liliis
1535 3573 1737 3643 vereconller
1748 3574 1903 3639 dedieina
1915 3592 1968 3640 vo·

394 3655 446 3723 seu
469 3659 587 3724 nativo!
603 3658 772 3734 conditioni
788 3655 1045 3736 consentaneum,
1061 3661 1159 3735 petita
1194 3659 1335 3734 catione,
1357 3675 1419 3718 non
1442 3672 1608 3734 tenentur,
1628 3669 1682 3720 nec
1704 3654 1825 3732 poliunt
1845 3652 1966 3731 obsequi

390 3741 474 3821 prius
488 3738 609 3816 quidem
626 3760 643 3802 a
669 3754 755 3816 patre
775 3738 901 3803 licentia
919 3786 928 3816 ,
950 3759 1042 3816 quam
1058 3741 1084 3800 ei
1107 3760 1159 3814 pa·
1195 3734 1369 3814 parentibus
1386 3739 1458 3812 ,qui
1475 3755 1528 3801 eos
1541 3735 1694 3800 retrahere
1706 3753 1882 3810 conentur,
1902 3752 1968 3797 cum

393 3815 442 3883 ier
456 3815 606 3905 denegare
627 3838 690 3882 non
711 3816 830 3897 potest,
850 3835 885 3883 ut
910 3823 942 3882 in
962 3824 1031 3898 ch.
1049 3819 1104 3881 alt.
1126 3829 1161 3890 ‚et
1195 3817 1260 3894 plus
1280 3815 1362 3880 Dent
1385 3835 1474 3892 quam
1503 3834 1644 3892 patenter
1672 3813 1820 3878 amandus
1836 3810 1874 3876 srt
1900 3862 1909 3890 ‚
1935 3810 1966 3881 ἀ

389 3894 429 3973 ῆι
450 3903 477 3964 9.
494 3897 533 3963 de
551 3894 632 3974 liber.
1194 3893 1376 3962 audiendus.
1408 3895 1525 3961 Verum
1551 3895 1682 3971 quidem,
1700 3890 1742 3957 est
1766 3892 1848 3970 quod
1877 3891 1899 3954 sr
1921 3911 1967 3968 pa·

430 3976 522 4045 Circa
542 3995 617 4041 vero
636 3975 813 4041 elellionem
837 3975 934 4043 status
950 3975 1011 4042 srre
1027 3976 1159 4041 Clerica·
1194 3995 1293 4040 rentes
1310 3990 1475 4053 extreme,
1508 3974 1681 4039 ueletiam
1710 3969 1806 4036 solum
1828 3975 1965 4052 graviter

391 4058 448 4132 lis,
462 4052 528 4121 sive
542 4053 706 4135 Religiosr,
723 4056 785 4122 live
801 4056 1014 4136 Matrimonii,
1036 4074 1160 4123 eertum
1193 4055 1370 4132 indigeant,
1391 4073 1446 4120 nec
1463 4054 1541 4119 alius
1557 4052 1634 4117 adsrr
1651 4057 1699 4130 qui
1721 4050 1810 4130 poffit
1832 4073 1868 4116 ac
1891 4050 1965 4117 velit

386 4134 433 4200 lli
452 4134 532 4212 quod
552 4155 622 4199 cum
640 4136 687 4200 hic
715 4137 847 4215 pendeat
874 4139 1020 4213 primario
1042 4157 1060 4200 a
1079 4138 1160 4201 divi·
1193 4139 1237 4200 eis
1252 4137 1445 4212 lirceurrete,
1464 4151 1590 4199 tenetur
1610 4132 1694 4197 filine
1712 4135 1893 4201 ommittere
1909 4130 1965 4193 Re·

389 4237 428 4282 na
449 4218 638 4291 vocatione,
659 4215 731 4284 licet
747 4217 801 4283 filii
819 4232 922 4292 petere
937 4215 1096 4292 debeanta
1110 4235 1159 4302 paf
1194 4215 1313 4295 ligionit
1329 4215 1520 4292 ingreslum,
1545 4216 1614 4290 qnia
1638 4213 1694 4276 hoc
1714 4210 1757 4274 cll
1780 4207 1967 4274 solummodo

390 4295 526 4363 rentibus
541 4292 766 4373 consilium&
786 4295 983 4374 consensum,
1000 4316 1064 4361 non
1079 4301 1158 4372 uero
1192 4293 1366 4372 consrlium,
1388 4289 1422 4357 dt
1441 4291 1603 4358 subvenire
1614 4291 1808 4369 parentibus,
1828 4288 1966 4367 quiahoc

388 4375 488 4456 sequi,
518 4374 572 4440 nisi
598 4374 714 4441 divine
734 4373 880 4440 consonet
909 4377 1089 4453 vocationi,
1108 4394 1157 4451 pa·
1191 4372 1445 4451 ell'praeceprum
1461 4372 1633 4450 naturale,
1661 4372 1694 4440 δι
1714 4371 1875 4436 divinum.
1904 4367 1967 4429 lmo

388 4474 492 4523 rentes
518 4477 572 4521 nec
593 4453 732 4533 diresie,
764 4476 819 4520 nec
849 4454 992 4520 indirelie
1013 4453 1158 4529 impedire
1193 4473 1268 4518 tunc
1290 4454 1410 4530 Religio
1430 4452 1567 4530 respello
1597 4451 1687 4516 boine
1707 4447 1765 4512 filii
1790 4447 1889 4514 cellar
1910 4444 1967 4538 elle

388 4536 508 4616 poliunt
526 4536 597 4610 filiis
617 4534 778 4605 cuiuslibet
788 4535 898 4600 bocum
907 4534 1083 4599 elellionem
1099 4581 1108 4612 ,
1123 4527 1158 4609 dt
1192 4533 1391 4608 opusconsrlii
1408 4534 1495 4597 iuxta
1513 4530 1588 4595 illud
1599 4524 1745 4603 Mattbaei
1756 4548 1770 4592 r
1776 4547 1803 4609 5.
1816 4527 1872 4615 ¹nbi
1882 4525 1968 4588 Clrrr·

387 4619 488 4684 multo
509 4620 610 4686 minus
631 4634 685 4678 eos
713 4633 839 4694 cogere,
867 4630 903 4685 ut
925 4617 1065 4691 quemvis
1091 4615 1158 4678 illo·
1192 4610 1251 4677 llus
1279 4610 1485 4688 exprobrabat
1505 4612 1665 4683 Pharisaeis
1693 4609 1773 4692 quod
1804 4608 1965 4672 loederent

389 4718 456 4764 tum
475 4692 611 4761 statuum
626 4690 689 4764 sive
710 4693 911 4772 clericatus,
938 4692 1002 4758 sive
1022 4692 1157 4772 Religio·
1194 4692 1414 4769 impenderem
1434 4692 1577 4766 divinum
1599 4691 1719 4762 cultum
1736 4687 1892 4769 eroganda
1914 4703 1969 4763 pe·

387 4770 460 4856 nis',
480 4772 542 4843 srve
553 4772 744 4851 Matrimonii
764 4793 874 4839 contra
885 4776 1035 4849 propriam
1046 4773 1157 4838 volun·
1194 4772 1361 4837 rentibus.-
1390 4767 1424 4846 de
1454 4771 1511 4836 hoc
1542 4769 1778 4849 intelligendum
1807 4769 1882 4837 licet
1914 4784 1967 4842 pt·

389 4862 488 4923 'tatem
509 4852 751 4934 amplellantur,
774 4855 921 4929 quianon
938 4853 1068 4922 hominis
1087 4853 1129 4916 eli
1146 4900 1156 4932 ,
1193 4869 1315 4917 rentum
1335 4850 1493 4919 necessitas
1514 4869 1578 4914 non
1607 4845 1795 4927 srt'praescns
1816 4896 1826 4927 ,
1854 4844 1905 4909 led
1925 4842 1967 4908 so·

389 4935 439 5002 scd
457 4937 515 5003 Dei
537 4952 649 5001 vocare
670 4932 822 5000 hominem
841 4953 1031 5010 quocumque
1048 4934 1155 4997 volue·
1194 4931 1256 4994 lum
1291 4929 1486 5008 probabiliter
1512 4927 1616 4996 futura
1640 4929 1810 5007 credatur,
1840 4921 1968 5000 &talu

389 5022 453 5094 ric,
477 5019 526 5094 qui
554 5018 650 5080 eriam
671 5012 723 5076 dat
752 5014 903 5092 gratiam,
924 5009 977 5077 seu
1006 5014 1153 5076 auxilium
1211 5032 1280 5078 uam
1299 5009 1379 5081 filius
1396 5012 1595 5090 praevenire,
1623 5007 1657 5074 ἃ
1686 5024 1830 5075 avertere
1858 5003 1967 5084 poffir.

392 5095 602 5188 opportunum
622 5110 658 5160 ut
678 5092 800 5173 qnil'que
819 5095 908 5178 digne
937 5090 1073 5163 ambulet
1101 5111 1156 5162 eo·
1191 5034 1260 5158 lmo
1279 5088 1403 5177 siblios
1422 5110 1487 5161 nou
1507 5086 1648 5165 obstante
1664 5087 1721 5162 bac
1735 5102 1969 5228 parentumfe-

850 5186 853 5191 “
1869 5185 1937 5232 ce·
