4425 6000
465 499 537 577 186
743 498 1629 579 Tuact.r>uC0rtrrtnct.Car.ls.

410 600 455 668 ile
476 619 527 664 eos
546 592 686 664 excusari
713 598 824 677 polit,
849 603 902 676 qui
914 597 1051 663 usserunt
1069 600 1178 663 vinum
1211 605 1328 667 tionem
1344 621 1411 668 tum
1435 604 1650 680 emptoribus,
1674 604 1747 680 quia
1764 622 1827 667 non
1844 602 1908 669 slat
1928 624 1983 685 pt⁴

410 683 518 747 minus'
529 678 712 764 exquisitum
727 680 845 757 iia,qui
865 677 1094 757 exquisitiortm
1111 679 1179 743 vel·
1210 683 1276 762 dio,
1291 704 1326 748 ac
1341 682 1510 750 contrasiui
1525 704 1596 749 curii
1615 679 1781 761 ipsieinito
1803 682 1842 746 de
1860 685 1982 750 traden-

410 763 501 837 lent,
516 758 681 827 dummodo
696 761 841 825 venditor
857 762 988 837 pretium
1004 761 1182 838 imminuat,
1210 763 1249 828 do
1277 768 1395 844 integro
1422 763 1553 843 pondere
1580 761 1613 827 δι
1629 761 1796 840 mensura,
1826 779 1897 828 turri
1918 762 1984 829 alilr

410 857 472 907 iiec
491 836 630 906 notabile
658 838 816 906 discrimen
844 858 986 905 occurrat
1011 841 1045 901 in
1071 839 1177 903 ordine
1209 843 1455 923 mercatoribus,
1483 846 1536 921 qui
1557 848 1606 908 lut
1628 841 1742 907 haberit
1763 861 1798 907 ut
1827 857 1980 919 emptortt

411 922 448 987 ad
468 919 635 985 humanam
648 917 840 986 societatem.
854 921 885 983 st
900 922 968 998 quir
985 935 1178 996 ranienquae·
1211 944 1262 1001 per
1282 926 1378 989 talem
1402 922 1537 988 fraudem
1565 943 1583 986 a
1610 921 1669 986 suit
1683 920 1818 988 officinis
1834 942 1900 988 non
1927 921 1979 987 dr·

411 1018 493 1067 teret
517 1002 625 1065 vinum
647 1001 847 1080 exquisitum,
868 1022 904 1065 ac
935 999 1119 1077 puriffimum
1140 1000 1177 1063 ad
1211 1003 1403 1071 litabantur.
1425 1006 1472 1070 Sic
1492 1003 1613 1068 Molina
1627 1002 1740 1067 aliive.

411 1080 611 1158 medicinam,
632 1079 818 1145 hauddubie
836 1082 886 1158 qui
909 1083 1018 1146 vinum
1047 1079 1176 1157 limpba·

416 1164 516 1226 ticum
533 1164 561 1223 ei
583 1162 749 1240 venderet,
769 1160 805 1224 de
829 1161 940 1225 damno
959 1157 1064 1224 secuto
1089 1175 1176 1224 tene·
1384 1182 1387 1188 ·
1505 1170 1532 1229 9.
1573 1160 1687 1227 Xlll.

408 1258 496 1305 retur
510 1282 518 1301 .
534 1241 677 1317 idemque
697 1242 794 1305 dicito
808 1289 816 1317 ,
831 1238 851 1302 si
864 1240 938 1303 dum
949 1241 1059 1316 aliquia
1075 1259 1177 1303 emere

409 1338 528 1396 quaerat
555 1324 662 1384 vinum
685 1367 693 1397 ,
719 1320 847 1385 utillud
872 1318 1000 1396 servet,
1020 1318 1111 1383 detur
1130 1322 1179 1384 vi·

409 1420 484 1463 num
503 1400 583 1476 quod
604 1397 716 1465 servari
738 1404 864 1477 nequit,
884 1400 959 1466 &in
971 1399 1027 1462 tali
1040 1399 1113 1464 casu
1122 1415 1178 1463 aut

411 1479 463 1542 ille
484 1479 688 1543 admonendus
703 1479 779 1544 esset
797 1480 834 1544 de
851 1483 917 1545 vini
933 1479 1111 1556 qualitate,
1126 1477 1177 1544 vel
1251 1480 1316 1555 Qii
1347 1481 1489 1558 ignorans
1513 1474 1619 1541 salsam
1647 1491 1804 1540 monetam
1835 1494 1893 1553 pto
1910 1492 1982 1541 veta

410 1557 646 1636 compensandus
678 1581 731 1637 pro
757 1560 868 1624 damno
897 1558 1002 1623 secuto
1013 1558 1063 1636 ,si
1096 1555 1177 1622 sorte
1213 1559 1362 1635 tradidit,
1382 1559 1501 1634 quando
1520 1557 1549 1619 id
1571 1559 1716 1632 noverit,
1735 1570 1843 1619 reram
1864 1553 1984 1619 tradere

411 1639 491 1721 sequi
514 1640 704 1718 contingat.
730 1639 797 1702 imo
817 1639 920 1703 multo
944 1643 1036 1716 magis
1063 1640 1180 1703 certior
1215 1657 1353 1713 tenetur,
1371 1636 1444 1702 &si
1464 1656 1625 1715 nequeat,
1650 1635 1847 1700 contrailum
1875 1628 1984 1697 restin-

304 1770 306 1775 .
410 1716 479 1783 fieti
499 1716 589 1783 debet
604 1736 726 1795 emptor
739 1719 781 1782 de
801 1723 844 1781 rei
867 1721 967 1793 vitio,
983 1719 1038 1782 seu
1056 1718 1181 1782 inferio·
1212 1719 1284 1783 dete
1301 1717 1408 1794 debet,
1428 1719 1501 1793 quia
1517 1737 1582 1780 rem
1602 1714 1783 1793 intrinseco,
1803 1715 1838 1779 dc
1855 1710 1984 1777 substan·

410 1802 537 1876 ritate,
559 1800 633 1863 licet
658 1797 752 1862 detur
777 1801 890 1862 minori
914 1802 1034 1875 pretio,
1056 1798 1180 1875 quaudo
1215 1800 1332 1864 tialiter
1352 1798 1495 1861 vitiosam
1514 1794 1617 1875 dedit,
1635 1796 1707 1859 dum
1735 1798 1833 1858 tacite
1858 1791 1892 1856 se
1910 1790 1986 1855 obli·

410 1878 556 1944 venditor
576 1876 771 1953 probabiliter
804 1879 1037 1955 iudicet,quod
1060 1895 1181 1955 emptor
1213 1894 1341 1959 gaverat
1365 1876 1427 1955 ipso
1451 1876 1608 1941 corittasiu
1629 1878 1666 1941 ad
1687 1877 1858 1954 legitimam
1883 1890 1984 1935 tuone·

410 1957 593 2022 venditurus
620 1956 657 2021 sit
684 1977 754 2019 rem·
774 1976 866 2023 tanto
896 1963 996 2035 pretio
1022 1955 1180 2034 quantuli
1215 1981 1280 2027 tarn
1301 1955 1513 2021 tribuendam..
1530 1957 1640 2019 Omnia
1654 1959 1737 2020 cuitu
1752 1949 1985 2019 contrattmer·

412 2037 467 2100 boc
483 2035 600 2101 desesiu
618 2054 759 2114 careret;
780 2041 852 2113 quia
871 2058 911 2103 eo
927 2037 990 2117 ipso
1012 2040 1091 2115 quod
1117 2058 1182 2101 rem
1215 2041 1350 2104 lebratur
1376 2058 1445 2100 cuni
1466 2041 1562 2100 tacita
1590 2055 1698 2101 mutua
1725 2031 1932 2106 conditione,
1948 2046 1985 2093 no

410 2116 554 2180 venalem
574 2119 700 2193 exponit
722 2138 793 2180 curii
812 2120 893 2183 vitio
911 2117 1037 2182 occulto
1055 2139 1096 2181 eir·
1117 2119 1183 2194 lege
1216 2121 1252 2184 ad
1273 2122 1408 2182 invicem
1428 2113 1629 2179 fraudentur.
1654 2113 1784 2194 insuper
1797 2131 1889 2176 error
1912 2129 1982 2174 cou-

412 2195 456 2259 sui
476 2194 593 2273 officii,
613 2212 740 2260 tenetur
756 2217 797 2260 cir
819 2216 909 2271 parte
930 2195 980 2260 sua
1000 2217 1112 2262 cavete
1130 2216 1181 2258 ne·
1217 2201 1288 2281 tigit
1314 2201 1396 2263 cirta
1425 2193 1624 2260 substantiam
1650 2212 1785 2277 monetae
1808 2240 1824 2270 „
1842 2196 1916 2268 quae'
1944 2184 1983 2253 esi

341 2344 348 2357 ‚
370 2354 372 2361 Ι
413 2277 482 2353 quit
501 2275 572 2340 inde
590 2274 734 2340 damnum
755 2276 877 2352 aliquod
895 2274 999 2340 subeat
1012 2326 1021 2354 ,
1036 2276 1182 2340 secusoc·
1216 2282 1346 2344 materia
1373 2275 1545 2342 contraitur
1567 2274 1696 2348 dando,
1724 2290 1800 2351 puta
1830 2285 1986 2335 monetam

297 2340 397 2414 ΘΒΜ
412 2353 568 2420 casrouem
585 2355 733 2431 praeberet
753 2357 855 2419 damni
876 2358 942 2421 aliis
964 2355 1131 2420 inferendi.
1154 2353 1183 2416 l·
1217 2360 1382 2424 stanineam
1404 2375 1458 2432 pro
1486 2372 1651 2434 argentea.
1673 2353 1763 2416 Unde
1786 2352 1899 2429 absque
1917 2368 1985 2415 cori·

274 2424 317 2523 ξ’,
328 2422 385 2522 “1¹:2⁸
387 2438 402 2460 ''
412 2435 542 2526 denique
564 2434 761 2499 dsoefldlim'sl
786 2453 906 2513 ‘mimi
924 2456 1010 2501 emat
1036 2435 1089 2499 sub
1108 2455 1182 2499 con·
1218 2438 1329 2505 iratius
1351 2434 1537 2512 rescissione,
1558 2435 1614 2498 vel
1628 2428 1885 2510 compensatione
1911 2446 1987 2493 etto·

275 2550 326 2584 roa
351 2537 393 2589 rt.
411 2515 531 2578 ditione
551 2515 633 2588 quod
652 2537 699 2578 res
720 2516 776 2579 tali
802 2519 884 2580 vitio
907 2535 1038 2593 careat,
1063 2512 1183 2580 tametsi
1219 2525 1259 2584 ris
1284 2540 1336 2595 per
1353 2515 1589 2580 retributionem
1610 2528 1847 2577 vetaeniouetat
1868 2508 1986 2573 urbere

273 2598 374 2653 rioi'at·
411 2600 586 2659 nonuoitio
610 2594 714 2670 ,aliar
734 2614 800 2659 non
819 2614 995 2690 empturus,
1016 2596 1053 2661 dt
1079 2594 1183 2659 vendi·
1218 2610 1270 2664 tur
1293 2596 1487 2673 inaequalitas
1516 2598 1549 2657 iir
1570 2592 1750 2669 contraditi,
1780 2610 1851 2679 quae
1872 2588 1987 2654 ubilo-

414 2691 472 2739 tor·
482 2672 683 2763 huiuscemodi
704 2677 851 2755 emptoria
877 2680 1104 2750 intentionem,
1120 2674 1184 2736 sive
1218 2675 1374 2754 notescat,
1391 2674 1493 2740 statim
1509 2672 1645 2738 tollenda
1660 2673 1725 2748 eli,
1744 2690 1783 2734 ne
1805 2671 1909 2735 altera
1924 2682 1989 2745 pm

413 2772 454 2817 err
488 2754 588 2819 verbis
616 2755 727 2830 ipsius,
743 2771 795 2818 aut
821 2754 1028 2819 verisimiliter
1055 2775 1094 2818 eit
1117 2754 1184 2817 aliia
1219 2758 1536 2834 iniuriarnpatiatur.
1555 2753 1791 2818 irruiturum
1812 2752 1991 2817 iuxtatm·

414 2831 520 2911 signis,
546 2833 581 2898 dr
602 2826 781 2898 toniesiurit
802 2833 960 2900 manifeste
979 2832 1183 2913 deprehendat
1217 2858 1359 2904 munem.

413 2932 606 2990 quocumque
621 2916 723 2989 pretio
741 2932 803 2977 reni
823 2914 911 2980 suani
923 2916 1055 2992 vendat,
1071 2935 1134 2978 non
1151 2933 1183 2975 e·
1292 2946 1297 2953 -

264 3045 271 3072 ,
413 2995 545 3135 ¹xiimidtur
572 2986 616 3133 lab
637 2993 823 3134 ῲξίςᾶςὶρηο
842 2996 961 3136 ftritium
991 3000 1035 3060 rei
1054 2988 1182 3087 manife-
1522 3002 1549 3061 ς.
1591 2991 1691 3058 xlv.

392 3094 397 3114 ¹
443 3092 513 3137 ani
553 3092 712 3136 aiatrniu
740 3090 827 3137 itiam
855 3093 993 3139 aerete
1046 3092 1112 3138 tori
1141 3093 1184 3135 re·
1425 3111 1431 3125 ·
1569 3113 1573 3121 ·
1628 3112 1633 3123 ·

415 3156 496 3215 tium
513 3120 691 3228 a'ccipiendo
711 3150 818 3239 absque
839 3097 973 3231 mequod
994 3097 1106 3220 sisium
1116 3095 1190 3228 spe·
1308 3122 1352 3181 θ’
1366 3111 1458 3181 Μ’
1478 3113 1648 3257 vam-2¹35·
1665 3132 1734 3190 ‘'g‘'
1751 3123 1925 3190 mmm

416 3235 507 3306 ritt3
532 3233 604 3306 quia
634 3253 705 3294 curii
732 3231 889 3297 consensu!
918 3239 1064 3311 emptoris
1091 3231 1210 3295 suerit'
1489 3210 1606 3272 mm
1636 3211 1716 3255 Μ’
1854 3302 1860 3314 ,
1933 3299 1940 3313 .

415 3310 665 3386 conditionatut,
684 3309 848 3376 deficiente
862 3314 1037 3378 conditione
1055 3362 1064 3390 ,
1083 3316 1211 3377 cuit-⁴
1261 3309 1383 3377 Evistio
1401 3307 1444 3372 est
1468 3309 1512 3373 rei
1533 3307 1683 3388 propriae,
1710 3326 1798 3393 quarti
1813 3304 1899 3369 asirrs
1927 3299 1992 3382 irrisi
2027 3362 2032 3372 ,

347 3449 350 3457 .
416 3406 472 3454 rat·
487 3388 654 3467 alligatus,
673 3387 755 3454 deest
783 3389 972 3470 consensus,
1000 3415 1037 3457 ac
1063 3392 1188 3469 proinde
1221 3392 1312 3458 tilulo
1335 3389 1503 3469 atquifiiam
1532 3389 1714 3467 tuterapiu
1731 3386 1899 3450 indicertur
1964 3378 2026 3471 Η*

416 3470 589 3533 contradlut
608 3470 707 3552 nullus
725 3469 877 3535 redditur.
899 3473 991 3549 Quod
1017 3493 1093 3537 vero
1114 3472 1191 3536 dici·
1222 3473 1323 3544 ratio,
1347 3470 1399 3534 seu
1424 3468 1597 3534 evidiioesi
1629 3474 1674 3533 rei
1699 3469 1829 3543 proprian
1858 3463 1917 3529 abd

417 3566 470 3612 tur
484 3549 522 3612 de
541 3551 626 3615 vitio-
639 3550 808 3626 qualitatis
824 3555 889 3631 tei,
910 3573 1001 3631 aeque
1015 3551 1125 3616 dissum
1145 3556 1188 3615 in·
1223 3575 1277 3634 per
1293 3550 1424 3613 iudicem
1444 3548 1481 3613 ab
1501 3549 1577 3626 illo,
1591 3551 1644 3625 qui
1663 3567 1734 3613 cam
1752 3549 1858 3621 emit,
1872 3559 1931 3609 aut
1945 3539 1991 3633 dit

418 3629 619 3771 telliffendum
642 3632 680 3693 de
696 3633 778 3695 vitio
796 3635 891 3697 etiam
912 3638 950 3697 in·
968 3637 1011 3696 rei
1032 3635 1189 3709 quantita·
1223 3655 1282 3711 no,
1304 3648 1358 3695 aut
1374 3650 1417 3692 eit
1433 3629 1593 3695 contraditi
1611 3627 1843 3705 permutationis
1857 3633 1989 3699 accepit·

415 3724 472 3786 te,
503 3727 704 3788 euntuncro,
719 3710 869 3789 pondere,
886 3713 921 3778 dt
936 3711 1190 3789 mensura,quan·
1225 3713 1299 3777 Nori
1324 3707 1415 3774 semel
1435 3711 1517 3773 enini
1535 3713 1711 3785 contingit,
1731 3704 1814 3782 quod
1832 3707 1991 3795 etiamrti

419 3790 458 3852 do
473 3791 505 3851 iii
522 3790 622 3866 aliqua
643 3809 682 3854 ex
698 3790 743 3852 his
784 3793 963 3858 ualitatibut
992 3795 1094 3856 minor
1119 3791 1189 3866 lit;
1226 3794 1355 3866 alienae,
1377 3812 1409 3852 v.
1430 3813 1457 3869 g.
1481 3786 1565 3854 furto
1593 3789 1704 3852 ablatae
1762 3784 1816 3850 vel
1846 3784 1886 3849 ad
1907 3782 1993 3845 alirn

420 3870 495 3931 aliar
517 3868 660 3933 venditor
682 3814 869 3935 maniscstam
894 3869 1035 3937 fraudem.
1049 3875 1191 3937 commit·
1226 3872 1312 3937 lusio-
1330 3870 1425 3934 titulo
1453 3866 1689 3945 acquisitionis,
1715 3833 1768 3930 seu
1781 3864 1991 3932 domnonia,

420 3964 504 4010 teret
524 3995 539 4023 ,a
563 3968 598 4011 ac
625 3949 769 4013 iniussum
803 3951 993 4016 contrabium
1023 3952 1162 4017 redderet
1184 3997 1199 4024 ,.
1227 3969 1280 4019 aut
1302 3953 1539 4028 permutationis
1556 3952 1747 4025 pertinentes
1764 3942 1829 4023 ipso
1849 3962 1930 4009 vero
1947 3938 1993 4003 du·

419 4048 489 4091 curn
508 4025 621 4092 deesset
640 4029 799 4106 aequalitaa
820 4079 829 4107 ,
858 4031 924 4095 sine·
947 4052 1005 4110 qua
1023 4031 1107 4096 liare·
1128 4050 1191 4095 non
1226 4036 1313 4096 mino
1338 4028 1461 4106 inscio,
1485 4027 1519 4094 &
1546 4031 1649 4093 invito
1664 4028 1864 4102 vendantur,
1884 4036 1995 4113 pertuli·

421 4105 521 4183 potest
541 4106 675 4183 iustitia,
692 4109 899 4190 dumemptor
919 4112 959 4177 ob
978 4133 1117 4177 errorem
1132 4114 1199 4175 cir·
1229 4131 1359 4188 tentut,
1378 4109 1508 4174 velasio
1528 4108 1620 4173 modo
1641 4110 1831 4172 alienentur.
1853 4103 1994 4194 Hinerri·

421 4205 457 4251 ca
477 4190 832 4266 quantitatempretium
851 4188 990 4257 solveret·
1005 4195 1053 4256 rei·
1066 4192 1194 4269 quanti·
1229 4214 1262 4258 ra
1282 4193 1320 4255 ad
1342 4186 1507 4254 huiusmodi
1533 4188 1658 4253 malitiis
1686 4186 1844 4250 hominurn
1873 4182 2002 4248 obrui·

421 4269 506 4330 tatii·
522 4266 666 4357 valorem
685 4268 853 4349 excederis,
882 4270 1098 4337 &teneretur
1116 4290 1199 4335 ven·
1227 4273 1318 4349 dnm,
1342 4270 1376 4335 dt
1397 4269 1437 4333 lic
1457 4270 1568 4333 iniuste
1587 4267 1796 4332 damiu'sicatis
1825 4263 2033 4351 suctum..

421 4345 505 4410 ditor
524 4350 684 4411 excessum
704 4347 893 4429 restituere,
918 4353 1082 4415 dummodo
1108 4356 1140 4415 in
1162 4369 1195 4414 te
1227 4354 1300 4416 dum
1323 4349 1499 4415 (latuerunt
1517 4397 1533 4427 ,.
1551 4363 1586 4412 ut
1610 4352 1789 4426 quicumque
1818 4349 1866 4410 itt
1895 4347 1939 4406 ini

423 4425 583 4490 vendenda
613 4430 645 4490 in
673 4432 775 4506 pretio
795 4450 859 4494 non
885 4431 1083 4497 descendisset
1104 4435 1199 4495 iuxta.
1232 4431 1292 4497 laesi
1321 4428 1456 4507 suerint,
1476 4451 1540 4495 reni
1561 4449 1633 4496 vere
1653 4429 1740 4493 suam·
1763 4427 1907 4492 nondum
1927 4437 1997 4501 pra·

423 4509 575 4570 mitiorem
591 4511 634 4571 rei
656 4511 863 4584 quantitatem
879 4556 893 4573 .,
949 4553 954 4562 ·
1230 4511 1379 4589 scriptam
1395 4511 1501 4573 iudicis
1531 4508 1714 4574 austoritate
1734 4511 1854 4572 iterum.
1878 4517 2000 4579 tecuitisn

310 4586 415 4664 Dist-
465 4586 620 4651 Venditot
644 4593 694 4664 qui
710 4587 749 4652 ad
772 4591 951 4657 alliciendos
975 4591 1201 4669 frequent-iuret
1231 4614 1300 4656 tare
1319 4593 1448 4658 valeant
1457 4612 1470 4667 ,·
1486 4589 1520 4655 dt
1538 4591 1604 4655 baec
1620 4592 1813 4668 recuperatio
1832 4588 1950 4652 dicitur
1971 4595 2002 4642 θ·

282 4653 403 4729 iilum
425 4683 577 4760 emptores
597 4666 685 4748 fingit
710 4671 845 4734 vendere
868 4689 983 4738 mercer
1004 4670 1197 4751 pretio-insi·
1233 4671 1342 4736 vibio.
1369 4670 1460 4735 Unde
1485 4669 1505 4733 si
1528 4693 1635 4749 agrum
1660 4666 1819 4736 vendidisti
1839 4669 1965 4737 retro,
1985 4676 2036 4756 ⁸„

283 4766 498 4835 mammo,
519 4752 631 4812 mitiori
653 4768 742 4826 quatu
767 4752 819 4813 alii
843 4771 901 4816 eat·
923 4754 1063 4818 vendant
1085 4801 1093 4831 ,
1118 4756 1196 4815 inte·
1230 4757 1323 4817 cuiusv
1336 4752 1509 4829 potestate,
1529 4751 1581 4817 seu
1609 4748 1786 4829 possessione
1807 4767 1884 4813 eum
1902 4757 2036 4820 exui-iq

428 4845 515 4914 pruni
532 4844 638 4892 tamen
658 4847 722 4892 non
742 4831 892 4898 tradendo
913 4831 971 4897 seu
991 4831 1196 4909 iulium-pon.-
1232 4838 1280 4898 xit
1310 4832 1417 4897 Titius
1453 4833 1580 4910 probans
1612 4850 1645 4896 te
1670 4851 1733 4896 noti
1763 4829 1901 4911 potuisse
1921 4825 2036 4889 illumi

425 4909 502 4984 dut,
529 4906 582 4971 rel
607 4905 798 4989 mensuram,
816 4913 939 4978 occulte
955 4913 983 4977 se
1002 4910 1198 4992 compensant
1233 4912 1385 4990 vendere,
1401 4917 1473 4991 quia
1492 4931 1579 4977 tuum
1596 4933 1662 4976 nou
1672 4913 1895 4991 erat,.teneria
1918 4899 2036 4972 Peto*

427 5007 482 5064 pto
495 4992 650 5053 communi
668 4993 767 5063 pretio
778 4995 966 5072 imminuto,
976 5011 1083 5071 peccat
1099 4997 1197 5073 gravi·
1235 4995 1272 5059 dc
1299 4991 1449 5059 evisiionc
1470 5041 1480 5072 ,
1503 4994 1621 5058 scilicet
1641 4994 1697 5056 vel¹
1712 4993 1885 5070 iudiciuin,
1909 4989 1965 5056 seu
1979 4975 2036 5075 li}

352 5147 354 5152 ¹
423 5085 476 5135 ter
489 5086 599 5135 contra
623 5068 791 5151 lullitittu,
809 5071 848 5139 ἀ,
867 5090 1000 5139 tenetur·
1012 5075 1052 5140 ad
1078 5073 1200 5140 resiliu-
1238 5093 1302 5140 tem
1319 5074 1467 5141 assumere
1488 5075 1525 5141 ad
1542 5095 1614 5139 euru
1642 5071 1894 5152 defendendum,
1919 5071 1944 5136 si
1967 5085 2015 5136 ni·

1896 5173 1984 5221 vera

1259 1287 1303 1348 Dr
1319 1302 1370 1363 ro,
1389 1283 1441 1363 qui
1461 1281 1629 1362 ignoranter
1644 1280 1697 1344 dai
1712 1290 1862 1344 montium
1871 1275 1939 1361 fri·

1473 1361 1542 1443 sam
1558 1377 1609 1439 pro
1625 1380 1717 1425 vera.
