4425 6000
594 531 905 604 Taner.ne
941 523 1506 605 conrates.crt.vl
1708 550 1782 608 eu

264 630 340 700 llam
357 630 533 708 licitantque
554 628 684 704 reddat,
719 650 756 694 ne
777 622 949 713 contradus
968 646 1035 688 mu·
1070 645 1146 692 ante
1158 644 1279 693 certum
1295 646 1436 708 tempus,
1456 645 1531 704 puta
1551 648 1686 707 annum,
1710 628 1833 695 tametsi

265 715 313 777 tui
330 710 487 777 inficiatur
506 705 602 774 usurae
620 707 704 788 labe,
721 729 789 785 quae
811 722 921 782 utpote
940 725 1036 798 grave
1069 704 1197 784 speciem
1224 709 1357 786 aliquam
1381 705 1504 772 iu'slitiae
1531 706 1706 782 praeseferat
1731 758 1740 785 ,
1764 707 1833 774 sen·

263 787 364 856 scelus
379 811 398 854 a
414 794 485 853 lure
504 793 587 853 omni
604 837 612 865 ,
631 806 682 858 ut¹
705 790 860 862 vidimus,
879 785 1034 848 interdict-
1069 792 1152 853 tiunt
1171 806 1277 852 tamen
1296 790 1501 859 communiter
1520 788 1665 852 Dostores
1686 811 1750 853 non
1770 790 1836 863 esle¹

265 886 339 950 tur,
357 891 458 948 operae
481 874 615 946 pretinm
630 867 674 932 est
691 866 727 931 ad
737 868 904 945 pleniorem
912 862 1033 927 huiusce
1070 869 1239 946 legitimum
1256 869 1384 932 ritulurn
1397 885 1458 944 ,ut
1473 888 1513 931 ex
1530 886 1639 932 mutuo
1654 868 1767 946 aliquid
1784 867 1841 936 su·.

264 953 328 1028 rei,
350 971 419 1027 quae
442 952 522 1014 tanti
538 947 581 1012 esl
598 950 768 1022 momenti,
786 944 1034 1019 elucidationem,
1069 969 1123 1021 pra
1144 949 1259 1011 sortem
1279 949 1363 1011 licite
1392 949 1578 1025 recipiatur,
1600 968 1642 1011 eo
1664 949 1715 1013 vel
1734 950 1832 1013 maxi·

264 1048 302 1095 ut
322 1028 519 1095 discutiamus
545 1031 668 1105 quinam
695 1024 755 1089 sint
779 1024 895 1101 tituli,
923 1023 1032 1099 quibus
1069 1048 1119 1091 me
1142 1028 1221 1103 quod
1250 1030 1405 1091 contraria
1429 1025 1581 1090 sententia
1619 1025 1764 1093 damriata
1787 1024 1833 1092 est

260 1131 305 1175 ex
335 1128 447 1174 mutuo
467 1109 587 1176 lucrum
608 1109 693 1170 licite
724 1103 790 1169 fieri
818 1119 938 1180 queat,
962 1124 1033 1165 cum
1069 1106 1105 1170 ab
1123 1108 1299 1171 Alexandro
1318 1105 1387 1169 Vll.
1406 1112 1437 1171 in
1455 1106 1763 1184 propositione,quae
1775 1128 1832 1170 nu·
1877 1154 1885 1166 .

263 1190 387 1254 malitia
405 1190 564 1252 bominum
589 1187 626 1249 ad
657 1183 784 1252 soenoris
813 1181 985 1276 faeditatem
1001 1180 1033 1243 st·
1069 1207 1153 1249 mero
1178 1187 1221 1249 est
1249 1207 1299 1266 42.
1322 1185 1454 1251 Lititum
1476 1188 1516 1267 esi
1540 1186 1695 1250 mutuanti
1719 1186 1838 1266 aliquid
1894 1199 1897 1208 ·

259 1269 388 1334 mulata
409 1265 524 1332 iustitia
541 1290 577 1333 ac
597 1265 755 1330 honestate
766 1261 951 1339 palliandam
972 1282 1033 1325 non
1062 1264 1152 1346 supra
1162 1270 1272 1344 fortem
1287 1265 1404 1343 exigere
1441 1266 1469 1345 fi
1486 1265 1518 1345 st
1534 1264 1634 1346 obliget
1653 1266 1697 1331 ad
1707 1290 1765 1331 non
1784 1287 1832 1330 re·

267 1370 383 1426 paucos
416 1350 524 1411 titulos
550 1347 797 1433 excogitaverit.
826 1341 913 1405 lnter
928 1345 1033 1434 praeci·
1066 1348 1225 1423 petendam
1246 1345 1355 1425 sortem
1386 1316 1477 1427 usque
1498 1345 1540 1407 ad
1556 1360 1669 1411 certum
1688 1360 1832 1425 tempus.

265 1448 343 1507 puos
365 1444 472 1492 autem
491 1427 600 1491 titulos
616 1424 811 1488 recensentur
828 1421 913 1486 labor
929 1440 960 1483 tn
983 1441 1036 1497 pe·
1070 1426 1153 1489 Nam
1177 1425 1324 1504 obligatio
1349 1447 1411 1490 non
1439 1425 1594 1503 repetendi
1623 1426 1735 1491 sortem
1758 1444 1834 1492 ante

261 1511 358 1574 cunia
378 1507 562 1572 numeranda
583 1555 590 1583 ,
611 1506 748 1590 carentia
770 1503 933 1579 pecuniae,
960 1500 1035 1565 obli·
1068 1524 1188 1571 certum
1210 1525 1327 1582 tempus
1346 1507 1391 1569 esi
1413 1503 1577 1570 intrinseca
1600 1525 1711 1570 mutuo
1736 1510 1834 1583 requi·

264 1592 350 1668 gatio
377 1606 439 1650 non
467 1585 623 1664 repetendi
649 1585 774 1670 sortem·
788 1578 880 1656 usque
909 1579 946 1644 ad
970 1601 1034 1645 cer·
1070 1585 1158 1650 sito:
1181 1588 1263 1649 ratio
1281 1587 1365 1647 enim
1380 1588 1502 1661 mutui,
1516 1603 1669 1661 quatenus
1688 1604 1835 1651 mutuum

260 1686 335 1734 tum
350 1684 497 1745 tempus,
526 1664 698 1742 periculum
725 1663 813 1739 ipsius
833 1659 1034 1738 amittendae,
1069 1662 1261 1744 distinguitur
1279 1686 1296 1727 a
1313 1669 1467 1739 precario,
1483 1669 1689 1729 communiter
1703 1665 1833 1743 estquod

263 1748 386 1814 lucrum
409 1748 544 1821 cellans,
558 1743 591 1809 ὅ(
608 1744 751 1807 damnum
771 1760 946 1817 emergens.
1068 1764 1211 1810 mutuum
1233 1749 1328 1818 repeti
1350 1763 1484 1821 nequeat
1504 1744 1666 1809 adnutum
1684 1765 1835 1815 mutuan-

305 1827 347 1891 Et
368 1832 496 1903 Primum
512 1827 549 1888 de
566 1822 834 1897 ¹³5010¹0q11e11d0
850 1823 880 1880 in
898 1819 1034 1894 petriniae
1070 1828 1130 1901 tis,
1145 1823 1197 1887 sed
1216 1822 1279 1898 poss
1298 1843 1419 1888 certum
1437 1824 1679 1890 determinatum
1696 1845 1835 1905 tempus,

264 1910 505 1982 numeratione,
535 1924 655 1967 certum
679 1900 721 1963 esl
752 1899 830 1975 apud
852 1917 956 1990 omnes
973 1918 1034 1990 nott
1069 1926 1137 1979 qnae
1159 1903 1380 1967 determinatio
1400 1907 1436 1968 fic
1459 1925 1509 1982 per
1530 1902 1689 1980 ipsummet
1707 1924 1835 1985 contra·

263 1986 324 2052 elle
350 1984 555 2050 sufficientem
585 1982 712 2045 titulum
738 2002 773 2043 ac
798 1997 952 2043 tattonem
979 1977 1035 2069 alr·
1068 1983 1151 2047 llum
1167 1987 1287 2060 mutui,
1306 1984 1357 2047 vel
1378 2004 1429 2059 per
1444 1985 1685 2051 circumslantias
1701 1982 1835 2050 necesl‘aae

265 2065 337 2145 ‘inid
372 2064 462 2142 sulm
488 2057 607 2127 sOftssm'
639 2081 679 2124 ex
708 2077 818 2123 mutuo
846 2057 1036 2133 fecipsssssffl,
1071 2069 1129 2127 tias
1144 2063 1182 2137 ad
1200 2061 1292 2126 finem
1313 2064 1580 2143 mutui3ideoque
1597 2070 1682 2129 varia
1697 2064 1740 2130 est
1757 2083 1836 2129 tem·

260 2148 338 2223 ,quia
359 2143 409 2208 hic
428 2142 516 2208 labor
533 2145 686 2221 reperitur
717 2141 846 2225 inomni
870 2154 979 2199 mutuo
999 2154 1034 2197 ut
1070 2148 1151 2221 poris
1174 2142 1393 2206 determinatio
1417 2167 1470 2220 pro
1492 2167 1601 2211 nputuo
1621 2149 1709 2209 iuxta
1733 2149 1835 2210 varie.

265 2221 1836 2303 ifflwfflwssmmwmmmum&mmmmmmmmu

219 2345 222 2352 ·
245 2306 357 2370 detur
378 2301 434 2368 nist
461 2306 589 2378 pecunia
620 2317 800 2376 numerata,
830 2296 879 2359 tel
902 2298 1037 2371 vinum,
1071 2323 1181 2368 tuum.
1202 2301 1293 2364 Unde
1314 2321 1430 2377 tempus
1447 2303 1525 2367 illud
1545 2302 1608 2367 sive
1628 2305 1751 2384 longum
1775 2303 1837 2383 stt,

266 2401 321 2450 aut
343 2380 533 2448 frumentum
553 2380 777 2457 mensur³tum3
804 2379 880 2443 ³5³⁵
900 2372 1034 2451 sequere·
1071 2382 1134 2447 sive
1154 2383 1264 2455 breve,
1286 2382 1329 2444 esl
1345 2380 1382 2443 de
1398 2385 1519 2447 ratione
1539 2385 1641 2447 mutui
1661 2383 1698 2447 ad
1718 2388 1783 2449 eius
1799 2384 1834 2449 fi·

265 2483 317 2536 rur
340 2464 505 2541 (lUOdvsus
525 2463 688 2540 91010080
708 2456 949 2523 minorisufflmd
972 2472 1034 2517 1¹²·
1071 2485 1170 2540 nem,
1197 2464 1248 2539 qui
1278 2460 1321 2524 esi
1349 2465 1444 2540 gratis
1471 2466 1647 2542 impendere
1675 2461 1835 2529 subsidium

264 2547 330 2610 dita
357 2547 389 2606 in
416 2545 548 2607 monetis
576 2545 727 2618 minutis,
745 2560 837 2617 quam
863 2557 919 2615 pro
938 2537 1035 2598 multo
1070 2542 1148 2608 utile
1170 2545 1339 2619 proximo:
1363 2541 1499 2619 alioquin
1524 2544 1543 2606 si
1566 2547 1710 2618 temporis
1734 2542 1837 2610 deter-

267 2627 376 2690 maiori
397 2628 499 2701 paucis
517 2627 615 2686 aureis
636 2624 767 2685 monetis
796 2634 946 2703 contentq
969 2634 1035 2690 per·
1071 2627 1199 2685 minatio
1216 2643 1276 2684 non
1296 2620 1372 2685 esset
1389 2624 1583 2688 accomodata
1599 2626 1765 2703 exigentiae
1786 2646 1838 2701 pe.

262 2708 327 2781 -ίῙΡῑ
351 2705 466 2782 pollet,
489 2703 569 2778 q⁰0d
599 2698 729 2779 irOfesto
755 2697 1035 2789 ridiculumssslst·
1072 2704 1169 2768 tentis
1188 2723 1352 2778 mutuum,
1372 2703 1503 2780 ideoque
1530 2704 1567 2768 ad
1593 2710 1695 2767 mutui
1722 2703 1839 2785 finem,

268 2784 485 2865 Qtareleges,
504 2772 1034 2859 quainterdtcuntnealiqudsunra
1071 2801 1211 2846 mutuum
1233 2782 1304 2858 quid
1324 2785 1416 2843 inane
1437 2784 1531 2862 esser,
1550 2804 1612 2845 non
1633 2780 1835 2848 beneficium.

268 2885 336 2929 rem
356 2866 387 2927 in
403 2882 515 2928 mutuo
530 2866 693 2940 exigatur,
712 2861 878 2925 voluerunt
900 2854 1036 2919 utnulla
1071 2863 1154 2924 Hinc
1172 2880 1237 2926 tam
1263 2881 1380 2943 tempus
1402 2859 1525 2940 longum
1548 2863 1637 2927 debet
1656 2860 1769 2925 censeri
1791 2867 1840 2929 in·

270 2943 393 3011 huiusce
414 2944 527 3009 laboris
547 2946 627 3007 ratio
646 2941 813 3015 habeatur,
842 2954 1035 3003 comumnes
1072 2938 1236 3008 trinsecum
1261 2960 1372 3006 mutuo
1393 2943 1425 3005 in
1452 2943 1557 3006 ordine
1577 2943 1615 3007 ad
1637 2943 1702 3004 eius
1721 2939 1836 3021 finem,

269 3027 450 3101 praecipiant
467 3044 610 3089 mutuum
626 3022 756 3085 dandum
784 3022 847 3086 effe
865 3020 1006 3096 gratuito
1025 3061 1033 3078 ·
1070 3043 1162 3100 quam
1177 3044 1288 3101 magna
1303 3024 1461 3098 quantitas
1477 3020 1641 3089 intrinseca
1656 3018 1718 3085 elle
1731 3023 1836 3089 cense-

268 3103 337 3171 Nec
358 3108 532 3180 immerito,
557 3125 626 3167 ‘⁰¹1¹
647 3101 708 3164 sffle
730 3104 831 3179 aliquo
851 3100 953 3163 labore
971 3119 1036 3161 rnu-
1072 3122 1123 3167 tur
1143 3106 1176 3171 in
1193 3103 1299 3167 ordine
1319 3102 1355 3165 ad
1375 3105 1564 3181 exigentiam
1582 3102 1687 3176 illius,
1706 3105 1756 3177 qui
1774 3125 1839 3169 ma·

269 3201 360 3252 tuum
387 3185 451 3249 dari
477 3202 638 3259 nequeat.
665 3183 723 3245 Sed
750 3181 926 3247 esloetiam
955 3176 1035 3254 quod
1070 3204 1161 3262 gnam
1182 3184 1326 3246 summam
1347 3202 1458 3246 mutuo
1478 3185 1605 3260 accipit.
1632 3181 1730 3260 Igitur
1758 3176 1836 3248 sicut

270 3263 392 3330 licitum
414 3265 489 3329 esset
510 3263 627 3326 lucrum
645 3262 767 3338 aliquod
785 3262 826 3326 ob
853 3258 988 3343 laborem
1003 3260 1034 3319 in
1071 3264 1146 3327 nihil
1167 3267 1288 3341 exigere
1313 3263 1385 3340 licet
1406 3281 1461 3338 pro
1484 3280 1593 3326 mutuo
1611 3266 1710 3326 etiam
1727 3264 1836 3328 maiori

269 3348 397 3421 pecunia
424 3343 640 3419 numeranda,
678 3364 747 3406 cum
773 3342 830 3407 boc
855 3339 919 3403 siat
947 3337 1035 3400 semel
1069 3365 1162 3419 quam
1186 3345 1380 3407 mutuatario
1405 3361 1480 3418 opus
1504 3340 1569 3421 stt,
1596 3344 1667 3421 quia
1691 3358 1837 3407 mutuum

269 3423 425 3489 duntaxat
444 3422 568 3500 quando
587 3440 729 3486 mutuum
745 3423 856 3508 datur,
876 3440 939 3482 non
960 3438 1036 3494 quo·
1070 3424 1144 3486 mibi
1161 3422 1268 3486 datum
1287 3426 1318 3483 in
1342 3442 1451 3500 magna
1474 3424 1651 3499 quantitate
1669 3421 1752 3485 alind
1773 3443 1838 3487 non

263 3500 346 3569 'libet
367 3524 453 3569 anno
473 3552 483 3582 ,
505 3523 569 3566 non
595 3503 661 3579 plus
684 3522 776 3578 qnam
797 3501 888 3564 semel
917 3501 1034 3562 lucru'm
1070 3502 1112 3566 esl
1131 3524 1220 3580 quam
1236 3519 1377 3567 mutuum
1396 3523 1559 3579 magnum,
1576 3505 1622 3564 ita
1637 3500 1716 3563 nihil
1735 3505 1838 3580 exige·

270 3585 383 3660 percipi
411 3583 534 3646 deberet
553 3629 563 3658 ‚
592 3603 655 3644 non
677 3602 752 3645 vero
776 3579 896 3657 singulis
922 3581 1035 3652 annis,
1071 3604 1103 3647 re
1121 3585 1192 3647 licet
1210 3603 1263 3657 pro
1279 3602 1317 3645 eo
1336 3602 1455 3657 quoque
1476 3599 1602 3658 mutuo,
1617 3580 1696 3656 quod
1711 3578 1748 3645 ad
1758 3598 1837 3646 tem·

268 3660 376 3739 quibus
407 3662 487 3725 diila
517 3665 646 3737 pecunia
680 3657 741 3723 slet
767 3659 846 3733 apud
877 3673 1041 3725 mutuata·.
1071 3684 1126 3739 pus
1146 3663 1270 3741 longum
1292 3661 1529 3737 concederetur,
1554 3679 1594 3724 eo
1612 3660 1691 3737 quod
1707 3661 1839 3727 necessa·

269 3746 367 3818 rium,
391 3759 429 3805 ut
446 3736 563 3805 faciunt
581 3737 730 3802 usurarii.
1022 3769 1026 3777 ·
1071 3744 1149 3805 rium
1174 3738 1211 3803 sit
1241 3741 1276 3804 ad
1305 3745 1398 3806 linem
1424 3745 1544 3818 mutui,
1569 3743 1639 3815 quia
1671 3740 1838 3804 huiusmodi

309 3821 391 3884 ltem
411 3822 549 3883 carentia
571 3820 705 3894 pecunia
732 3836 793 3880 non
819 3813 861 3879 esl
885 3809 1034 3879 sufficiens
1070 3837 1212 3884 mutuum
1233 3819 1308 3885 nihil
1332 3820 1415 3886 aliud
1437 3821 1479 3884 eli
1500 3840 1591 3894 quam
1609 3835 1750 3883 mutuum
1771 3821 1839 3883 lon-

267 3902 395 3977 eausl'a,
414 3900 464 3963 seu
485 3899 586 3973 ratio,
604 3916 638 3962 ut
660 3895 773 3973 aliquid
796 3917 835 3960 ex
861 3911 969 3958 mutuo
989 3892 1035 3958 su·
1069 3922 1158 3978 gum.
1178 3899 1336 3976 Obligatio
1357 3904 1451 3979 igitur
1466 3921 1527 3964 non
1548 3899 1704 3979 repetendi
1724 3896 1842 3965 sortem

269 4003 324 4060 pra
346 4000 411 4043 rem
426 3994 602 4042 mutuatam
626 3980 788 4055 exigatur.
819 3975 902 4038 Nam
930 3993 1035 4039 caren-
1070 3981 1169 4045 mutui
1199 3998 1273 4043 ante
1298 3968 1417 4057 terbpus
1440 3978 1645 4056 praefinitum,
1671 3979 1838 4047 intrinseca
1919 4038 1928 4055 ,

270 4066 315 4129 tia
335 4061 392 4125 illa
411 4056 614 4123 essentialiter
639 4060 807 4121 communis
834 4054 878 4120 esi
901 4057 1036 4120 cuicum·
1069 4060 1112 4126 est
1132 4078 1263 4136 mutuo,
1283 4063 1396 4127 idcirco
1412 4061 1534 4123 nullum
1553 4058 1702 4139 titulum,
1719 4057 1771 4124 seu
1785 4078 1839 4124 ra·r

268 4162 327 4220 que
348 4157 476 4205 mutuo:
495 4137 612 4202 nullam
635 4140 719 4201 enim
740 4157 803 4201 rem
833 4153 944 4199 mutuo
963 4134 1037 4199 dare
1071 4145 1185 4206 tionem
1204 4142 1327 4206 confert
1347 4159 1382 4203 ut
1403 4162 1457 4216 pro
1476 4160 1514 4204 ea
1533 4137 1649 4214 aliquid
1672 4142 1756 4206 ultra
1774 4139 1837 4203 sor·

271 4221 439 4300 possumus,
456 4218 511 4283 nist
529 4220 655 4283 interim
676 4217 727 4281 illa
742 4236 918 4280 careamus.
940 4217 1035 4280 Ratio
1070 4240 1136 4286 tem
1152 4239 1192 4285 ex
1212 4240 1324 4287 mutuo
1342 4222 1500 4298 exigatur.
1519 4219 1604 4282 Hinc
1623 4218 1768 4287 illicitum
1788 4217 1835 4284 est

237 4376 240 4381 ,
270 4321 371 4379 vero,
387 4322 456 4378 quar
478 4302 509 4363 in
525 4300 721 4363 contrarium
740 4294 871 4360 affertur
902 4317 922 4360 a
939 4295 1036 4360 Cara·
1071 4301 1183 4378 pariter
1198 4300 1310 4376 aliquid
1326 4301 1449 4379 exigere
1462 4321 1501 4365 eo
1516 4297 1595 4378 quod
1605 4315 1834 4366 mutuanstem·

270 4382 371 4460 muel,
391 4379 469 4458 quod
495 4395 657 4444 mutuatur
686 4380 847 4451 pecuniam
866 4376 1036 4441 mutuando
1070 4401 1124 4458 pus
1147 4378 1352 4445 constitutum
1380 4396 1544 4459 proroget,
1568 4384 1641 4456 quia
1672 4381 1730 4445 hoc
1757 4377 1835 4442 nihil

251 4465 414 4540 -privetur
426 4455 625 4523 detestatione
645 4477 712 4519 eam
734 4456 875 4532 videndi,
898 4477 965 4532 quae
986 4455 1035 4521 de·
1071 4459 1154 4541 aliud
1177 4457 1220 4523 esl
1241 4481 1333 4535 quam
1356 4463 1528 4539 prorogatio
1552 4464 1674 4538 mutui,
1695 4458 1773 4539 quod
1793 4477 1836 4523 err

273 4540 400 4607 testatio
427 4537 470 4604 esl
499 4541 598 4614 pretio
621 4534 833 4612 ‘aeslimabilis,
861 4539 904 4599 ita
934 4540 1035 4601 inanis
1069 4538 1249 4607 naturas'ua
1266 4537 1309 4604 est
1329 4543 1516 4619 gratuitum.

256 4620 334 4700 ert,
353 4620 433 4687 bona
453 4620 549 4683 venia
565 4619 648 4683 tanti
668 4615 818 4691 audoris,
835 4615 872 4682 δι
894 4612 1006 4683 srivola
1026 4666 1038 4696 ,

258 4720 308 4775 ,stt
334 4699 593 4841 sapervacaPelum
618 4696 657 4761 fit
676 4695 879 4838 tenipuss,¹dt
895 4697 1036 4839 edituram
1385 4702 1412 4768 ς.
1454 4697 1518 4764 lv,

257 4818 263 4833 .
363 4802 397 4845 re
438 4800 474 4844 ro
540 4795 647 4843 urtone
687 4798 759 4842 cum
797 4798 851 4841 oa
871 4796 904 4839 rn
925 4800 933 4840 r
954 4794 1044 4842 nrtas
1165 4811 1169 4817 ¹
1356 4818 1391 4831 ··
1713 4817 1719 4831 ·
1867 4794 1869 4798 ·

270 4780 361 4933 ἓξὲξ
382 4801 590 4926 assertationis
605 4859 639 4922 in
659 4826 782 4922 bomine
796 4799 968 4921 Clarisliango
987 4877 1035 4922 ut·
1058 4921 1060 4924 ,
1140 4822 1185 4883 De
1204 4819 1282 4883 ΜΝ
1301 4816 1468 4909 mmm&
1483 4838 1524 4958 ΞΥ
1534 4829 1638 4883 mm
1657 4831 1772 4885 'mm

271 4959 344 5021 pote
369 4937 517 5010 sordidam
538 4938 679 5004 redolens
704 4939 873 5003 avaritiam
897 4934 968 5005 satis
987 4937 1036 5003 su·
1383 4915 1484 4979 pm
1496 4918 1526 4962 ²*
1855 4986 1881 5035 v
1908 4982 1917 5034 ι

271 5042 383 5100 perqtte
403 5014 621 5085 difficultatem
636 5016 789 5085 resolvat.
1114 5017 1199 5085 Nota
1228 5039 1259 5082 1.
1277 5018 1389 5096 duplex
1415 5020 1450 5081 in
1466 5032 1579 5081 mutuo
1596 5015 1738 5096 dillingui
1758 5004 1840 5090 posse
1857 4998 1981 5101 ,ffiff‘

310 5100 471 5181 obligatio
500 5102 615 5178 pariter
643 5119 712 5167 non
734 5099 891 5177 repetendi
922 5097 1037 5167 sortem
1073 5098 1264 5180 perieulum,
1285 5119 1381 5166 noum
1407 5096 1569 5178 generale,
1593 5095 1677 5175 quod
1701 5091 1843 5159 intrinle·
1859 5126 1918 5164 rum
1934 5123 1978 5176 ga.

1540 5195 1559 5234 s
1733 5187 1942 5238 mam
2044 5189 2050 5205 ¹
