4425 6000
467 492 568 590 3583
696 487 866 560 Tutor.
893 510 948 559 nr
980 488 1232 568 sanccitis
1266 489 1489 576 Decatoei
1518 492 1619 565 Car.
1646 496 1691 566 V.

413 589 546 667 cisione3
562 583 638 653 alias
660 587 707 651 vis
728 585 866 673 vlqlonge
888 587 997 648 maiori
1022 584 1178 660 repellere.
1214 603 1289 663 tas,
1321 587 1391 651 hine
1414 588 1526 653 boniim
1549 587 1593 654 ess
1621 590 1711 671 longe
1738 592 1869 669 inferius
1893 600 1977 670 bono

414 690 487 750 pur,
503 664 653 736 necfierei
670 661 802 730 desenlio
818 685 888 742 cum
903 664 1108 730 moderamine
1130 667 1177 736 in·
1213 671 1290 732 vitae
1310 715 1319 744 ,
1341 667 1419 743 quod
1436 671 1563 746 primum
1583 667 1653 749 ess,
1681 695 1715 738 ac
1739 670 1973 750 fundamentum

413 749 547 828 culpata
570 746 697 810 tutelae.
721 742 864 809 Tandem
884 741 905 805 si
922 745 1009 812 licita
1032 743 1106 808 essct
1127 764 1176 807 oc·
1213 745 1359 812 bonorum
1383 750 1520 812 omnium
1549 752 1787 833 temporalium,
1811 758 1854 829 ἀ,
1874 781 1926 836 per
1942 759 1973 827 se

411 828 485 899 cisio
506 824 655 902 invasoris
666 821 775 900 lamae,
791 844 826 887 ac
840 822 982 901 honoris,
999 841 1177 888 totiismun·
1214 826 1407 903 irreparabile
1429 876 1437 903 ‚
1457 848 1526 892 aea
1547 823 1607 893 solo
1623 830 1680 892 Dei
1709 833 1846 902 dominio
1860 838 1975 913 depen-

412 910 468 981 dus
497 905 630 988 caedibus
661 903 857 984 repleretur,
886 923 921 992 ut
945 899 1177 970 manifestissime
1214 905 1301 970 dens.
1332 906 1448 970 Verum
1471 906 1592 983 quidem
1617 907 1660 971 est
1675 912 1822 989 Spiritum
1838 916 1974 983 innisum

367 1018 373 1026 .
413 1008 609 1067 patmum
630 1005 705 1062 pene
722 985 873 1048 innumeri
894 985 952 1048 lint
968 980 1178 1058 infamatores,
1213 1005 1364 1062 monere,
1396 1002 1451 1050 aut
1475 989 1575 1061 poo'us
1613 993 1776 1067 praecipere
1802 999 1834 1060 in
1862 997 1975 1062 divinis

410 1069 493 1146 puod
515 1072 545 1142 in
564 1084 662 1145 grave
680 1082 842 1128 commune
850 1063 992 1134 damnum
1002 1066 1044 1127 rei
1069 1061 1176 1127 ublicae
1213 1067 1373 1143 Scripturis
1388 1086 1493 1130 cutam
1510 1065 1674 1132 habendam
1694 1070 1752 1135 esse
1768 1075 1806 1140 de
1822 1067 1974 1141 bonono-

414 1163 592 1230 yerteretnr
613 1169 622 1214 t
652 1145 761 1207 idcirco
777 1139 954 1207 nullatenus
971 1084 1177 1212 huiuscemodi
1212 1148 1314 1220 mine,
1336 1142 1384 1207 sed
1401 1143 1438 1208 ibi
1460 1145 1593 1221 loquitur
1614 1148 1651 1213 de
1664 1148 1912 1232 bono-nomine,
1931 1157 1975 1219 id.

414 1227 527 1304 occiso
542 1226 647 1304 haberi
669 1219 765 1301 potesl
787 1238 823 1285 nt
850 1221 954 1286 licita.
987 1222 1070 1286 lsinc
1086 1220 1177 1283 Inno·
1212 1223 1256 1298 ess
1277 1221 1378 1299 sama,
1394 1246 1461 1298 qua:
1485 1224 1554 1296 talis
1571 1225 1614 1289 ell
1636 1229 1748 1295 iudicio
1762 1233 1821 1297 Dei
1841 1255 1905 1312 ,ac
1920 1256 1976 1300 eo·

309 1376 313 1381 ,
413 1312 534 1378 centius
553 1305 607 1388 Xl.
629 1302 757 1384 vestigia
772 1302 918 1378 sequendo
930 1299 1094 1365 Alexandri
1104 1298 1174 1364 Vll.
1214 1325 1281 1369 rum
1300 1306 1350 1379 qui
1371 1301 1440 1367 sunt
1462 1303 1726 1387 vereChtisliani,
1745 1310 1977 1380 &nititursola

412 1391 485 1472 (oui
515 1386 622 1454 thesim
646 1405 728 1448 num.
751 1401 812 1470 ¹⁷2
829 1380 988 1445 docentem
1006 1405 1016 1445 .·
1044 1380 1176 1450 Li'ci'tiinr
1213 1403 1289 1449 vera
1305 1386 1443 1461 virtute,
1458 1403 1494 1448 ac
1510 1385 1542 1449 in
1560 1386 1618 1449 hoc
1637 1386 1771 1455 consislit
1786 1392 1863 1469 quod
1880 1392 1974 1457 bomo

414 1465 467 1549 effe
486 1465 642 1548 Reli'giafh,
657 1463 713 1533 vel
733 1462 840 1546 §serica
860 1461 1097 1551 calumniatorem
1130 1482 1176 1521 ra·
1212 1462 1286 1526 nihil
1309 1480 1399 1540 turpe
1415 1481 1484 1544 agat
1507 1511 1518 1542 ,
1544 1465 1616 1530 idest
1636 1484 1807 1548 repugnans
1828 1474 1975 1539 rationali

412 1548 469 1620 via
484 1548 608 1622 crimina
627 1548 665 1610 dc
680 1541 734 1626 se,
754 1542 808 1607 vel
824 1541 863 1614 dc
877 1539 1089 1630 [ualleligrone
1105 1557 1176 1617 par·
1211 1559 1384 1616 creaturae.
1438 1551 1441 1557 ’

410 1648 480 1718 gere
498 1628 660 1700 minantem
679 1621 822 1699 occidere,
841 1621 955 1699 quando
973 1621 1052 1685 alius
1072 1619 1177 1690 modus
1252 1622 1321 1688 Alia
1338 1641 1429 1701 vero,
1451 1642 1517 1701 quae
1538 1621 1586 1689 hic
1604 1623 1695 1690 obiici
1714 1627 1835 1708 solent,
1855 1629 1973 1703 hicnon

412 1705 592 1789 defendendi
607 1728 663 1770 non
677 1702 826 1783 sappetip,
842 1719 878 1765 iit
893 1721 1055 1765 erroneam
1072 1719 1177 1778 repro·
1211 1700 1406 1780 afferuntur,
1437 1726 1505 1768 eum
1525 1700 1584 1768 hnt
1603 1700 1699 1770 facilis
1719 1704 1881 1774 solutionis
1900 1758 1909 1787 ,
1939 1709 1973 1777 dt

413 1785 523 1865 bavit)
564 1785 724 1854 damnavit
749 1778 914 1856 universim
942 1780 1040 1858 quoad
1068 1799 1173 1850 omnes
1211 1799 1248 1846 ea
1266 1786 1416 1858 praecipue
1436 1782 1473 1848 de
1489 1778 1632 1856 infamia,
1654 1805 1722 1861 quae
1741 1789 1861 1859 incurri
1883 1789 1972 1865 possit

415 1866 652 1945 propositionem
673 1883 754 1930 num.
768 1876 819 2003 jn.
835 1880 903 1936 qiiae
915 1880 1014 1936 parem
1030 1856 1174 1937 superiori
1210 1862 1378 1926 calumnias
1399 1910 1407 1941 ,
1432 1858 1566 1938 aliasque
1582 1859 1712 1929 offensas
1731 1886 1796 1932 non
1817 1867 1973 1934 vindicii·

414 1946 569 2026 damnatae
590 1945 626 2009 ab
645 1943 765 2029 Alexan
788 1961 821 2003 ro
837 1938 905 2001 Vll.
922 1937 1176 2028 doslrinameon·
1210 1940 1268 2020 do,
1280 1962 1352 2008 com
1372 1938 1427 2006 hoc
1446 1960 1681 2017 quoqueverum
1697 1941 1735 2010 fit
1752 1943 1980 2015 seetuidumbu·

415 2026 537 2092 tinebit
558 2047 566 2089 ς
588 2031 647 2089 Fau
666 2023 703 2095 el!
717 2039 784 2086 viro
803 2019 1072 2107 honoraiooccrdrre
1087 2035 1177 2105 rava·
1212 2040 1369 2086 manarum
1388 2022 1539 2093 mentium
1558 2022 1750 2102 opinionem,
1766 2046 1830 2091 non
1844 2025 1972 2104 proderi-

406 2100 525 2184 sorm,
542 2106 596 2182 qus
615 2101 724 2168 nititur
745 2100 923 2189 calumniam
942 2098 1072 2179 inferre,
1089 2097 1177 2176 fialie
1213 2117 1280 2168 tum
1297 2122 1332 2168 ac
1350 2098 1511 2177 proborum
1530 2149 1538 2176 ‚
1554 2100 1726 2178 apudquot
1744 2107 1834 2171 ium
1905 2106 1973 2170 ul„

415 2196 463 2254 ter
481 2185 541 2264 baee
556 2182 714 2265 ignominia
728 2179 824 2269 vitari
839 2191 978 2257 nequeat.
1008 2179 1090 2243 Idem
1110 2198 1177 2255 qun·
1213 2179 1391 2259 rationalis,
1406 2200 1442 2255 ac
1457 2179 1628 2258 christiano
1649 2182 1819 2259 prudentiae
1855 2187 1857 2192 ’
1926 2206 1973 2250 ra·

416 2285 473 2341 qur
487 2264 644 2349 dicendam
658 2264 683 2342 fi
700 2260 765 2339 quir
788 2259 930 2348 impingat
954 2259 1093 2337 alapam,
1122 2258 1175 2322 vel
1213 2263 1258 2325 tin
1272 2277 1381 2327 contra
1402 2262 1527 2326 iniurias
1547 2278 1686 2337 acceptas
1704 2266 1841 2329 vertitur
1863 2268 1894 2327 in
1912 2263 1974 2343 plo-

411 2340 488 2426 Μ(
500 2344 661 2424 percutiat,
677 2340 718 2407 (7
735 2341 792 2420 post
801 2342 958 2417 impastam
971 2339 1105 2416 alapam,
1125 2338 1180 2401 vel
1214 2341 1312 2417 riam,
1327 2340 1362 2407 dt
1381 2339 1516 2417 plausum
1534 2360 1583 2404 eas
1603 2338 1664 2404 sine
1693 2342 1828 2409 vindisla
1850 2342 1973 2412 sortiter

385 2463 388 2468 ·
417 2424 510 2490 lasum
523 2422 612 2504 siisti's
626 2471 634 2498 ‚
642 2420 759 2506 sagias.
781 2419 831 2488 Sic
846 2418 982 2483 sentiunt
1001 2417 1177 2498 sylvester,
1214 2418 1413 2498 sullinentis,
1432 2421 1611 2495 neutiquam
1626 2420 1813 2499 indedecus,
1830 2421 1975 2488 cumhaee

417 2496 831 2585 Sylvius,Salmanticenses
851 2499 1040 2575 ,Antoine‚
1071 2495 1175 2559 Toiir-
1213 2497 1251 2563 sit
1279 2501 1379 2565 virtus
1401 2497 1652 2566 excellentissima
1678 2499 1855 2580 chrillianae
1878 2495 1975 2579 perse-

417 2582 491 2665 nely
506 2601 576 2645 cum
593 2580 680 2655 aliis,
695 2579 746 2657 qui
760 2579 965 2651 communiter
973 2576 1106 2639 asserunt
1115 2595 1179 2639 non
1213 2576 1319 2652 {lionis
1341 2577 1478 2654 ,idcirco
1500 2576 1613 2642 summa
1633 2576 1724 2653 laude
1744 2580 1867 2659 iligna.-
1898 2599 1974 2657 prae·

420 2662 511 2724 licere
526 2678 645 2736 qunque
664 2658 785 2735 alapam
802 2676 856 2728 pro
875 2656 986 2737 alapa,
1007 2652 1180 2732 sustempro
1215 2674 1354 2733 terquam
1376 2657 1454 2732 qiiod
1481 2655 1590 2727 occisio
1616 2657 1852 2733 calumniatoris
1874 2659 1972 2725 unlla-

419 2737 547 2806 follibus
568 2737 714 2815 reddere,
738 2735 857 2813 quando
877 2737 938 2810 iam
958 2735 1111 2810 percussor
1130 2733 1180 2797 de·
1216 2752 1305 2810 tenus
1320 2738 1420 2810 operit
1442 2736 1603 2800 calunnia
1619 2732 1815 2816 salsitatem,
1843 2741 1905 2805 imo
1923 2760 1973 2803 ru·

419 2819 533 2886 stiterit
554 2866 564 2897 ,
591 2821 662 2893 quia
682 2816 737 2881 tali
753 2812 825 2893 casu
846 2834 908 2879 non
925 2811 1082 2891 anenno,
1112 2834 1179 2890 quae
1217 2835 1284 2879 mor
1306 2814 1376 2878 talis
1398 2814 1555 2881 violentia:
1572 2817 1664 2893 magis
1680 2816 1765 2882 illam
1787 2819 1915 2896 vulgat.

419 2901 522 2974 locum
538 2916 599 2962 nori
619 2896 712 2970 babet
732 2893 785 2958 nisi
803 2898 833 2957 iri
855 2893 962 2959 asinali
983 2888 1181 2978 aggressione,
1257 2892 1339 2957 Hinc
1359 2894 1482 2971 colliges
1505 2915 1531 2956 r.
1548 2895 1649 2960 teneti
1677 2899 1780 2962 vitun
1808 2903 1906 2963 etiam
1923 2917 1974 2963 no·

417 2977 467 3055 sed
482 2998 565 3057 mera
584 2975 660 3044 esset
676 2974 830 3052 modilia,
847 2994 914 3046 oiiae
936 2978 1021 3040 inrita
1041 2972 1181 3050 Evange·
1215 2970 1323 3051 bilem,
1342 2993 1397 3039 aut
1419 2972 1526 3037 ducem
1542 2976 1641 3049 potius
1663 2970 1767 3055 sugere
1789 3024 1798 3054 ,
1820 2999 1914 3052 quarn
1926 2998 1974 3043 oe-

357 3064 362 3091 ⁵
420 3061 744 3135 itempraeceptum,
768 3076 828 3137 quo
847 3052 982 3118 Chrislus
1013 3050 1181 3118 vindissam
1215 3055 1315 3129 cidere
1335 3073 1425 3130 cnm,
1446 3074 1463 3117 a
1487 3074 1547 3130 quo
1566 3052 1685 3132 alapis,
1717 3056 1770 3120 vel
1791 3056 1903 3123 baculo
1921 3060 1976 3120 im-

333 3154 336 3159 ·
423 3137 602 3213 interdixit,
621 3138 748 3201 omnino
768 3134 876 3206 illicita
894 3133 1180 3211 ell.lllicitiimpa·
1217 3134 1353 3207 petitur:
1372 3132 1428 3197 hoc
1448 3130 1492 3196 ess
1507 3134 1625 3209 quidem
1646 3133 1773 3199 dedecus
1793 3139 1873 3212 apud
1889 3158 1974 3200 mun·

402 3221 500 3290 ‘riter
519 3214 563 3292 css
582 3216 749 3289 conviciis,
766 3213 799 3276 ἃ
819 3213 1011 3278 contumeliis
1026 3212 1182 3286 convicia,
1215 3212 1337 3288 danos,
1360 3212 1406 3274 led
1432 3211 1554 3290 dignum
1574 3212 1669 3290 gloria
1689 3212 1768 3289 apud
1792 3213 1918 3293 Deum,
1942 3215 1974 3287 dc,

420 3292 680 3370 contumeliasque
701 3291 870 3371 repellere,
900 3314 970 3355 ciim
990 3289 1115 3365 hicnon
1145 3288 1180 3350 sit
1215 3290 1353 3361 Sandlos,
1368 3289 1501 3369 Colliget
1518 3310 1545 3361 a.
1561 3289 1746 3359 diabolicum
1764 3292 1827 3357 esse
1847 3288 1974 3359 illudes·

422 3372 528 3453 modus
556 3371 757 3451 ordinarius,
794 3389 829 3436 ac
853 3388 942 3446 aptus
970 3368 1006 3434 ad
1034 3368 1181 3432 honorem
1216 3366 1331 3445 satum,
1348 3389 1456 3445 nempe
1477 3373 1529 3433 uni
1544 3369 1666 3435 mentiri
1684 3368 1737 3437 sua
1753 3371 1885 3447 debetur
1900 3393 1975 3438 mer·

422 3451 597 3534 tuendum,
617 3446 665 3516 sed
680 3449 793 3527 malum
813 3450 935 3526 privata
952 3445 1105 3528 potestate
1128 3468 1181 3522 pro
1215 3469 1263 3514 ces
1280 3449 1387 3524 alapa.
1402 3448 1450 3512 Sic
1471 3449 1676 3526 Tonrneleius
1690 3471 1762 3515 euin
1782 3449 1870 3524 aliis,

422 3533 506 3603 malo
520 3528 670 3613 reddere,
696 3528 774 3611 quod
795 3529 929 3591 vetitum
947 3526 990 3591 ess
1008 3529 1039 3589 iri
1064 3527 1181 3598 divinis
1253 3527 1301 3606 Ad
1329 3524 1531 3592 defensionem
1556 3547 1632 3593 vero
1660 3530 1814 3607 pudicitiae
1843 3529 1975 3597 nonde-

421 3610 602 3689 Seripturis,
623 3627 660 3675 ut
682 3630 708 3672 r.
725 3609 808 3678 Petri
830 3622 856 3685 3.
877 3630 935 3672 nan
951 3608 1180 3671 reddmiesma·
1214 3608 1285 3671 lunt
1302 3611 1352 3684 qui
1373 3605 1508 3673 sentiunt
1526 3609 1615 3672 licere
1629 3607 1768 3675 occidere
1782 3605 1918 3683 eiusdem
1933 3612 1976 3673 in·

423 3694 487 3756 lum
503 3707 555 3769 pro
570 3690 662 3766 malo,
678 3687 871 3775 maledilsum
883 3704 945 3774 pro.
956 3685 1127 3771 maledi'lso,
1145 3686 1180 3750 dt
1215 3687 1375 3764 vasorem;
1395 3689 1458 3751 imo
1476 3687 1617 3769 Sylvius.
1638 3684 1672 3753 dt
1691 3683 1897 3764 Ixsliusbanc
1913 3685 1975 3752 sen·

423 3775 517 3843 Lucae
534 3773 563 3832 6.
579 3769 747 3833 Bemdiciit
762 3765 997 3848 maledicentibus
1016 3813 1024 3840 ‚
1043 3773 1084 3830 Ψ
1098 3778 1180 3845 orate
1214 3771 1347 3831 tentiam
1365 3786 1559 3845 communem
1579 3765 1811 3844 pradicanthac
1830 3765 1910 3832 dusli
1931 3788 1975 3832 ra·

421 3871 474 3930 pro
492 3846 736 3926 calumniansihits
752 3868 821 3910 uos.
839 3846 961 3909 Possunt
976 3843 1097 3929 quidem
1113 3845 1179 3908 illa·
1215 3847 1301 3918 tione
1317 3893 1326 3922 ,
1345 3845 1423 3920 quod
1444 3849 1475 3908 in
1494 3866 1527 3910 te
1543 3862 1608 3909 tam
1623 3843 1737 3911 lubrica
1758 3843 1795 3923 sit
1815 3867 1912 3925 grave
1927 3868 1976 3925 pe·

421 3949 465 3997 tae
485 3927 679 4007 contumeliae
701 3925 801 3992 verbis
818 3924 919 3999 repelli
940 3942 1003 3986 noti
1017 3941 1180 3988 contumee
1214 3925 1342 4004 ticulum
1362 3921 1518 3997 consensus
1539 3927 1571 3987 iri
1591 3922 1825 3991 deledlatioiiem
1844 3975 1854 4004 ,
1872 3926 1907 3992 dt
1926 3947 1977 3990 ex·

423 4004 520 4084 hosis,
540 4004 574 4075 dt
591 4006 756 4081 aliquando
776 4006 869 4068 etiam
886 4001 1031 4078 ebione,
1059 4001 1180 4079 quando
1214 4002 1281 4067 inde
1301 4006 1417 4081 peccati
1438 4051 1448 4080 ,
1471 4005 1534 4069 imo
1552 4002 1586 4084 dt
1605 4003 1834 4079 depravationis
1884 4007 1975 4071 udici-

420 4106 496 4163 opus
518 4083 593 4149 esset
620 4086 657 4153 ad
688 4079 908 4162 reprimendam
935 4082 1061 4173 alterius
1087 4079 1180 4145 auda·
1214 4085 1288 4159 tiae;
1314 4104 1349 4148 ac
1370 4085 1660 4161 integritatis,quae
1687 4027 1976 4166 imcptitasbnnnm

421 4169 517 4238 eiam,
538 4163 589 4242 vel
609 4163 650 4239 ad
667 4164 877 4242 dignitatem,
906 4157 1161 4238 audoritatemqu
1214 4159 1257 4239 est
1278 4164 1404 4227 maslini
1426 4165 1577 4236 momenti
1604 4162 1763 4239 superioris
1784 4163 1903 4228 ordinis
1925 4165 1975 4229 bn·

421 4241 585 4316 tuendam,
603 4240 714 4319 semper
734 4238 909 4325 tamensmc
919 4236 1008 4314 odio,
1027 4237 1061 4303 dr
1078 4241 1179 4320 animo
1213 4260 1321 4306 notum
1337 4236 1490 4320 fortuna,
1504 4242 1566 4306 imo
1586 4241 1757 4306 multorum
1771 4240 1976 4309 estimatione

422 4320 688 4389 adsemittendam
706 4322 786 4387 lianc
812 4319 918 4390 iustam
946 4314 1178 4402 satissasliopem
1212 4318 1291 4395 bono
1307 4322 1381 4394 vitae
1400 4322 1664 4405 aequiparandum,
1680 4340 1751 4386 cum
1769 4317 1976 4399 sitinittatur,

422 4418 556 4478 parat0,
586 4400 742 4478 pluresque
772 4402 849 4464 alias
879 4401 1030 4475 iniurias,
1058 4395 1178 4461 sisalus
1212 4396 1249 4461 fit
1265 4397 1380 4475 prorsus
1395 4397 1605 4476 irreparabile.
1639 4399 1710 4467 Hoc
1728 4400 1974 4468 dooetetiams.

421 4483 551 4560 proximi
570 4483 612 4553 ita
628 4483 749 4558 exigat,
770 4477 940 4544 lullinendo
953 4524 961 4553 ‚
975 4477 1098 4540 iubente
1115 4476 1176 4539 Do·
1212 4477 1389 4556 Antoninus
1409 4497 1436 4554 a.
1458 4496 1537 4556 part,
1559 4484 1611 4545 tit.
1633 4499 1661 4558 7.
1680 4502 1746 4559 cap.
1768 4478 1798 4544 8.

421 4561 508 4621 mino
528 4557 672 4637 Matthaei
692 4579 718 4635 5.
743 4576 780 4623 ut
807 4559 994 4633 percutienti
1023 4556 1176 4621 maxillam
1252 4556 1368 4621 Melius
1393 4576 1496 4621 tamen
1522 4553 1633 4625 sentire
1657 4560 1830 4643 videntur²
1853 4561 1905 4636 qui
1924 4580 1976 4634 op·

420 4637 578 4711 dexteram
598 4637 714 4701 sinislra
729 4636 918 4715 praebeatur,
1213 4633 1343 4711 positum
1362 4653 1488 4714 tenent,
1507 4640 1579 4713 quia
1598 4637 1678 4704 hunc
1697 4636 1802 4708 casum
1821 4657 1878 4707 one
1896 4638 1978 4703 Scri·

461 4715 617 4795 Obiicitut
632 4732 737 4779 tamen
765 4716 911 4782 honorem
937 4713 970 4781 &
988 4710 1099 4795 samam
1116 4711 1175 4791 esse
1213 4731 1330 4791 ptura,
1355 4735 1411 4778 nec
1430 4716 1482 4788 33.
1504 4718 1606 4780 Patres
1623 4765 1632 4794 ,
1661 4739 1718 4786 nec
1733 4716 1872 4785 masii
1889 4719 1978 4782 exci-

417 4796 491 4872 ouid
505 4796 574 4860 vita
593 4793 813 4866 excellentius·
833 4792 922 4871 aeia,
939 4792 996 4856 hoc
1016 4813 1124 4857 verum
1132 4789 1177 4855 cs·
1213 4794 1302 4868 piunt
1319 4815 1336 4861 a
1375 4797 1487 4871 enerali
1511 4794 1717 4871 prohibitione
1736 4820 1746 4863 i
1767 4820 1827 4865 naa
1844 4795 1977 4863 arios.

419 4873 450 4946 se
466 4874 561 4941 solum
583 4876 615 4938 in
635 4871 836 4938 aeslimatione
856 4872 1042 4952 lliiltorum,
1068 4868 1177 4962 drim-
1213 4873 1251 4936 Et
1276 4814 1413 4950 equidem
1437 4876 1582 4951 pudicitia
1612 4875 1735 4952 l'peslari
1769 4875 1897 4956 potell,
1924 4874 1976 4939 vel

420 4953 633 5032 prudentum,·
662 4951 741 5016 unde
756 4973 826 5016 cum
846 4950 883 5015 ht
911 4949 1023 5014 bonum
1047 4955 1176 5025 politum
1213 4970 1303 5030 prout
1322 4951 1364 5016 est
1385 4954 1547 5034 integritas
1566 4959 1700 5032 corporis
1720 5005 1730 5031 ,
1750 4957 1802 5025 vel
1824 4972 1915 5037 proiit
1931 4951 1976 5020 est

369 5088 374 5095 .
419 5036 454 5099 iri
475 5033 602 5103 asterius
617 5031 730 5103 iuditio
750 5078 759 5109 ,
781 5032 866 5099 cuius
894 5028 1071 5098 defiderium
1088 5031 1177 5101 vani·
1214 5032 1308 5100 animi
1329 5033 1446 5102 virtus.
1467 5033 1498 5101 Si
1513 5034 1670 5115 primuni,
1691 5035 1849 5107 inferioris
1866 5034 1977 5181 elgot-

1913 5134 1940 5176 μ
