4425 6000
431 506 516 605 ψ
728 499 1582 580 Trici.nsconriicr.cir.x.

391 608 428 671 sis
454 600 657 691 subministret
682 606 796 691 ,Lep¹
817 622 845 666 2.
864 619 923 681 rap.
939 621 989 680 55.
1019 607 1045 667 §.
1073 621 1100 665 r.
1122 598 1159 664 de
1193 601 1300 668 ilicum
1324 601 1381 682 sit,
1407 622 1462 668 ant
1482 601 1628 669 saeculare
1650 602 1757 681 potius
1774 606 1961 690 attendenda

395 686 548 751 Prohibita
557 682 647 766 ferdi
662 683 864 749 alienatione.
1194 681 1236 745 est
1253 686 1378 762 persona
1396 684 1582 762 concedens,
1597 704 1687 760 quam
1707 704 1755 750 res
1772 687 1835 766 ipsa
1855 689 1962 755 inseii-

268 783 370 838 uiiifio
432 765 567 831 Feudum
588 760 736 828 dividitur
754 784 781 826 r.
802 767 834 827 iii
850 760 974 827 seudum
994 762 1159 839 proprium,
1195 764 1267 827 dum
1285 763 1421 829 concessa
1434 811 1444 838 ,
1458 782 1531 827 num
1552 762 1588 827 sir
1606 762 1769 839 Faciesiae,
1793 767 1846 832 vel
1863 769 1934 833 laici
1952 813 1962 833 .

254 847 357 905 Ferri·
396 848 431 916 dc
449 847 660 924 improprium.
681 843 818 910 Feudum
841 845 995 922 proprium
1018 839 1061 903 est
1082 839 1159 904 illud
1195 844 1290 909 Multi
1316 847 1399 907 enim
1411 842 1548 921 Episcopi
1569 846 1619 920 qui
1641 848 1799 912 territoria
1823 845 1965 925 specialia

395 930 480 1006 quod
495 946 601 990 ueram
621 942 764 987 naturam
793 922 873 990 feudi
896 926 927 985 in
951 920 1094 985 omnibus
1114 938 1160 983 re·
1197 930 1229 987 iri
1251 922 1374 986 seudum
1384 921 1668 999 ablmperatoribus
1688 945 1849 1007 recepere,
1869 931 1965 993 ratio-

394 1012 496 1081 tinet‚
512 1022 548 1070 ut
565 1002 655 1083 supra
675 1000 799 1068 seudum
814 998 1068 1078 descriptum,dt
1094 998 1160 1061 sim·
1196 1024 1233 1068 rie
1259 1005 1368 1067 talium
1392 999 1550 1067 seudorum
1577 1000 1807 1070 considerantur
1830 1028 1893 1072 non
1921 1006 1965 1071 se·

393 1088 514 1167 pliciter
534 1084 713 1150 conceditur
733 1084 821 1148 nulla
836 1080 912 1148 sada
931 1081 1159 1147 determinatio·
1195 1103 1298 1162 cusae
1318 1084 1371 1146 alii
1398 1082 1504 1147 vaslali
1527 1079 1685 1147 saeciilares
1710 1082 1937 1162 Imperatorum
1957 1135 1967 1165 ‚

392 1187 433 1240 rie
447 1168 612 1242 temporis,
633 1181 687 1227 aut
711 1162 904 1229 servitiorum
931 1168 957 1248 {-
987 1160 1103 1239 penult.
1127 1156 1160 1223 ἀ
1196 1162 1230 1229 dt
1248 1184 1353 1228 coram
1371 1164 1416 1227 eis
1433 1166 1464 1225 iii
1479 1159 1585 1226 cauffis
1603 1158 1769 1230 feudalibus
1790 1186 1966 1243 comparere

391 1249 451 1314 ull.
467 1263 527 1324 cap.
549 1266 613 1324 qiiae
628 1246 667 1324 fit
688 1241 874 1324 investitura.
895 1239 1031 1306 Feudum
1053 1245 1162 1316 impro·
1197 1242 1329 1320 debent‚
1345 1241 1379 1308 &
1395 1243 1542 1307 iudicati.
1564 1244 1594 1304 6.
1616 1241 1775 1309 Dividitur
1794 1249 1826 1310 in
1843 1243 1967 1311 feudum

391 1330 492 1407 prium
512 1322 554 1389 esi
576 1324 672 1401 illud,
689 1325 720 1386 in
741 1343 803 1400 quo
820 1344 872 1401 per
898 1319 983 1400 pitia
999 1318 1162 1397 specialia,
1197 1344 1335 1399 novum,
1352 1321 1714 1398 &antiquum.Novum
1733 1324 1813 1400 quod
1834 1327 1968 1391 vassalus

394 1407 447 1472 seu
469 1428 522 1485 per
541 1402 751 1468 investituram
761 1403 926 1490 'specialem
941 1404 1087 1476 apropria
1095 1395 1161 1463 seu·
1198 1402 1407 1481 possessornon
1419 1401 1526 1467 babuit
1538 1402 1575 1466 ab
1584 1401 1684 1477 aliquo
1692 1407 1845 1469 anteriore
1854 1410 1887 1470 vi
1901 1407 1966 1470 suc·

395 1488 503 1553 dorum
525 1501 638 1547 natura
664 1485 814 1547 recellum
839 1482 900 1547 cli.
921 1480 1058 1544 feudum
1080 1484 1163 1542 enim
1198 1481 1356 1561 cessionis,
1376 1482 1471 1547 ledab
1491 1478 1967 1563 ipsodoiiiinoprimiimaccepit,

416 1570 550 1645 ioprium
566 1559 707 1626 censetur
727 1564 805 1640 quod
824 1559 1049 1626 conditionibus
1069 1558 1162 1625 &oh-
1198 1562 1379 1639 &coepitin
1400 1560 1453 1626 sua
1474 1557 1617 1640 personat
1633 1562 1867 1644 antiquumesl,
1886 1565 1968 1642 quod

391 1590 501 1724 sequiis
523 1646 706 1707 nominatim
726 1641 860 1707 definitis
876 1642 919 1705 est
929 1640 1088 1718 alligatum
1096 1658 1161 1714 cap.
1200 1646 1280 1720 prius
1291 1641 1328 1706 ab
1336 1641 1398 1705 alio
1414 1641 1639 1708 ascendentium
1651 1642 1877 1718 acquisitumad
1894 1644 1968 1710 alios

389 1746 422 1791 ι.
442 1727 480 1791 de
501 1724 585 1790 notit.
599 1721 687 1803 feudi
699 1772 709 1800 ,
723 1722 763 1789 (5
781 1730 807 1787 ς.
819 1727 877 1801 fiii.
896 1720 931 1782 lii
950 1719 1042 1785 dubio
1058 1737 1163 1784 autem
1199 1744 1251 1799 per
1261 1720 1471 1787 succeffionem
1481 1720 1626 1785 transivit
1641 1720 1895 1805 rap.r.succrffione
1898 1725 1969 1805 feir-

391 1825 483 1873 omne
501 1804 642 1870 Feudum
658 1806 810 1881 proprium
830 1799 1044 1879 ‚praesumitur,
1066 1798 1100 1865 dt
1118 1819 1163 1862 re·
1200 1800 1265 1866 dcli
1276 1850 1284 1877 ,
1304 1801 1339 1866 ἀ
1359 1801 1451 1865 alibi.
1473 1822 1501 1882 7.
1527 1799 1685 1867 Dividitur
1705 1804 1737 1865 iii
1760 1800 1886 1868 seudum
1906 1805 1968 1869 hae·

392 1885 487 1951 llum.
512 1883 673 1949 Dividitur
693 1902 721 1943 a.
744 1884 774 1945 in
796 1883 922 1961 regale,
947 1880 1027 1955 quod
1048 1880 1084 1943 ab
1103 1876 1163 1940 lm·
1201 1884 1379 1946 reditarium
1394 1882 1428 1946 ἀ
1444 1885 1477 1945 in
1494 1878 1616 1945 seudum
1636 1878 1781 1959 samiliae,
1797 1882 1849 1948 seu
1869 1903 1969 1961 expa-

391 1985 553 2045 perarore,
569 1963 620 2027 vel
638 1984 655 2026 a
673 1965 755 2041 Rege
774 1963 956 2042 conceditpi
979 1981 1047 2023 cuin
1070 1957 1164 2022 adne-
1200 1961 1265 2039 ilo,
1288 1959 1323 2026 dr
1343 1962 1559 2038 providentia.
1584 1958 1721 2024 Feudum
1742 1961 1969 2027 haereditarium

391 2066 434 2111 xa
455 2046 548 2125 regali
569 2042 737 2121 dignitate,
758 2041 830 2107 idest
853 2046 917 2104 iure
938 2042 1164 2118 regalium,cu·
1199 2039 1243 2104 est
1261 2041 1333 2105 illud
1355 2045 1387 2103 in
1410 2061 1471 2117 quo
1489 2043 1595 2118 vigore
1621 2040 1812 2107 investitura
1838 2063 1904 2107 non
1922 2043 1969 2106 lo·

391 2123 520 2191 iusmodi
540 2122 609 2187 sunt
635 2123 775 2201 Regnum
829 2119 1163 2197 Eieiioiiius,1>uca-
1202 2122 1265 2184 lum
1291 2123 1396 2201 agnati
1422 2123 1511 2198 primi
1532 2117 1659 2198 vassali,
1682 2121 1734 2186 scu
1756 2124 1966 2199 acquirencis,

393 2207 682 2282 tus,Principatus,
701 2172 953 2276 Marcsiionatus,
971 2201 1164 2286 Comitatus,
1200 2199 1248 2263 sed
1267 2206 1364 2266 etiam
1383 2206 1563 2277 quicumque
1580 2200 1711 2267 haeredes
1726 2206 1889 2279 extranei,
1908 2199 1971 2265 sive

394 2284 498 2352 &alii
519 2284 548 2346 id
569 2303 661 2361 genus
680 2282 826 2358 honores,
846 2280 1042 2344 &beneficia
1066 2275 1117 2343 lib.
1138 2298 1163 2339 r.
1200 2279 1323 2345 masculi
1344 2278 1407 2346 sive
1431 2278 1585 2358 saeminae,
1605 2278 1668 2345 sive
1687 2301 1727 2345 ex
1757 2272 1970 2357 testamento,

394 2363 445 2432 tir.
471 2384 517 2444 14.
536 2360 620 2442 stud.
651 2381 711 2440 cap.
736 2383 761 2425 r.
787 2362 821 2425 dt
842 2382 904 2424 non
930 2360 1057 2437 regale,
1085 2357 1164 2434 quod
1202 2358 1266 2425 sive
1288 2360 1326 2426 ab
1354 2361 1502 2426 intestato
1531 2360 1692 2425 venientes
1723 2357 1881 2425 succedere
1904 2356 1971 2439 pos·

394 2444 540 2510 nobilitat
559 2441 682 2519 quidem
709 2438 865 2519 personam
894 2442 1085 2515 recipientis,
1104 2436 1166 2499 sine
1203 2440 1290 2518 sunt,
1307 2439 1341 2505 ὅ(
1357 2440 1420 2504 tale
1440 2436 1636 2517 censetur,si
1657 2444 1688 2503 in
1715 2440 1898 2504 investitura
1918 2440 1969 2505 ba·

296 2559 302 2570 i
394 2542 500 2589 tamen
531 2524 598 2584 iure
624 2521 772 2600 regalium
793 2525 846 2586 cit.
873 2541 954 2583 num.
988 2539 1014 2581 i.
1047 2518 1093 2581 iit.
1118 2536 1163 2596 14·
1201 2519 1310 2584 beatur
1331 2521 1397 2584 haec
1423 2518 1556 2586 clausula
1587 2520 1703 2584 concedo
1720 2518 1851 2601 seudum
1868 2537 1920 2599 pro
1941 2532 1971 2584 le

390 2603 477 2687 feriis.
500 2618 528 2682 3.
549 2600 707 2666 Dividitur
728 2593 760 2663 ii'i
786 2600 903 2677 nobile,
923 2599 956 2664 δι
976 2599 1057 2676 quod
1085 2603 1166 2661 aeci·
1204 2597 1317 2680 tuisque
1343 2598 1511 2664 siaerrdi'diis
1536 2596 1779 2677 quibuscumque,
1795 2601 1880 2665 Rota
1913 2608 1970 2663 art.

419 2687 533 2747 ientem
556 2680 724 2759 nobilitat,
744 2682 793 2744 vel
814 2680 944 2747 oslendit
968 2696 1061 2742 antea
1082 2697 1122 2740 rio
1144 2681 1165 2739 i·
1204 2697 1233 2761 3.
1255 2686 1373 2751 Recens.
1395 2679 1485 2768 Deris.
1515 2694 1582 2758 391.
1599 2702 1679 2745 num.
1706 2680 1734 2742 8.
1757 2697 1821 2760 pag.
1847 2700 1877 2744 r.
1893 2618 1972 2744 seii·

395 2706 459 2827 sem
476 2757 583 2838 suisse,
600 2782 671 2826 cum
686 2760 875 2825 concedatur
894 2759 931 2822 ab
951 2758 1104 2836 imperato
1157 2805 1166 2835 ,
1202 2763 1273 2823 dum
1295 2758 1435 2837 samiliae,
1457 2762 1509 2843 seii
1525 2779 1563 2824 ex
1588 2758 1702 2840 pastu,
1723 2758 1757 2825 dt
1779 2760 1974 2835 providentia

397 2841 531 2907 vel'alio
547 2841 684 2919 supremo
703 2842 845 2920 Principe
866 2857 928 2917 cap·
960 2860 987 2901 1.
1005 2838 1076 2928 quii
1109 2837 1167 2900 icat
1203 2840 1276 2904 illud
1297 2840 1339 2904 ell
1359 2844 1391 2904 iri
1412 2839 1541 2918 quololi
1561 2838 1681 2906 masculi
1699 2861 1716 2903 a
1737 2840 1835 2916 primo
1856 2837 1973 2903 vitiato

398 2927 470 2986 Dux
498 2968 506 2999 ,
535 2919 570 2986 ἀ
596 2924 628 2984 in
663 2922 821 3000 ignobile,
848 2919 927 2996 quod
956 2940 972 2983 a
1002 2918 1086 2998 plebe
1113 2917 1167 2981 vel
1203 2920 1417 2985 descendentes
1434 2943 1486 3000 per
1496 2920 1672 3001 legitimum
1687 2922 1973 2984 matrimoniumiu·

397 3022 418 3066 a
447 3003 575 3079 privatis
607 3001 741 3079 personis
765 3002 827 3064 dari
859 3001 935 3065 solet
960 3020 1028 3077 quae
1054 3020 1093 3063 ex
1118 2999 1167 3061 de·
1204 3022 1237 3066 re
1259 3003 1446 3079 agnationis,
1469 3000 1671 3079 &sanguinis
1693 2999 1882 3074 succedunt,
1902 3001 1974 3076 quia

399 3079 482 3147 teau
519 3078 677 3159 potestatis
714 3082 832 3146 nullam
872 3079 1065 3145 nobilitatem
1097 3080 1168 3143 dare
1204 3082 1357 3145 ordinarie
1376 3084 1553 3146 conceditur
1573 3087 1605 3145 in
1625 3078 1782 3159 favorem,
1800 3079 1836 3146 ἃ
1855 3078 1975 3145 conser-

399 3164 524 3239 poslunt
552 3161 676 3226 seudum
705 3163 743 3226 ab
774 3161 840 3240 ipsis
871 3158 1087 3240 accipientibus
1106 3175 1166 3236 cap,
1207 3163 1365 3246 vationem
1394 3157 1533 3227 familiae.
1557 3162 1584 3225 8.
1616 3162 1775 3226 Dividitur
1797 3163 1828 3223 in
1852 3158 1975 3223 seudum

401 3260 434 3305 1.
463 3241 498 3305 de
527 3239 566 3302 i‘i's
589 3240 638 3319 qui·
648 3241 797 3321 seudum.
823 3264 855 3324 Ι4.
881 3241 1041 3306 Dividitur
1070 3243 1103 3302 in
1132 3240 1168 3301 li·
1205 3243 1424 3318 masculinum,
1445 3245 1476 3305 in
1492 3263 1552 3317 quo
1571 3244 1603 3308 vi
1619 3239 1810 3307 investiturae
1828 3239 1884 3304 soli
1906 3259 1974 3302 ma·

300 3396 305 3403 ¹
401 3319 567 3400 gium,&
603 3341 666 3384 tion
701 3320 820 3400 ligium.
849 3318 1033 3400 Ligiumest
1063 3318 1169 3395 illud,
1207 3323 1280 3385 lculi
1302 3321 1463 3387 succedere
1483 3317 1976 3401 poliunt,&saemineum,quia

276 3400 307 3471 ’,”
403 3421 467 3486 quo
493 3399 626 3464 vassalus
652 3399 834 3468 fidelitatem
862 3405 905 3465 ita
932 3400 1062 3467 strisiam
1087 3405 1169 3466 iurat
1207 3407 1304 3480 primo
1322 3402 1470 3467 collatum
1493 3400 1536 3467 esi
1554 3401 1706 3478 saeminis,
1730 3397 1860 3476 indeque
1883 3394 1976 3479 saeml·

403 3482 459 3544 uni
482 3479 623 3556 domino,
643 3498 683 3544 ut
700 3486 728 3546 ei
745 3502 854 3548 contra
876 3501 1092 3560 quemcumque
1116 3485 1172 3542 mi·
1207 3505 1260 3547 nas
1278 3481 1436 3548 succedere
1452 3504 1513 3546 non
1540 3483 1756 3547 interdicitur.
1787 3479 1824 3542 ln
1847 3495 1976 3553 utroque

404 3559 524 3639 litare,
547 3559 582 3626 bc
607 3560 720 3626 servire
741 3581 881 3629 teneatur
904 3587 914 3646 3
942 3564 1054 3628 idcirco
1072 3579 1172 3624 nemo
1208 3582 1311 3627 tamen
1330 3563 1385 3627 hoc
1401 3559 1492 3627 seudo
1513 3583 1576 3628 non
1592 3561 1757 3626 succedunt
1777 3553 1975 3625 saeminaenisi
2025 3633 2027 3637 Ι

401 3637 501 3720 potest
517 3660 536 3704 a
553 3640 666 3707 duobus
677 3642 793 3720 regibus
813 3641 902 3708 scuria
919 3644 991 3723 ligia
1014 3643 1172 3719 accipere,
1207 3643 1417 3706 deficientibus
1437 3642 1592 3707 masculis.
1618 3661 1646 3720 9.
1669 3639 1828 3704 Dividitur
1844 3642 1890 3702 ‘in
1911 3634 1975 3702 seu·

395 3740 474 3785 cum
495 3717 533 3795 sit
554 3721 729 3799 impossibile
746 3724 863 3787 duobus
889 3728 1070 3798 promittere
1097 3719 1167 3782 fide·
1208 3726 1280 3786 dum
1300 3719 1438 3787 francum
1458 3723 1508 3787 seu
1530 3723 1679 3800 liberum,
1701 3739 1825 3796 proquo
1843 3717 1977 3783 vassalus

401 3799 525 3864 litatem
550 3820 656 3864 contra
678 3801 894 3878 quoscumque.
917 3803 1007 3866 Unde
1027 3799 1117 3865 seuda
1139 3801 1173 3860 li·
1210 3802 1293 3869 nulla
1318 3802 1444 3867 servitia
1467 3802 1608 3880 praestare
1630 3816 1778 3876 tenetur,
1796 3797 1830 3863 &
1853 3817 1919 3862 non
1941 3797 1979 3859 ll·

401 3883 453 3958 gia
474 3878 593 3943 nonnisi
615 3903 632 3944 a
662 3881 803 3958 supremis
827 3883 1013 3960 Principibus
1042 3879 1172 3957 superio·
1208 3884 1332 3959 berum,
1353 3904 1405 3959 pro
1432 3904 1491 3958 quo
1515 3882 1648 3946 vassalus
1668 3883 1704 3946 ad
1733 3896 1855 3943 certum
1885 3897 1978 3956 genus

405 3979 469 4021 rem
493 3980 557 4024 nori
579 3959 808 4037 agnoscentibus
829 3962 893 4024 dari
925 3964 1073 4036 possunt,
1099 3961 1173 4022 alias
1210 3961 1405 4026 servitiorum
1426 3960 1630 4038 praestandum
1653 3975 1797 4040 tenetur,
1817 3976 1910 4034 prout
1930 3957 1979 4020 de·

404 4037 538 4114 superior
558 4043 657 4116 excipi
678 4041 825 4121 deberet,
846 4040 933 4104 sicuti
956 4040 1098 4105 censetur
1118 4059 1172 4101 ex·
1211 4043 1395 4105 terminatur
1412 4044 1442 4102 in
1464 4040 1677 4118 investitura,
1701 4035 1750 4102 lii.
1817 4037 1979 4117 feudorum

405 4135 514 4194 ceptus
531 4119 668 4183 Summus
689 4120 859 4185 Pontifex..
886 4121 959 4184 Non
977 4121 1081 4200 ligium
1098 4139 1175 4183 vero
1211 4122 1258 4185 ii't.
1278 4140 1325 4200 25.
1350 4140 1395 4184 ιο.
1417 4120 1575 4184 Dividitur
1591 4123 1623 4183 in
1640 4119 1766 4183 feudum
1796 4116 1980 4196 eale,quod

405 4196 481 4261 illud
506 4195 570 4276 est,
595 4219 728 4276 proquo
750 4203 882 4266 vailalus
907 4203 1008 4277 iurat,
1027 4198 1061 4265 &
1084 4198 1173 4261 debet
1211 4223 1280 4264 cum
1297 4202 1395 4277 primo
1416 4205 1596 4276 acquirente
1617 4220 1678 4264 non
1695 4200 1783 4262 cxcin
1803 4200 1911 4276 uitur,
1931 4192 1981 4259 sed

407 4275 592 4341 fidelitatem
612 4279 763 4358 domitio,
786 4285 830 4345 ita
856 4296 890 4344 ut
913 4281 1004 4345 alteri
1026 4282 1122 4343 etiam
1142 4281 1175 4340 in
1211 4285 1306 4344 etiam
1335 4280 1372 4344 ad
1401 4279 1534 4344 haredes
1559 4281 1743 4359 regulariter
1763 4219 1806 4340 es
1838 4272 1982 4340 transito·

407 4355 531 4431 eadem,
549 4356 581 4419 dc
606 4357 691 4420 siiiiili
712 4364 812 4424 cautla
833 4359 967 4424 debitam
991 4358 1176 4424 fidelitatem
1213 4365 1291 4423 rium
1312 4378 1376 4424 tam
1398 4359 1532 4438 respeslu
1550 4360 1665 4423 domini
1685 4378 1778 4434 quam
1802 4355 1931 4433 vassali,
1947 4353 1983 4420 δι

407 4440 614 4514 promittere,
634 4435 666 4502 dc
689 4438 828 4514 praestare
846 4441 976 4504 valeat.
1008 4459 1035 4516 5.
1057 4438 1175 4500 Dividi·
1213 4440 1389 4518 personale,
1410 4444 1442 4501 iii
1463 4461 1525 4516 quo
1542 4439 1642 4503 nullus
1664 4438 1758 4503 baeres
1777 4433 1923 4514 succedit,
1933 4431 1983 4498 sed

407 4519 513 4603 turin
533 4516 794 4595 Ecclesiasticum,
815 4522 891 4596 quod
918 4540 934 4580 a
960 4520 1097 4581 Piaelatis
1119 4517 1176 4580 Ec·
1213 4522 1405 4596 extinguitur
1419 4540 1489 4582 cum
1509 4524 1605 4597 primo
1626 4520 1819 4596 acquirente.

406 4594 575 4660 cleliallicis
591 4597 629 4659 de
648 4597 752 4670 bonis.
772 4621 839 4664 quae
861 4599 929 4661 sunt
948 4596 1110 4676 Ecclesia,
1128 4598 1176 4658 da.
1253 4597 1389 4671 Feudum
1405 4620 1481 4662 vcro
1503 4598 1659 4677 personale
1680 4594 1880 4661 diversimode
1904 4594 1985 4659 divi-

408 4689 461 4737 tur
482 4674 571 4749 alicui
593 4672 662 4765 sive·
675 4678 787 4741 clerico
813 4727 821 4755 ‚
847 4677 911 4740 sive
935 4679 1031 4753 laico,
1049 4677 1175 4741 Wulte·
1212 4679 1308 4752 ditur;
1333 4698 1405 4739 nam
1422 4680 1503 4743 aliud
1524 4681 1637 4743 dicitur
1653 4676 1779 4742 seudum
1798 4676 1836 4742 de
1851 4679 1984 4749 sammai

406 4753 455 4823 ius
471 4753 507 4817 de
515 4752 622 4835 feudis
642 4755 691 4820 lib.
709 4777 737 4818 1.
755 4775 813 4835 cap.
837 4757 865 4817 8.
882 4779 913 4818 n.
931 4773 978 4833 19.
999 4755 1033 4822 δι
1054 4755 1176 4831 laicale,
1212 4755 1246 4822 dc
1267 4755 1309 4818 esl
1334 4756 1428 4835 illud,
1448 4780 1517 4822 cum
1539 4779 1580 4821 ex
1606 4760 1717 4823 aerario
1743 4756 1859 4824 domini
1879 4751 1985 4819 diietli

408 4831 460 4898 seu
480 4831 649 4913 saeculare,
679 4836 756 4911 quod
777 4838 1000 4911 aPrincipibus
1030 4836 1081 4900 seu
1109 4838 1175 4900 aliis
1214 4836 1393 4911 stipendium
1414 4839 1502 4901 alicui
1520 4835 1651 4901 solvitur
1666 4835 1810 4913 quamdiu
1831 4838 1916 4899 vivit
1932 4831 1985 4898 ii'i.

409 4912 541 4979 dominis
560 4911 751 4978 saecularibus
771 4919 867 4978 etiam
887 4914 1004 4978 clericis
1028 4915 1064 4979 de
1090 4916 1176 4980 bonis
1214 4935 1240 4975 i.
1256 4913 1374 4995 scudor.
1396 4917 1443 4981 rii.
1466 4938 1495 4979 1.
1514 4925 1539 4981 5.
1551 4916 1730 4997 sciendum.
1757 4915 1848 4980 Aliud
1869 4915 1988 4978 dicitur

407 4991 690 5069 patrimonialibus,
707 4991 943 5059 &sacularibus
960 4994 1067 5059 datur.
1088 4996 1173 5070 Qua·
1214 4996 1249 5059 de
1266 4999 1405 5075 cavera,
1421 5018 1491 5060 cum
1506 4997 1596 5061 alicui
1613 4997 1686 5061 dum
1706 4999 1790 5061 vivit
1800 4995 1989 5074 prasiantur

407 5090 443 5135 re
464 5072 502 5138 ad
530 5069 762 5153 dignoscendum
782 5095 857 5139 num
884 5067 1008 5140 seudum
1037 5071 1177 5146 ecclesia·
1212 5094 1384 5142 annonae
1409 5077 1563 5156 cellario,
1591 5076 1733 5157 horreo,
1762 5075 1813 5144 vel
1835 5077 1989 5219 pendnario
