<?xml version="1.0" encoding="UTF-8"?>
<!DOCTYPE html PUBLIC "-//W3C//DTD XHTML 1.0 Transitional//EN"
    "http://www.w3.org/TR/xhtml1/DTD/xhtml1-transitional.dtd">
<html xmlns="http://www.w3.org/1999/xhtml" xml:lang="en" lang="en">
 <head>
  <title>
</title>
<meta http-equiv="Content-Type" content="text/html;charset=utf-8" />
  <meta name='ocr-system' content='tesseract 3.04.00' />
  <meta name='ocr-capabilities' content='ocr_page ocr_carea ocr_par ocr_line ocrx_word'/>
</head>
<body>
  <div class='ocr_page' id='page_1' title='image "./institutionesth00boragoog/institutionesth00boragoog_0231.png"; bbox 0 0 4425 6000; ppageno 0'>
   <div class='ocr_carea' id='block_1_1' title="bbox 219 509 1893 4857">
    <p class='ocr_par' dir='ltr' id='par_1_1' title="bbox 614 509 1788 629">
     <span class='ocr_line' id='line_1_1' title="bbox 614 509 1788 629; baseline -0.001 -27"><span class='ocrx_word' id='word_1_1' title='bbox 614 509 1516 610; x_wconf 71' lang='lat' dir='ltr'>Tuael.otCourriacr‚.Car.Vl.</span> <span class='ocrx_word' id='word_1_2' title='bbox 1715 555 1788 629; x_wconf 78' lang='lat'>²¹7</span> 
     </span>
    </p>

    <p class='ocr_par' dir='ltr' id='par_1_2' title="bbox 270 623 1844 1027">
     <span class='ocr_line' id='line_1_2' title="bbox 270 623 1842 710; baseline -0.008 -11"><span class='ocrx_word' id='word_1_3' title='bbox 270 652 324 699; x_wconf 82' lang='lat' dir='ltr'>-tes</span> <span class='ocrx_word' id='word_1_4' title='bbox 344 630 443 710; x_wconf 86' lang='lat' dir='ltr'>liant,</span> <span class='ocrx_word' id='word_1_5' title='bbox 466 644 520 695; x_wconf 87' lang='lat' dir='ltr'>aut</span> <span class='ocrx_word' id='word_1_6' title='bbox 543 648 704 707; x_wconf 78' lang='lat' dir='ltr'>corruant,</span> <span class='ocrx_word' id='word_1_7' title='bbox 725 638 849 693; x_wconf 86' lang='lat' dir='ltr'>vineam</span> <span class='ocrx_word' id='word_1_8' title='bbox 866 628 968 691; x_wconf 88' lang='lat' dir='ltr'>colere</span> <span class='ocrx_word' id='word_1_9' title='bbox 989 646 1040 689; x_wconf 88' lang='lat' dir='ltr'>ne·</span> <span class='ocrx_word' id='word_1_10' title='bbox 1114 627 1152 693; x_wconf 88' lang='lat' dir='ltr'>Et</span> <span class='ocrx_word' id='word_1_11' title='bbox 1174 629 1252 693; x_wconf 83' lang='lat' dir='ltr'>hanc</span> <span class='ocrx_word' id='word_1_12' title='bbox 1272 626 1438 693; x_wconf 75' lang='lat' dir='ltr'>doiirinam</span> <span class='ocrx_word' id='word_1_13' title='bbox 1453 623 1720 697; x_wconf 63' lang='lat' dir='ltr'>confirmantium</span> <span class='ocrx_word' id='word_1_14' title='bbox 1739 629 1842 700; x_wconf 60' lang='lat' dir='ltr'>tutio-</span> 
     </span>
     <span class='ocr_line' id='line_1_3' title="bbox 276 705 1842 797; baseline -0.006 -20"><span class='ocrx_word' id='word_1_15' title='bbox 276 731 398 789; x_wconf 83' lang='lat' dir='ltr'>queat,</span> <span class='ocrx_word' id='word_1_16' title='bbox 417 729 543 797; x_wconf 69' lang='lat' dir='ltr'>cogatur</span> <span class='ocrx_word' id='word_1_17' title='bbox 565 729 666 773; x_wconf 81' lang='lat' dir='ltr'>curere</span> <span class='ocrx_word' id='word_1_18' title='bbox 690 712 789 772; x_wconf 83' lang='lat' dir='ltr'>carius</span> <span class='ocrx_word' id='word_1_19' title='bbox 811 726 962 770; x_wconf 82' lang='lat' dir='ltr'>annonam</span> <span class='ocrx_word' id='word_1_20' title='bbox 987 726 1040 783; x_wconf 90' lang='lat' dir='ltr'>pro</span> <span class='ocrx_word' id='word_1_21' title='bbox 1076 711 1152 772; x_wconf 86' lang='lat' dir='ltr'>titas</span> <span class='ocrx_word' id='word_1_22' title='bbox 1168 707 1206 771; x_wconf 88' lang='lat' dir='ltr'>D.</span> <span class='ocrx_word' id='word_1_23' title='bbox 1236 705 1387 786; x_wconf 84' lang='lat' dir='ltr'>Thomae,</span> <span class='ocrx_word' id='word_1_24' title='bbox 1402 711 1452 784; x_wconf 92' lang='lat' dir='ltr'>qui</span> <span class='ocrx_word' id='word_1_25' title='bbox 1472 707 1575 786; x_wconf 82' lang='lat' dir='ltr'>quaesi.</span> <span class='ocrx_word' id='word_1_26' title='bbox 1597 712 1645 790; x_wconf 77' lang='lat'>63.</span> <span class='ocrx_word' id='word_1_27' title='bbox 1669 725 1725 776; x_wconf 78' lang='lat' dir='ltr'>m.</span> <span class='ocrx_word' id='word_1_28' title='bbox 1747 736 1777 792; x_wconf 46' lang='grc' dir='ltr'><strong>φ</strong></span> <span class='ocrx_word' id='word_1_29' title='bbox 1802 711 1842 776; x_wconf 78' lang='lat' dir='ltr'>de</span> 
     </span>
     <span class='ocr_line' id='line_1_4' title="bbox 273 786 1844 867; baseline -0.004 -11"><span class='ocrx_word' id='word_1_30' title='bbox 273 790 414 867; x_wconf 80' lang='lat' dir='ltr'>familia,</span> <span class='ocrx_word' id='word_1_31' title='bbox 436 813 508 867; x_wconf 82' lang='lat' dir='ltr'>puta</span> <span class='ocrx_word' id='word_1_32' title='bbox 533 810 656 863; x_wconf 84' lang='lat' dir='ltr'>vtnum,</span> <span class='ocrx_word' id='word_1_33' title='bbox 678 807 731 851; x_wconf 88' lang='lat' dir='ltr'>aut</span> <span class='ocrx_word' id='word_1_34' title='bbox 751 787 939 849; x_wconf 88' lang='lat' dir='ltr'>lromentum</span> <span class='ocrx_word' id='word_1_35' title='bbox 962 832 971 862; x_wconf 92' lang='lat'>,</span> <span class='ocrx_word' id='word_1_36' title='bbox 991 791 1040 851; x_wconf 81' lang='lat' dir='ltr'>vi·</span> <span class='ocrx_word' id='word_1_37' title='bbox 1075 806 1113 850; x_wconf 88' lang='lat' dir='ltr'>eo</span> <span class='ocrx_word' id='word_1_38' title='bbox 1131 791 1181 864; x_wconf 89' lang='lat' dir='ltr'>qui</span> <span class='ocrx_word' id='word_1_39' title='bbox 1199 789 1328 866; x_wconf 83' lang='lat' dir='ltr'>aliquem</span> <span class='ocrx_word' id='word_1_40' title='bbox 1353 786 1565 853; x_wconf 84' lang='lat' dir='ltr'>damnificaret</span> <span class='ocrx_word' id='word_1_41' title='bbox 1592 792 1782 867; x_wconf 87' lang='lat' dir='ltr'>impediendo</span> <span class='ocrx_word' id='word_1_42' title='bbox 1797 805 1844 866; x_wconf 79' lang='lat' dir='ltr'>¹tte</span> 
     </span>
     <span class='ocr_line' id='line_1_5' title="bbox 271 866 1844 950; baseline -0.005 -16"><span class='ocrx_word' id='word_1_43' title='bbox 271 873 341 938; x_wconf 89' lang='lat' dir='ltr'>liori</span> <span class='ocrx_word' id='word_1_44' title='bbox 362 873 461 946; x_wconf 85' lang='lat' dir='ltr'>pretio</span> <span class='ocrx_word' id='word_1_45' title='bbox 473 870 572 943; x_wconf 87' lang='lat' dir='ltr'>aliqua</span> <span class='ocrx_word' id='word_1_46' title='bbox 587 869 636 930; x_wconf 89' lang='lat' dir='ltr'>lua</span> <span class='ocrx_word' id='word_1_47' title='bbox 645 870 722 930; x_wconf 93' lang='lat' dir='ltr'>bona</span> <span class='ocrx_word' id='word_1_48' title='bbox 733 868 866 930; x_wconf 87' lang='lat' dir='ltr'>vendere</span> <span class='ocrx_word' id='word_1_49' title='bbox 879 910 889 942; x_wconf 91' lang='lat'>,</span> <span class='ocrx_word' id='word_1_50' title='bbox 904 867 1039 941; x_wconf 84' lang='lat' dir='ltr'>accipere</span> <span class='ocrx_word' id='word_1_51' title='bbox 1075 866 1256 944; x_wconf 81' lang='lat' dir='ltr'>adipiscatur</span> <span class='ocrx_word' id='word_1_52' title='bbox 1277 867 1441 944; x_wconf 87' lang='lat' dir='ltr'>quoderat</span> <span class='ocrx_word' id='word_1_53' title='bbox 1462 871 1493 930; x_wconf 93' lang='lat' dir='ltr'>in</span> <span class='ocrx_word' id='word_1_54' title='bbox 1518 871 1568 931; x_wconf 88' lang='lat' dir='ltr'>via</span> <span class='ocrx_word' id='word_1_55' title='bbox 1589 868 1738 950; x_wconf 77' lang='lat' dir='ltr'>habendi,</span> <span class='ocrx_word' id='word_1_56' title='bbox 1752 889 1844 949; x_wconf 79' lang='lat' dir='ltr'>quem</span> 
     </span>
     <span class='ocr_line' id='line_1_6' title="bbox 273 944 1840 1027; baseline 0 -15"><span class='ocrx_word' id='word_1_57' title='bbox 273 947 328 1017; x_wconf 89' lang='lat' dir='ltr'>sub</span> <span class='ocrx_word' id='word_1_58' title='bbox 344 950 435 1014; x_wconf 84' lang='lat' dir='ltr'>usura</span> <span class='ocrx_word' id='word_1_59' title='bbox 454 953 491 1014; x_wconf 91' lang='lat' dir='ltr'>ad</span> <span class='ocrx_word' id='word_1_60' title='bbox 514 950 629 1023; x_wconf 85' lang='lat' dir='ltr'>propria</span> <span class='ocrx_word' id='word_1_61' title='bbox 645 946 745 1010; x_wconf 79' lang='lat' dir='ltr'>debita</span> <span class='ocrx_word' id='word_1_62' title='bbox 767 946 929 1022; x_wconf 89' lang='lat' dir='ltr'>solvenda,</span> <span class='ocrx_word' id='word_1_63' title='bbox 949 944 1009 1009; x_wconf 84' lang='lat' dir='ltr'>dte.</span> <span class='ocrx_word' id='word_1_64' title='bbox 1074 947 1147 1011; x_wconf 90' lang='lat' dir='ltr'>dicit</span> <span class='ocrx_word' id='word_1_65' title='bbox 1167 950 1266 1011; x_wconf 88' lang='lat' dir='ltr'>teneri</span> <span class='ocrx_word' id='word_1_66' title='bbox 1285 947 1323 1009; x_wconf 87' lang='lat' dir='ltr'>ad</span> <span class='ocrx_word' id='word_1_67' title='bbox 1341 945 1442 1009; x_wconf 89' lang='lat' dir='ltr'>damni</span> <span class='ocrx_word' id='word_1_68' title='bbox 1463 949 1840 1027; x_wconf 82' lang='lat' dir='ltr'>compensationem,non</span> 
     </span>
    </p>

    <p class='ocr_par' dir='ltr' id='par_1_3' title="bbox 269 1021 1845 1904">
     <span class='ocr_line' id='line_1_7' title="bbox 314 1021 1845 1103; baseline 0.001 -10"><span class='ocrx_word' id='word_1_69' title='bbox 314 1031 401 1095; x_wconf 88' lang='lat' dir='ltr'>Nora</span> <span class='ocrx_word' id='word_1_70' title='bbox 421 1047 453 1089; x_wconf 79' lang='lat'>2.</span> <span class='ocrx_word' id='word_1_71' title='bbox 473 1027 537 1091; x_wconf 85' lang='lat' dir='ltr'>haec</span> <span class='ocrx_word' id='word_1_72' title='bbox 562 1032 622 1088; x_wconf 89' lang='lat' dir='ltr'>duo</span> <span class='ocrx_word' id='word_1_73' title='bbox 642 1028 700 1090; x_wconf 83' lang='lat' dir='ltr'>elie</span> <span class='ocrx_word' id='word_1_74' title='bbox 723 1026 833 1089; x_wconf 81' lang='lat' dir='ltr'>titulos</span> <span class='ocrx_word' id='word_1_75' title='bbox 853 1039 962 1087; x_wconf 87' lang='lat' dir='ltr'>mutuo</span> <span class='ocrx_word' id='word_1_76' title='bbox 982 1044 1035 1087; x_wconf 85' lang='lat' dir='ltr'>ex·</span> <span class='ocrx_word' id='word_1_77' title='bbox 1075 1046 1177 1090; x_wconf 86' lang='lat' dir='ltr'>tamen</span> <span class='ocrx_word' id='word_1_78' title='bbox 1198 1048 1237 1090; x_wconf 85' lang='lat' dir='ltr'>cx</span> <span class='ocrx_word' id='word_1_79' title='bbox 1253 1047 1358 1103; x_wconf 89' lang='lat' dir='ltr'>aequo,</span> <span class='ocrx_word' id='word_1_80' title='bbox 1379 1021 1427 1089; x_wconf 89' lang='lat' dir='ltr'>sed</span> <span class='ocrx_word' id='word_1_81' title='bbox 1443 1021 1606 1090; x_wconf 86' lang='lat' dir='ltr'>secondum</span> <span class='ocrx_word' id='word_1_82' title='bbox 1634 1032 1845 1096; x_wconf 83' lang='lat' dir='ltr'>conditionem</span> 
     </span>
     <span class='ocr_line' id='line_1_8' title="bbox 272 1103 1844 1184; baseline -0.003 -9"><span class='ocrx_word' id='word_1_83' title='bbox 272 1106 422 1175; x_wconf 82' lang='lat' dir='ltr'>trinsecos</span> <span class='ocrx_word' id='word_1_84' title='bbox 436 1154 444 1184; x_wconf 92' lang='lat'>,</span> <span class='ocrx_word' id='word_1_85' title='bbox 460 1108 510 1184; x_wconf 91' lang='lat' dir='ltr'>qui</span> <span class='ocrx_word' id='word_1_86' title='bbox 531 1104 831 1181; x_wconf 88' lang='lat' dir='ltr'>comprehenduntur</span> <span class='ocrx_word' id='word_1_87' title='bbox 849 1106 970 1167; x_wconf 87' lang='lat' dir='ltr'>nomine</span> <span class='ocrx_word' id='word_1_88' title='bbox 992 1107 1036 1165; x_wconf 91' lang='lat' dir='ltr'>in·</span> <span class='ocrx_word' id='word_1_89' title='bbox 1073 1105 1281 1181; x_wconf 90' lang='lat' dir='ltr'>personarum,</span> <span class='ocrx_word' id='word_1_90' title='bbox 1300 1105 1536 1183; x_wconf 76' lang='lat' dir='ltr'>&amp;negotiorum</span> <span class='ocrx_word' id='word_1_91' title='bbox 1552 1154 1561 1183; x_wconf 94' lang='lat'>,</span> <span class='ocrx_word' id='word_1_92' title='bbox 1581 1103 1620 1172; x_wconf 86' lang='lat' dir='ltr'>stc</span> <span class='ocrx_word' id='word_1_93' title='bbox 1638 1107 1749 1174; x_wconf 80' lang='lat' dir='ltr'>habet:</span> <span class='ocrx_word' id='word_1_94' title='bbox 1764 1105 1844 1178; x_wconf 72' lang='lat' dir='ltr'>Ali·</span> 
     </span>
     <span class='ocr_line' id='line_1_9' title="bbox 271 1180 1839 1269; baseline -0.002 -15"><span class='ocrx_word' id='word_1_95' title='bbox 271 1188 382 1255; x_wconf 85' lang='lat' dir='ltr'>teresse</span> <span class='ocrx_word' id='word_1_96' title='bbox 405 1235 415 1265; x_wconf 91' lang='lat'>,</span> <span class='ocrx_word' id='word_1_97' title='bbox 439 1205 564 1265; x_wconf 88' lang='lat' dir='ltr'>propter</span> <span class='ocrx_word' id='word_1_98' title='bbox 594 1206 667 1261; x_wconf 87' lang='lat' dir='ltr'>quos</span> <span class='ocrx_word' id='word_1_99' title='bbox 689 1184 760 1247; x_wconf 85' lang='lat' dir='ltr'>licet</span> <span class='ocrx_word' id='word_1_100' title='bbox 779 1206 809 1245; x_wconf 80' lang='lat' dir='ltr'>in</span> <span class='ocrx_word' id='word_1_101' title='bbox 834 1180 1035 1248; x_wconf 78' lang='lat' dir='ltr'>contratribus</span> <span class='ocrx_word' id='word_1_102' title='bbox 1072 1186 1140 1263; x_wconf 86' lang='lat' dir='ltr'>quis</span> <span class='ocrx_word' id='word_1_103' title='bbox 1155 1186 1359 1261; x_wconf 75' lang='lat' dir='ltr'>damnificetur</span> <span class='ocrx_word' id='word_1_104' title='bbox 1379 1183 1550 1264; x_wconf 77' lang='lat' dir='ltr'>dupliciter,</span> <span class='ocrx_word' id='word_1_105' title='bbox 1571 1210 1628 1252; x_wconf 80' lang='lat' dir='ltr'>uno</span> <span class='ocrx_word' id='word_1_106' title='bbox 1649 1189 1748 1266; x_wconf 83' lang='lat' dir='ltr'>modo,</span> <span class='ocrx_word' id='word_1_107' title='bbox 1769 1189 1839 1269; x_wconf 74' lang='lat' dir='ltr'>quia</span> 
     </span>
     <span class='ocr_line' id='line_1_10' title="bbox 272 1260 1840 1346; baseline -0.011 -13"><span class='ocrx_word' id='word_1_108' title='bbox 272 1270 374 1333; x_wconf 88' lang='lat' dir='ltr'>mutui</span> <span class='ocrx_word' id='word_1_109' title='bbox 394 1265 505 1343; x_wconf 88' lang='lat' dir='ltr'>aliquid</span> <span class='ocrx_word' id='word_1_110' title='bbox 527 1265 609 1328; x_wconf 87' lang='lat' dir='ltr'>ultra</span> <span class='ocrx_word' id='word_1_111' title='bbox 627 1262 735 1327; x_wconf 82' lang='lat' dir='ltr'>l&#39;ortem</span> <span class='ocrx_word' id='word_1_112' title='bbox 755 1265 897 1341; x_wconf 79' lang='lat' dir='ltr'>exigere,</span> <span class='ocrx_word' id='word_1_113' title='bbox 916 1260 950 1327; x_wconf 85' lang='lat' dir='ltr'>dt</span> <span class='ocrx_word' id='word_1_114' title='bbox 971 1283 1035 1337; x_wconf 86' lang='lat' dir='ltr'>pet·</span> <span class='ocrx_word' id='word_1_115' title='bbox 1070 1263 1209 1346; x_wconf 76' lang='lat' dir='ltr'>aufertur</span> <span class='ocrx_word' id='word_1_116' title='bbox 1225 1264 1253 1328; x_wconf 86' lang='lat' dir='ltr'>ri</span> <span class='ocrx_word' id='word_1_117' title='bbox 1273 1266 1307 1327; x_wconf 83' lang='lat' dir='ltr'>id</span> <span class='ocrx_word' id='word_1_118' title='bbox 1322 1264 1400 1345; x_wconf 82' lang='lat' dir='ltr'>qued</span> <span class='ocrx_word' id='word_1_119' title='bbox 1415 1269 1483 1329; x_wconf 68' lang='lat' dir='ltr'>adiu</span> <span class='ocrx_word' id='word_1_120' title='bbox 1508 1262 1593 1329; x_wconf 78' lang='lat' dir='ltr'>haber</span> <span class='ocrx_word' id='word_1_121' title='bbox 1616 1315 1624 1344; x_wconf 80' lang='lat'>,</span> <span class='ocrx_word' id='word_1_122' title='bbox 1648 1266 1688 1334; x_wconf 58' lang='grc' dir='ltr'><strong><em>ω</em></strong></span> <span class='ocrx_word' id='word_1_123' title='bbox 1709 1270 1770 1334; x_wconf 59' lang='lat' dir='ltr'>tale</span> <span class='ocrx_word' id='word_1_124' title='bbox 1785 1269 1840 1333; x_wconf 61' lang='lat' dir='ltr'>da.</span> 
     </span>
     <span class='ocr_line' id='line_1_11' title="bbox 272 1338 1840 1432; baseline -0.011 -17"><span class='ocrx_word' id='word_1_125' title='bbox 272 1352 399 1424; x_wconf 78' lang='lat' dir='ltr'>cipere,</span> <span class='ocrx_word' id='word_1_126' title='bbox 417 1363 451 1410; x_wconf 86' lang='lat' dir='ltr'>ut</span> <span class='ocrx_word' id='word_1_127' title='bbox 473 1346 676 1408; x_wconf 89' lang='lat' dir='ltr'>communiter</span> <span class='ocrx_word' id='word_1_128' title='bbox 696 1361 802 1405; x_wconf 86' lang='lat' dir='ltr'>omnes</span> <span class='ocrx_word' id='word_1_129' title='bbox 818 1338 955 1406; x_wconf 90' lang='lat' dir='ltr'>sentiunt</span> <span class='ocrx_word' id='word_1_130' title='bbox 971 1339 1034 1404; x_wconf 86' lang='lat' dir='ltr'>Do·</span> <span class='ocrx_word' id='word_1_131' title='bbox 1070 1366 1173 1408; x_wconf 87' lang='lat' dir='ltr'>mnum</span> <span class='ocrx_word' id='word_1_132' title='bbox 1184 1347 1222 1423; x_wconf 73' lang='lat' dir='ltr'>est</span> <span class='ocrx_word' id='word_1_133' title='bbox 1232 1341 1560 1432; x_wconf 79' lang='lat' dir='ltr'>semperrrstirurrrdum</span> <span class='ocrx_word' id='word_1_134' title='bbox 1576 1344 1755 1424; x_wconf 64' lang='lat' dir='ltr'>‚fecundum</span> <span class='ocrx_word' id='word_1_135' title='bbox 1765 1369 1840 1413; x_wconf 62' lang='lat' dir='ltr'><em>com.</em></span> 
     </span>
     <span class='ocr_line' id='line_1_12' title="bbox 270 1418 1832 1505; baseline -0.013 -12"><span class='ocrx_word' id='word_1_136' title='bbox 270 1426 367 1493; x_wconf 74' lang='lat' dir='ltr'>diores</span> <span class='ocrx_word' id='word_1_137' title='bbox 388 1428 478 1489; x_wconf 83' lang='lat' dir='ltr'>iuxta</span> <span class='ocrx_word' id='word_1_138' title='bbox 501 1423 669 1489; x_wconf 77' lang='lat' dir='ltr'>doiitinam</span> <span class='ocrx_word' id='word_1_139' title='bbox 694 1421 722 1484; x_wconf 89' lang='lat' dir='ltr'>S.</span> <span class='ocrx_word' id='word_1_140' title='bbox 746 1419 898 1498; x_wconf 69' lang='lat' dir='ltr'>Theman,</span> <span class='ocrx_word' id='word_1_141' title='bbox 916 1418 949 1484; x_wconf 73' lang='grc' dir='ltr'><strong>ἃ</strong></span> <span class='ocrx_word' id='word_1_142' title='bbox 979 1420 1034 1483; x_wconf 89' lang='lat' dir='ltr'>hoc</span> <span class='ocrx_word' id='word_1_143' title='bbox 1068 1423 1261 1502; x_wconf 74' lang='lat' dir='ltr'>perrsariourrn</span> <span class='ocrx_word' id='word_1_144' title='bbox 1278 1424 1402 1503; x_wconf 79' lang='lat' dir='ltr'>aequulrr</span> <span class='ocrx_word' id='word_1_145' title='bbox 1503 1424 1561 1486; x_wconf 86' lang='lat' dir='ltr'>alio</span> <span class='ocrx_word' id='word_1_146' title='bbox 1580 1429 1662 1489; x_wconf 64' lang='lat' dir='ltr'>moab</span> <span class='ocrx_word' id='word_1_147' title='bbox 1673 1430 1701 1505; x_wconf 79' lang='lat' dir='ltr'><em>fi</em></span> <span class='ocrx_word' id='word_1_148' title='bbox 1715 1429 1832 1492; x_wconf 58' lang='lat' dir='ltr'>damma</span> 
     </span>
     <span class='ocr_line' id='line_1_13' title="bbox 269 1501 1839 1590; baseline -0.003 -17"><span class='ocrx_word' id='word_1_149' title='bbox 269 1507 369 1586; x_wconf 87' lang='lat' dir='ltr'>quoad</span> <span class='ocrx_word' id='word_1_150' title='bbox 394 1502 589 1579; x_wconf 88' lang='lat' dir='ltr'>secundum,·</span> <span class='ocrx_word' id='word_1_151' title='bbox 618 1523 691 1567; x_wconf 86' lang='lat' dir='ltr'>nam</span> <span class='ocrx_word' id='word_1_152' title='bbox 716 1501 812 1576; x_wconf 86' lang='lat' dir='ltr'>quoad</span> <span class='ocrx_word' id='word_1_153' title='bbox 837 1502 966 1576; x_wconf 91' lang='lat' dir='ltr'>primum</span> <span class='ocrx_word' id='word_1_154' title='bbox 986 1519 1034 1563; x_wconf 86' lang='lat' dir='ltr'>res</span> <span class='ocrx_word' id='word_1_155' title='bbox 1063 1507 1134 1583; x_wconf 81' lang='lat' dir='ltr'>ficet</span> <span class='ocrx_word' id='word_1_156' title='bbox 1153 1503 1281 1582; x_wconf 79' lang='lat' dir='ltr'>aliqum</span> <span class='ocrx_word' id='word_1_157' title='bbox 1303 1502 1482 1590; x_wconf 74' lang='lat' dir='ltr'>impediendo</span> <span class='ocrx_word' id='word_1_158' title='bbox 1502 1523 1540 1565; x_wconf 86' lang='lat' dir='ltr'>ne</span> <span class='ocrx_word' id='word_1_159' title='bbox 1564 1504 1741 1584; x_wconf 65' lang='lat' dir='ltr'>adr&#39;ptlruiur</span> <span class='ocrx_word' id='word_1_160' title='bbox 1762 1506 1839 1586; x_wconf 76' lang='lat' dir='ltr'>quad</span> 
     </span>
     <span class='ocr_line' id='line_1_14' title="bbox 269 1578 1840 1667; baseline -0.006 -16"><span class='ocrx_word' id='word_1_161' title='bbox 269 1590 362 1667; x_wconf 88' lang='lat' dir='ltr'>plane</span> <span class='ocrx_word' id='word_1_162' title='bbox 384 1604 448 1647; x_wconf 92' lang='lat' dir='ltr'>non</span> <span class='ocrx_word' id='word_1_163' title='bbox 465 1585 508 1645; x_wconf 84' lang='lat' dir='ltr'>ira</span> <span class='ocrx_word' id='word_1_164' title='bbox 525 1586 730 1647; x_wconf 87' lang='lat' dir='ltr'>communiter</span> <span class='ocrx_word' id='word_1_165' title='bbox 741 1578 887 1656; x_wconf 88' lang='lat' dir='ltr'>habetur,</span> <span class='ocrx_word' id='word_1_166' title='bbox 904 1600 973 1642; x_wconf 90' lang='lat' dir='ltr'>cum</span> <span class='ocrx_word' id='word_1_167' title='bbox 981 1579 1022 1642; x_wconf 90' lang='lat' dir='ltr'>So</span> <span class='ocrx_word' id='word_1_168' title='bbox 1070 1597 1132 1647; x_wconf 80' lang='lat' dir='ltr'>erat</span> <span class='ocrx_word' id='word_1_169' title='bbox 1150 1584 1182 1648; x_wconf 87' lang='lat' dir='ltr'>iu</span> <span class='ocrx_word' id='word_1_170' title='bbox 1201 1587 1255 1647; x_wconf 86' lang='lat' dir='ltr'>via</span> <span class='ocrx_word' id='word_1_171' title='bbox 1274 1582 1419 1658; x_wconf 75' lang='lat' dir='ltr'>habendi,</span> <span class='ocrx_word' id='word_1_172' title='bbox 1440 1583 1549 1647; x_wconf 64' lang='lat' dir='ltr'>&amp;tale</span> <span class='ocrx_word' id='word_1_173' title='bbox 1572 1586 1716 1648; x_wconf 79' lang='lat' dir='ltr'>damnum</span> <span class='ocrx_word' id='word_1_174' title='bbox 1732 1610 1790 1651; x_wconf 72' lang='lat' dir='ltr'>nott</span> <span class='ocrx_word' id='word_1_175' title='bbox 1809 1610 1840 1650; x_wconf 74' lang='grc' dir='ltr'>ο.</span> 
     </span>
     <span class='ocr_line' id='line_1_15' title="bbox 269 1659 1843 1746; baseline -0.01 -14"><span class='ocrx_word' id='word_1_176' title='bbox 269 1684 320 1732; x_wconf 77' lang='lat' dir='ltr'>tue</span> <span class='ocrx_word' id='word_1_177' title='bbox 341 1712 352 1742; x_wconf 94' lang='lat'>,</span> <span class='ocrx_word' id='word_1_178' title='bbox 379 1662 491 1739; x_wconf 85' lang='lat' dir='ltr'>aliique</span> <span class='ocrx_word' id='word_1_179' title='bbox 517 1663 555 1726; x_wconf 90' lang='lat' dir='ltr'>de</span> <span class='ocrx_word' id='word_1_180' title='bbox 575 1664 659 1726; x_wconf 89' lang='lat' dir='ltr'>lucto</span> <span class='ocrx_word' id='word_1_181' title='bbox 689 1659 822 1745; x_wconf 74' lang='lat' dir='ltr'>cessante</span> <span class='ocrx_word' id='word_1_182' title='bbox 842 1661 1032 1721; x_wconf 83' lang='lat' dir='ltr'>contrarium</span> <span class='ocrx_word' id='word_1_183' title='bbox 1065 1676 1158 1741; x_wconf 77' lang='lat' dir='ltr'>portet</span> <span class='ocrx_word' id='word_1_184' title='bbox 1174 1663 1404 1743; x_wconf 70' lang='lat' dir='ltr'>compensaretur</span> <span class='ocrx_word' id='word_1_185' title='bbox 1424 1683 1521 1737; x_wconf 81' lang='lat' dir='ltr'>aequo,</span> <span class='ocrx_word' id='word_1_186' title='bbox 1542 1663 1611 1738; x_wconf 84' lang='lat' dir='ltr'>quia</span> <span class='ocrx_word' id='word_1_187' title='bbox 1626 1664 1725 1728; x_wconf 67' lang='lat' dir='ltr'>minut</span> <span class='ocrx_word' id='word_1_188' title='bbox 1751 1669 1789 1746; x_wconf 63' lang='lat' dir='ltr'>est</span> <span class='ocrx_word' id='word_1_189' title='bbox 1807 1690 1843 1734; x_wconf 66' lang='lat'>4.</span> 
     </span>
     <span class='ocr_line' id='line_1_16' title="bbox 271 1736 1841 1821; baseline -0.005 -10"><span class='ocrx_word' id='word_1_190' title='bbox 271 1745 429 1810; x_wconf 81' lang='lat' dir='ltr'>sentiant.</span> <span class='ocrx_word' id='word_1_191' title='bbox 451 1742 499 1804; x_wconf 78' lang='lat' dir='ltr'>Ad</span> <span class='ocrx_word' id='word_1_192' title='bbox 524 1741 599 1806; x_wconf 89' lang='lat' dir='ltr'>hanc</span> <span class='ocrx_word' id='word_1_193' title='bbox 620 1743 715 1819; x_wconf 80' lang='lat' dir='ltr'>igitur</span> <span class='ocrx_word' id='word_1_194' title='bbox 731 1736 950 1802; x_wconf 79' lang='lat' dir='ltr'>difficultatem</span> <span class='ocrx_word' id='word_1_195' title='bbox 966 1737 1029 1802; x_wconf 84' lang='lat' dir='ltr'>elo·</span> <span class='ocrx_word' id='word_1_196' title='bbox 1069 1742 1167 1821; x_wconf 83' lang='lat' dir='ltr'>liquid</span> <span class='ocrx_word' id='word_1_197' title='bbox 1183 1742 1285 1806; x_wconf 80' lang='lat' dir='ltr'>hahere</span> <span class='ocrx_word' id='word_1_198' title='bbox 1313 1742 1345 1805; x_wconf 86' lang='lat' dir='ltr'>in</span> <span class='ocrx_word' id='word_1_199' title='bbox 1360 1740 1498 1818; x_wconf 80' lang='lat' dir='ltr'>virtute,</span> <span class='ocrx_word' id='word_1_200' title='bbox 1516 1762 1603 1817; x_wconf 85' lang='lat' dir='ltr'>quam</span> <span class='ocrx_word' id='word_1_201' title='bbox 1629 1742 1732 1809; x_wconf 78' lang='lat' dir='ltr'>hebere</span> <span class='ocrx_word' id='word_1_202' title='bbox 1748 1752 1841 1812; x_wconf 64' lang='lat' dir='ltr'>atla.</span> 
     </span>
     <span class='ocr_line' id='line_1_17' title="bbox 271 1818 1841 1904; baseline -0.008 -6"><span class='ocrx_word' id='word_1_203' title='bbox 271 1822 431 1891; x_wconf 71' lang='lat' dir='ltr'>citandam</span> <span class='ocrx_word' id='word_1_204' title='bbox 446 1818 502 1882; x_wconf 82' lang='lat' dir='ltr'>sn·</span> <span class='ocrx_word' id='word_1_205' title='bbox 1067 1823 1129 1904; x_wconf 75' lang='lat' dir='ltr'>Qu·</span> <span class='ocrx_word' id='word_1_206' title='bbox 1144 1835 1245 1886; x_wconf 70' lang='lat' dir='ltr'>aurem</span> <span class='ocrx_word' id='word_1_207' title='bbox 1259 1823 1297 1903; x_wconf 73' lang='lat' dir='ltr'>er</span> <span class='ocrx_word' id='word_1_208' title='bbox 1313 1822 1345 1884; x_wconf 74' lang='lat' dir='ltr'>n</span> <span class='ocrx_word' id='word_1_209' title='bbox 1362 1822 1419 1885; x_wconf 76' lang='lat' dir='ltr'>vu</span> <span class='ocrx_word' id='word_1_210' title='bbox 1434 1820 1611 1899; x_wconf 65' lang='lat' dir='ltr'>adquam</span> <span class='ocrx_word' id='word_1_211' title='bbox 1634 1823 1769 1903; x_wconf 63' lang='lat' dir='ltr'>ruitura,</span> <span class='ocrx_word' id='word_1_212' title='bbox 1786 1827 1841 1890; x_wconf 74' lang='lat' dir='ltr'>ra-</span> 
     </span>
    </p>

    <p class='ocr_par' dir='ltr' id='par_1_4' title="bbox 219 1893 1893 4857">
     <span class='ocr_line' id='line_1_18' title="bbox 312 1893 1842 1985; baseline -0.01 -17"><span class='ocrx_word' id='word_1_213' title='bbox 312 1904 469 1968; x_wconf 81' lang='lat' dir='ltr'>Mutuans</span> <span class='ocrx_word' id='word_1_214' title='bbox 498 1903 618 1964; x_wconf 88' lang='lat' dir='ltr'>ratione</span> <span class='ocrx_word' id='word_1_215' title='bbox 654 1900 728 1962; x_wconf 90' lang='lat' dir='ltr'>lucri</span> <span class='ocrx_word' id='word_1_216' title='bbox 751 1894 912 1971; x_wconf 81' lang='lat' dir='ltr'>cessantis,</span> <span class='ocrx_word' id='word_1_217' title='bbox 937 1913 971 1959; x_wconf 86' lang='lat' dir='ltr'>ut</span> <span class='ocrx_word' id='word_1_218' title='bbox 991 1893 1031 1958; x_wconf 85' lang='lat' dir='ltr'>se·</span> <span class='ocrx_word' id='word_1_219' title='bbox 1067 1902 1208 1968; x_wconf 73' lang='lat' dir='ltr'>berillud</span> <span class='ocrx_word' id='word_1_220' title='bbox 1222 1899 1321 1980; x_wconf 80' lang='lat' dir='ltr'>solum</span> <span class='ocrx_word' id='word_1_221' title='bbox 1333 1899 1498 1981; x_wconf 82' lang='lat' dir='ltr'>secundum</span> <span class='ocrx_word' id='word_1_222' title='bbox 1520 1902 1667 1967; x_wconf 82' lang='lat' dir='ltr'>oirrurrm</span> <span class='ocrx_word' id='word_1_223' title='bbox 1688 1952 1697 1980; x_wconf 92' lang='lat'>,</span> <span class='ocrx_word' id='word_1_224' title='bbox 1720 1907 1773 1969; x_wconf 81' lang='lat' dir='ltr'>orl</span> <span class='ocrx_word' id='word_1_225' title='bbox 1789 1925 1842 1985; x_wconf 64' lang='lat' dir='ltr'>pt.</span> 
     </span>
     <span class='ocr_line' id='line_1_19' title="bbox 276 1975 1842 2063; baseline -0.017 -13"><span class='ocrx_word' id='word_1_226' title='bbox 276 2005 308 2050; x_wconf 89' lang='lat' dir='ltr'>re</span> <span class='ocrx_word' id='word_1_227' title='bbox 330 1984 556 2056; x_wconf 88' lang='lat' dir='ltr'>communiter,</span> <span class='ocrx_word' id='word_1_228' title='bbox 572 1979 605 2044; x_wconf 91' lang='lat'>&amp;</span> <span class='ocrx_word' id='word_1_229' title='bbox 623 1977 807 2056; x_wconf 81' lang='lat' dir='ltr'>probabilius</span> <span class='ocrx_word' id='word_1_230' title='bbox 839 1992 945 2038; x_wconf 87' lang='lat' dir='ltr'>tenent</span> <span class='ocrx_word' id='word_1_231' title='bbox 971 1975 1031 2038; x_wconf 92' lang='lat' dir='ltr'>Do·</span> <span class='ocrx_word' id='word_1_232' title='bbox 1067 1984 1215 2063; x_wconf 64' lang='lat' dir='ltr'>restarem,</span> <span class='ocrx_word' id='word_1_233' title='bbox 1236 1980 1276 2048; x_wconf 64' lang='grc' dir='ltr'>(γ</span> <span class='ocrx_word' id='word_1_234' title='bbox 1297 1981 1362 2045; x_wconf 71' lang='lat' dir='ltr'>t&#39;dto</span> <span class='ocrx_word' id='word_1_235' title='bbox 1373 1983 1401 2059; x_wconf 75' lang='lat' dir='ltr'><em>fi</em></span> <span class='ocrx_word' id='word_1_236' title='bbox 1419 1978 1590 2044; x_wconf 59' lang='lat' dir='ltr'>redderetur</span> <span class='ocrx_word' id='word_1_237' title='bbox 1616 1983 1644 2045; x_wconf 57' lang='grc' dir='ltr'>η·</span> <span class='ocrx_word' id='word_1_238' title='bbox 1668 1996 1701 2047; x_wconf 64' lang='lat'>„3</span> <span class='ocrx_word' id='word_1_239' title='bbox 1726 1983 1842 2050; x_wconf 51' lang='lat' dir='ltr'>mm,</span> 
     </span>
     <span class='ocr_line' id='line_1_20' title="bbox 271 2056 1843 2142; baseline -0.003 -12"><span class='ocrx_word' id='word_1_240' title='bbox 271 2063 391 2135; x_wconf 68' lang='lat' dir='ltr'>liores,</span> <span class='ocrx_word' id='word_1_241' title='bbox 412 2060 495 2123; x_wconf 88' lang='lat' dir='ltr'>licite</span> <span class='ocrx_word' id='word_1_242' title='bbox 507 2062 613 2136; x_wconf 86' lang='lat' dir='ltr'>pacisci</span> <span class='ocrx_word' id='word_1_243' title='bbox 633 2056 728 2137; x_wconf 85' lang='lat' dir='ltr'>potell</span> <span class='ocrx_word' id='word_1_244' title='bbox 745 2078 814 2120; x_wconf 90' lang='lat' dir='ltr'>cum</span> <span class='ocrx_word' id='word_1_245' title='bbox 831 2057 1033 2133; x_wconf 86' lang='lat' dir='ltr'>mutuatario,</span> <span class='ocrx_word' id='word_1_246' title='bbox 1067 2063 1117 2126; x_wconf 76' lang='lat' dir='ltr'>hot</span> <span class='ocrx_word' id='word_1_247' title='bbox 1133 2063 1163 2125; x_wconf 77' lang='lat' dir='ltr'>in</span> <span class='ocrx_word' id='word_1_248' title='bbox 1179 2065 1265 2137; x_wconf 69' lang='lat' dir='ltr'>acia,</span> <span class='ocrx_word' id='word_1_249' title='bbox 1284 2060 1517 2142; x_wconf 76' lang='lat' dir='ltr'>restituereturei</span> <span class='ocrx_word' id='word_1_250' title='bbox 1525 2108 1534 2137; x_wconf 92' lang='lat'>,</span> <span class='ocrx_word' id='word_1_251' title='bbox 1555 2060 1588 2123; x_wconf 82' lang='lat' dir='ltr'>id</span> <span class='ocrx_word' id='word_1_252' title='bbox 1610 2062 1687 2140; x_wconf 85' lang='lat' dir='ltr'>quod</span> <span class='ocrx_word' id='word_1_253' title='bbox 1701 2064 1737 2125; x_wconf 77' lang='lat' dir='ltr'>eli</span> <span class='ocrx_word' id='word_1_254' title='bbox 1763 2062 1843 2128; x_wconf 76' lang='lat' dir='ltr'>alla·</span> 
     </span>
     <span class='ocr_line' id='line_1_21' title="bbox 269 2130 1871 2220; baseline -0.011 -11"><span class='ocrx_word' id='word_1_255' title='bbox 269 2161 306 2209; x_wconf 87' lang='lat' dir='ltr'>ut</span> <span class='ocrx_word' id='word_1_256' title='bbox 327 2155 478 2206; x_wconf 87' lang='lat' dir='ltr'>teneatur</span> <span class='ocrx_word' id='word_1_257' title='bbox 494 2140 606 2216; x_wconf 90' lang='lat' dir='ltr'>aliquid</span> <span class='ocrx_word' id='word_1_258' title='bbox 626 2140 655 2202; x_wconf 90' lang='lat' dir='ltr'>ei</span> <span class='ocrx_word' id='word_1_259' title='bbox 677 2134 763 2214; x_wconf 89' lang='lat' dir='ltr'>sopra</span> <span class='ocrx_word' id='word_1_260' title='bbox 781 2130 892 2197; x_wconf 87' lang='lat' dir='ltr'>sortem</span> <span class='ocrx_word' id='word_1_261' title='bbox 910 2132 1030 2210; x_wconf 85' lang='lat' dir='ltr'>praella-</span> <span class='ocrx_word' id='word_1_262' title='bbox 1068 2155 1150 2219; x_wconf 74' lang='lat' dir='ltr'>rum,</span> <span class='ocrx_word' id='word_1_263' title='bbox 1168 2163 1225 2204; x_wconf 72' lang='lat' dir='ltr'>nort</span> <span class='ocrx_word' id='word_1_264' title='bbox 1235 2140 1433 2220; x_wconf 73' lang='lat' dir='ltr'>fimplr&#39;ct&#39;rtr,</span> <span class='ocrx_word' id='word_1_265' title='bbox 1444 2137 1500 2219; x_wconf 74' lang='lat' dir='ltr'>sed</span> <span class='ocrx_word' id='word_1_266' title='bbox 1513 2144 1606 2203; x_wconf 74' lang='lat' dir='ltr'>mtto·</span> <span class='ocrx_word' id='word_1_267' title='bbox 1624 2145 1762 2206; x_wconf 68' lang='lat' dir='ltr'>ltcarum,</span> <span class='ocrx_word' id='word_1_268' title='bbox 1782 2149 1845 2217; x_wconf 57' lang='grc' dir='ltr'>ῃ.</span> <span class='ocrx_word' id='word_1_269' title='bbox 1867 2173 1871 2178; x_wconf 95' lang='grc'>-</span> 
     </span>
     <span class='ocr_line' id='line_1_22' title="bbox 266 2162 1843 2303; baseline -0.004 -13"><span class='ocrx_word' id='word_1_270' title='bbox 266 2243 326 2299; x_wconf 80' lang='lat' dir='ltr'>re,</span> <span class='ocrx_word' id='word_1_271' title='bbox 345 2222 415 2298; x_wconf 82' lang='lat' dir='ltr'>quia</span> <span class='ocrx_word' id='word_1_272' title='bbox 444 2218 562 2283; x_wconf 87' lang='lat' dir='ltr'>luctum</span> <span class='ocrx_word' id='word_1_273' title='bbox 592 2217 707 2283; x_wconf 81' lang='lat' dir='ltr'>celians</span> <span class='ocrx_word' id='word_1_274' title='bbox 728 2216 770 2279; x_wconf 80' lang='lat' dir='ltr'>est</span> <span class='ocrx_word' id='word_1_275' title='bbox 800 2212 892 2276; x_wconf 84' lang='lat' dir='ltr'>iulius</span> <span class='ocrx_word' id='word_1_276' title='bbox 922 2212 1032 2278; x_wconf 84' lang='lat' dir='ltr'>titulus</span> <span class='ocrx_word' id='word_1_277' title='bbox 1068 2234 1153 2285; x_wconf 80' lang='lat' dir='ltr'>netur</span> <span class='ocrx_word' id='word_1_278' title='bbox 1170 2234 1269 2286; x_wconf 79' lang='lat' dir='ltr'>rumen</span> <span class='ocrx_word' id='word_1_279' title='bbox 1287 2219 1420 2297; x_wconf 81' lang='lat' dir='ltr'>aliquam</span> <span class='ocrx_word' id='word_1_280' title='bbox 1446 2162 1730 2299; x_wconf 49' lang='lat' dir='ltr'>recompensantem</span> <span class='ocrx_word' id='word_1_281' title='bbox 1739 2220 1843 2303; x_wconf 79' lang='lat' dir='ltr'>facere</span> 
     </span>
     <span class='ocr_line' id='line_1_23' title="bbox 268 2292 1843 2383; baseline -0.018 -15"><span class='ocrx_word' id='word_1_282' title='bbox 268 2300 458 2368; x_wconf 81' lang='lat' dir='ltr'>extrinsecus</span> <span class='ocrx_word' id='word_1_283' title='bbox 481 2318 609 2373; x_wconf 89' lang='lat' dir='ltr'>mutuo,</span> <span class='ocrx_word' id='word_1_284' title='bbox 625 2318 660 2361; x_wconf 92' lang='lat' dir='ltr'>ut</span> <span class='ocrx_word' id='word_1_285' title='bbox 687 2299 718 2358; x_wconf 90' lang='lat' dir='ltr'>in</span> <span class='ocrx_word' id='word_1_286' title='bbox 753 2292 1032 2368; x_wconf 84' lang='lat' dir='ltr'>compensationem</span> <span class='ocrx_word' id='word_1_287' title='bbox 1060 2298 1226 2381; x_wconf 62' lang='lat' dir='ltr'>secundum</span> <span class='ocrx_word' id='word_1_288' title='bbox 1246 2298 1436 2364; x_wconf 58' lang='lat' dir='ltr'>conditionem</span> <span class='ocrx_word' id='word_1_289' title='bbox 1453 2299 1666 2378; x_wconf 52' lang='lat' dir='ltr'>personarum,</span> <span class='ocrx_word' id='word_1_290' title='bbox 1688 2300 1729 2367; x_wconf 60' lang='lat'>&lt;9-</span> <span class='ocrx_word' id='word_1_291' title='bbox 1754 2323 1843 2383; x_wconf 61' lang='lat' dir='ltr'>mg„</span> 
     </span>
     <span class='ocr_line' id='line_1_24' title="bbox 269 2372 1844 2464; baseline -0.016 -19"><span class='ocrx_word' id='word_1_292' title='bbox 269 2378 395 2446; x_wconf 75' lang='lat' dir='ltr'>iadinrae</span> <span class='ocrx_word' id='word_1_293' title='bbox 421 2378 496 2444; x_wconf 89' lang='lat' dir='ltr'>lueri</span> <span class='ocrx_word' id='word_1_294' title='bbox 521 2377 714 2454; x_wconf 82' lang='lat' dir='ltr'>probabiliter</span> <span class='ocrx_word' id='word_1_295' title='bbox 738 2375 848 2450; x_wconf 85' lang='lat' dir='ltr'>sperati</span> <span class='ocrx_word' id='word_1_296' title='bbox 877 2393 967 2464; x_wconf 83' lang='lat' dir='ltr'>quam</span> <span class='ocrx_word' id='word_1_297' title='bbox 993 2372 1032 2437; x_wconf 90' lang='lat' dir='ltr'>ob</span> <span class='ocrx_word' id='word_1_298' title='bbox 1067 2381 1195 2444; x_wconf 67' lang='lat' dir='ltr'>tiorum,</span> <span class='ocrx_word' id='word_1_299' title='bbox 1217 2376 1263 2441; x_wconf 79' lang='grc' dir='ltr'>Εῃ</span> <span class='ocrx_word' id='word_1_300' title='bbox 1280 2399 1352 2458; x_wconf 63' lang='lat' dir='ltr'>ergo</span> <span class='ocrx_word' id='word_1_301' title='bbox 1371 2400 1408 2442; x_wconf 68' lang='lat' dir='ltr'>ex</span> <span class='ocrx_word' id='word_1_302' title='bbox 1429 2372 1459 2440; x_wconf 73' lang='lat' dir='ltr'>S,</span> <span class='ocrx_word' id='word_1_303' title='bbox 1481 2378 1612 2444; x_wconf 60' lang='lat' dir='ltr'>{3030oe</span> <span class='ocrx_word' id='word_1_304' title='bbox 1641 2381 1722 2456; x_wconf 61' lang='lat' dir='ltr'>quod</span> <span class='ocrx_word' id='word_1_305' title='bbox 1748 2384 1844 2458; x_wconf 53' lang='lat' dir='ltr'>emm.</span> 
     </span>
     <span class='ocr_line' id='line_1_25' title="bbox 264 2451 1837 2539; baseline 0.001 -15"><span class='ocrx_word' id='word_1_306' title='bbox 264 2478 411 2525; x_wconf 90' lang='lat' dir='ltr'>mutuum</span> <span class='ocrx_word' id='word_1_307' title='bbox 430 2457 721 2538; x_wconf 85' lang='lat' dir='ltr'>praeslitumpatitur</span> <span class='ocrx_word' id='word_1_308' title='bbox 735 2451 1029 2529; x_wconf 86' lang='lat' dir='ltr'>mutuator,aquuid</span> <span class='ocrx_word' id='word_1_309' title='bbox 1066 2461 1150 2524; x_wconf 72' lang='lat' dir='ltr'>ditus</span> <span class='ocrx_word' id='word_1_310' title='bbox 1172 2480 1211 2523; x_wconf 88' lang='lat' dir='ltr'>ne</span> <span class='ocrx_word' id='word_1_311' title='bbox 1232 2463 1368 2533; x_wconf 86' lang='lat' dir='ltr'>acquirat</span> <span class='ocrx_word' id='word_1_312' title='bbox 1384 2460 1463 2535; x_wconf 90' lang='lat' dir='ltr'>quod</span> <span class='ocrx_word' id='word_1_313' title='bbox 1479 2475 1545 2521; x_wconf 90' lang='lat' dir='ltr'>crat</span> <span class='ocrx_word' id='word_1_314' title='bbox 1570 2460 1598 2519; x_wconf 90' lang='lat' dir='ltr'>in</span> <span class='ocrx_word' id='word_1_315' title='bbox 1621 2464 1671 2523; x_wconf 86' lang='lat' dir='ltr'>via</span> <span class='ocrx_word' id='word_1_316' title='bbox 1690 2459 1837 2539; x_wconf 79' lang='lat' dir='ltr'>habendi,</span> 
     </span>
     <span class='ocr_line' id='line_1_26' title="bbox 264 2534 1840 2618; baseline -0.01 1"><span class='ocrx_word' id='word_1_317' title='bbox 264 2541 353 2618; x_wconf 66' lang='lat' dir='ltr'>sul&gt;ra</span> <span class='ocrx_word' id='word_1_318' title='bbox 374 2536 488 2604; x_wconf 89' lang='lat' dir='ltr'>sortem</span> <span class='ocrx_word' id='word_1_319' title='bbox 510 2538 592 2602; x_wconf 65' lang='lat' dir='ltr'>licite</span> <span class='ocrx_word' id='word_1_320' title='bbox 621 2542 652 2599; x_wconf 65' lang='lat'>51¹</span> <span class='ocrx_word' id='word_1_321' title='bbox 681 2552 789 2599; x_wconf 90' lang='lat' dir='ltr'>mutuo</span> <span class='ocrx_word' id='word_1_322' title='bbox 814 2534 974 2610; x_wconf 83' lang='lat' dir='ltr'>exigatur,</span> <span class='ocrx_word' id='word_1_323' title='bbox 993 2550 1030 2594; x_wconf 69' lang='lat'>¹¹0</span> <span class='ocrx_word' id='word_1_324' title='bbox 1065 2539 1100 2606; x_wconf 73' lang='grc' dir='ltr'>ἂ</span> <span class='ocrx_word' id='word_1_325' title='bbox 1121 2539 1196 2603; x_wconf 89' lang='lat' dir='ltr'>illud</span> <span class='ocrx_word' id='word_1_326' title='bbox 1218 2538 1309 2602; x_wconf 83' lang='lat' dir='ltr'>habet</span> <span class='ocrx_word' id='word_1_327' title='bbox 1330 2537 1483 2602; x_wconf 74' lang='lat' dir='ltr'>duntaxat</span> <span class='ocrx_word' id='word_1_328' title='bbox 1502 2537 1662 2602; x_wconf 80' lang='lat' dir='ltr'>secundum</span> <span class='ocrx_word' id='word_1_329' title='bbox 1680 2542 1840 2617; x_wconf 84' lang='lat' dir='ltr'>virtutem,</span> 
     </span>
     <span class='ocr_line' id='line_1_27' title="bbox 265 2613 1844 2703; baseline -0.012 -18"><span class='ocrx_word' id='word_1_330' title='bbox 265 2637 411 2686; x_wconf 79' lang='lat' dir='ltr'>mutuans</span> <span class='ocrx_word' id='word_1_331' title='bbox 431 2641 471 2684; x_wconf 89' lang='lat' dir='ltr'>ex</span> <span class='ocrx_word' id='word_1_332' title='bbox 491 2615 639 2682; x_wconf 85' lang='lat' dir='ltr'>beneficio</span> <span class='ocrx_word' id='word_1_333' title='bbox 652 2616 740 2680; x_wconf 89' lang='lat' dir='ltr'>alteri</span> <span class='ocrx_word' id='word_1_334' title='bbox 751 2613 868 2678; x_wconf 89' lang='lat' dir='ltr'>collato</span> <span class='ocrx_word' id='word_1_335' title='bbox 887 2613 1030 2703; x_wconf 83' lang='lat' dir='ltr'>damnum</span> <span class='ocrx_word' id='word_1_336' title='bbox 1065 2620 1099 2685; x_wconf 64' lang='grc' dir='ltr'>ἃ</span> <span class='ocrx_word' id='word_1_337' title='bbox 1121 2617 1322 2695; x_wconf 65' lang='lat' dir='ltr'>potestatem,</span> <span class='ocrx_word' id='word_1_338' title='bbox 1346 2617 1447 2695; x_wconf 68' lang='lat' dir='ltr'>aliquo</span> <span class='ocrx_word' id='word_1_339' title='bbox 1471 2616 1561 2681; x_wconf 76' lang='lat' dir='ltr'>modo</span> <span class='ocrx_word' id='word_1_340' title='bbox 1583 2614 1747 2683; x_wconf 62' lang='lat' dir='ltr'>secundum</span> <span class='ocrx_word' id='word_1_341' title='bbox 1769 2640 1844 2685; x_wconf 62' lang='lat' dir='ltr'>con.</span> 
     </span>
     <span class='ocr_line' id='line_1_28' title="bbox 266 2689 1841 2779; baseline -0.008 -14"><span class='ocrx_word' id='word_1_342' title='bbox 266 2701 434 2779; x_wconf 80' lang='lat' dir='ltr'>percipiat.</span> <span class='ocrx_word' id='word_1_343' title='bbox 457 2700 582 2762; x_wconf 79' lang='lat' dir='ltr'>Etenim</span> <span class='ocrx_word' id='word_1_344' title='bbox 602 2719 723 2775; x_wconf 84' lang='lat' dir='ltr'>aequum</span> <span class='ocrx_word' id='word_1_345' title='bbox 743 2714 804 2757; x_wconf 93' lang='lat' dir='ltr'>non</span> <span class='ocrx_word' id='word_1_346' title='bbox 823 2689 889 2768; x_wconf 80' lang='lat' dir='ltr'>eli,</span> <span class='ocrx_word' id='word_1_347' title='bbox 908 2707 943 2754; x_wconf 92' lang='lat' dir='ltr'>ut</span> <span class='ocrx_word' id='word_1_348' title='bbox 964 2710 1030 2765; x_wconf 81' lang='lat' dir='ltr'>quis</span> <span class='ocrx_word' id='word_1_349' title='bbox 1064 2698 1214 2762; x_wconf 80' lang='lat' dir='ltr'>ditionem</span> <span class='ocrx_word' id='word_1_350' title='bbox 1238 2693 1458 2774; x_wconf 88' lang='lat' dir='ltr'>personarum,</span> <span class='ocrx_word' id='word_1_351' title='bbox 1486 2696 1520 2762; x_wconf 80' lang='lat' dir='ltr'>dt</span> <span class='ocrx_word' id='word_1_352' title='bbox 1542 2701 1736 2775; x_wconf 82' lang='lat' dir='ltr'>negotiorum</span> <span class='ocrx_word' id='word_1_353' title='bbox 1756 2720 1841 2763; x_wconf 81' lang='lat' dir='ltr'>tom-</span> 
     </span>
     <span class='ocr_line' id='line_1_29' title="bbox 264 2772 1843 2860; baseline -0.011 1"><span class='ocrx_word' id='word_1_354' title='bbox 264 2778 453 2860; x_wconf 61' lang='lat' dir='ltr'>dispendium</span> <span class='ocrx_word' id='word_1_355' title='bbox 465 2777 625 2857; x_wconf 85' lang='lat' dir='ltr'>patiatur,</span> <span class='ocrx_word' id='word_1_356' title='bbox 647 2773 858 2840; x_wconf 89' lang='lat' dir='ltr'>undevidetur</span> <span class='ocrx_word' id='word_1_357' title='bbox 872 2772 1030 2860; x_wconf 58' lang='lat' dir='ltr'>sirmium</span> <span class='ocrx_word' id='word_1_358' title='bbox 1068 2775 1236 2853; x_wconf 85' lang='lat' dir='ltr'>pensandus</span> <span class='ocrx_word' id='word_1_359' title='bbox 1252 2773 1312 2839; x_wconf 80' lang='lat' dir='ltr'>esi.</span> <span class='ocrx_word' id='word_1_360' title='bbox 1330 2776 1408 2839; x_wconf 90' lang='lat' dir='ltr'>Cum</span> <span class='ocrx_word' id='word_1_361' title='bbox 1425 2794 1501 2840; x_wconf 89' lang='lat' dir='ltr'>vero</span> <span class='ocrx_word' id='word_1_362' title='bbox 1522 2779 1682 2854; x_wconf 86' lang='lat' dir='ltr'>pecuniam</span> <span class='ocrx_word' id='word_1_363' title='bbox 1700 2774 1843 2843; x_wconf 82' lang='lat' dir='ltr'>suamne·</span> 
     </span>
     <span class='ocr_line' id='line_1_30' title="bbox 266 2851 1840 2935; baseline -0.005 -11"><span class='ocrx_word' id='word_1_364' title='bbox 266 2857 431 2935; x_wconf 85' lang='lat' dir='ltr'>meruill&#39;e;</span> <span class='ocrx_word' id='word_1_365' title='bbox 452 2863 495 2922; x_wconf 85' lang='lat' dir='ltr'>ita</span> <span class='ocrx_word' id='word_1_366' title='bbox 515 2855 675 2920; x_wconf 80' lang='lat' dir='ltr'>deducitur</span> <span class='ocrx_word' id='word_1_367' title='bbox 696 2876 733 2919; x_wconf 86' lang='lat' dir='ltr'>rx</span> <span class='ocrx_word' id='word_1_368' title='bbox 758 2870 819 2932; x_wconf 82' lang='lat' dir='ltr'>rap.</span> <span class='ocrx_word' id='word_1_369' title='bbox 833 2858 976 2931; x_wconf 75' lang='lat' dir='ltr'>pervenre</span> <span class='ocrx_word' id='word_1_370' title='bbox 999 2867 1028 2911; x_wconf 83' lang='lat'>2.</span> <span class='ocrx_word' id='word_1_371' title='bbox 1065 2857 1228 2935; x_wconf 77' lang='lat' dir='ltr'>gotiatiotti</span> <span class='ocrx_word' id='word_1_372' title='bbox 1267 2874 1448 2931; x_wconf 77' lang='lat' dir='ltr'>exponens,</span> <span class='ocrx_word' id='word_1_373' title='bbox 1478 2851 1562 2918; x_wconf 80' lang='lat' dir='ltr'>sitin</span> <span class='ocrx_word' id='word_1_374' title='bbox 1584 2858 1704 2920; x_wconf 85' lang='lat' dir='ltr'>virtute</span> <span class='ocrx_word' id='word_1_375' title='bbox 1733 2856 1767 2923; x_wconf 77' lang='lat' dir='ltr'>dt</span> <span class='ocrx_word' id='word_1_376' title='bbox 1789 2878 1840 2935; x_wconf 80' lang='lat' dir='ltr'>po·</span> 
     </span>
     <span class='ocr_line' id='line_1_31' title="bbox 271 2928 1842 3021; baseline -0.022 1"><span class='ocrx_word' id='word_1_377' title='bbox 271 2939 308 3005; x_wconf 66' lang='lat' dir='ltr'>‘s‘</span> <span class='ocrx_word' id='word_1_378' title='bbox 328 2936 454 3021; x_wconf 64' lang='lat' dir='ltr'>fitetur.</span> <span class='ocrx_word' id='word_1_379' title='bbox 492 2939 573 3003; x_wconf 63' lang='lat' dir='ltr'>Nam</span> <span class='ocrx_word' id='word_1_380' title='bbox 605 2956 697 3000; x_wconf 60' lang='lat'><strong>”2⁰³0</strong></span> <span class='ocrx_word' id='word_1_381' title='bbox 726 2949 852 2998; x_wconf 89' lang='lat' dir='ltr'>tenetur</span> <span class='ocrx_word' id='word_1_382' title='bbox 881 2928 1027 2992; x_wconf 63' lang='lat' dir='ltr'>damnum</span> <span class='ocrx_word' id='word_1_383' title='bbox 1067 2935 1177 3002; x_wconf 86' lang='lat' dir='ltr'>tellate</span> <span class='ocrx_word' id='word_1_384' title='bbox 1207 2933 1319 3011; x_wconf 88' lang='lat' dir='ltr'>aliquid</span> <span class='ocrx_word' id='word_1_385' title='bbox 1350 2934 1507 3012; x_wconf 88' lang='lat' dir='ltr'>habendi,</span> <span class='ocrx_word' id='word_1_386' title='bbox 1531 2929 1770 3001; x_wconf 77' lang='lat' dir='ltr'>manisellisfime</span> <span class='ocrx_word' id='word_1_387' title='bbox 1795 2935 1842 3001; x_wconf 89' lang='lat' dir='ltr'>se.</span> 
     </span>
     <span class='ocr_line' id='line_1_32' title="bbox 262 3009 1842 3102; baseline -0.014 -3"><span class='ocrx_word' id='word_1_388' title='bbox 262 3025 351 3099; x_wconf 82' lang='lat' dir='ltr'>pari,</span> <span class='ocrx_word' id='word_1_389' title='bbox 369 3022 504 3083; x_wconf 76' lang='lat' dir='ltr'>utatrert</span> <span class='ocrx_word' id='word_1_390' title='bbox 526 3016 706 3081; x_wconf 82' lang='lat' dir='ltr'>beneficium</span> <span class='ocrx_word' id='word_1_391' title='bbox 722 3009 883 3086; x_wconf 77' lang='lat' dir='ltr'>conferat,</span> <span class='ocrx_word' id='word_1_392' title='bbox 902 3013 1029 3102; x_wconf 79' lang='lat' dir='ltr'>uticon·</span> <span class='ocrx_word' id='word_1_393' title='bbox 1064 3020 1170 3094; x_wconf 83' lang='lat' dir='ltr'>quitur</span> <span class='ocrx_word' id='word_1_394' title='bbox 1190 3037 1230 3080; x_wconf 88' lang='lat' dir='ltr'>ex</span> <span class='ocrx_word' id='word_1_395' title='bbox 1247 3013 1341 3078; x_wconf 79' lang='lat' dir='ltr'>allata</span> <span class='ocrx_word' id='word_1_396' title='bbox 1361 3012 1496 3077; x_wconf 62' lang='lat' dir='ltr'>dotrina</span> <span class='ocrx_word' id='word_1_397' title='bbox 1512 3015 1541 3076; x_wconf 84' lang='lat' dir='ltr'>s.</span> <span class='ocrx_word' id='word_1_398' title='bbox 1560 3015 1666 3095; x_wconf 76' lang='lat' dir='ltr'>Anger.</span> <span class='ocrx_word' id='word_1_399' title='bbox 1692 3016 1842 3096; x_wconf 62' lang='lat' dir='ltr'>Drerortt,</span> 
     </span>
     <span class='ocr_line' id='line_1_33' title="bbox 266 3089 1840 3178; baseline -0.011 -15"><span class='ocrx_word' id='word_1_400' title='bbox 266 3104 430 3178; x_wconf 83' lang='lat' dir='ltr'>tingeret,</span> <span class='ocrx_word' id='word_1_401' title='bbox 447 3097 624 3164; x_wconf 84' lang='lat' dir='ltr'>stmutuans</span> <span class='ocrx_word' id='word_1_402' title='bbox 634 3096 827 3160; x_wconf 72' lang='lat' dir='ltr'>obiaduram</span> <span class='ocrx_word' id='word_1_403' title='bbox 837 3093 911 3155; x_wconf 83' lang='lat' dir='ltr'>lucu</span> <span class='ocrx_word' id='word_1_404' title='bbox 923 3089 1030 3164; x_wconf 86' lang='lat' dir='ltr'>proba·</span> <span class='ocrx_word' id='word_1_405' title='bbox 1064 3094 1146 3173; x_wconf 85' lang='lat' dir='ltr'>quod</span> <span class='ocrx_word' id='word_1_406' title='bbox 1167 3092 1187 3158; x_wconf 86' lang='lat' dir='ltr'>ir</span> <span class='ocrx_word' id='word_1_407' title='bbox 1216 3095 1327 3170; x_wconf 75' lang='lat' dir='ltr'>aliquit</span> <span class='ocrx_word' id='word_1_408' title='bbox 1348 3115 1420 3158; x_wconf 90' lang='lat' dir='ltr'>eum</span> <span class='ocrx_word' id='word_1_409' title='bbox 1444 3097 1587 3169; x_wconf 84' lang='lat' dir='ltr'>impediat</span> <span class='ocrx_word' id='word_1_410' title='bbox 1603 3141 1611 3168; x_wconf 87' lang='lat'>,</span> <span class='ocrx_word' id='word_1_411' title='bbox 1628 3113 1666 3157; x_wconf 92' lang='lat' dir='ltr'>ne</span> <span class='ocrx_word' id='word_1_412' title='bbox 1688 3096 1761 3160; x_wconf 79' lang='lat' dir='ltr'>illud</span> <span class='ocrx_word' id='word_1_413' title='bbox 1788 3116 1840 3161; x_wconf 62' lang='lat' dir='ltr'>at.</span> 
     </span>
     <span class='ocr_line' id='line_1_34' title="bbox 263 3170 1840 3261; baseline -0.006 -15"><span class='ocrx_word' id='word_1_414' title='bbox 263 3174 507 3257; x_wconf 85' lang='lat' dir='ltr'>bilitetsperati,</span> <span class='ocrx_word' id='word_1_415' title='bbox 527 3199 618 3255; x_wconf 90' lang='lat' dir='ltr'>quam</span> <span class='ocrx_word' id='word_1_416' title='bbox 634 3176 804 3261; x_wconf 84' lang='lat' dir='ltr'>mutuando</span> <span class='ocrx_word' id='word_1_417' title='bbox 821 3170 1029 3244; x_wconf 85' lang='lat' dir='ltr'>subiit,com·</span> <span class='ocrx_word' id='word_1_418' title='bbox 1063 3179 1191 3252; x_wconf 78' lang='lat' dir='ltr'>quirat,</span> <span class='ocrx_word' id='word_1_419' title='bbox 1213 3175 1262 3238; x_wconf 87' lang='lat' dir='ltr'>hic</span> <span class='ocrx_word' id='word_1_420' title='bbox 1294 3174 1382 3249; x_wconf 85' lang='lat' dir='ltr'>plane</span> <span class='ocrx_word' id='word_1_421' title='bbox 1404 3190 1529 3238; x_wconf 87' lang='lat' dir='ltr'>tenetur</span> <span class='ocrx_word' id='word_1_422' title='bbox 1558 3170 1840 3250; x_wconf 86' lang='lat' dir='ltr'>compensationem</span> 
     </span>
     <span class='ocr_line' id='line_1_35' title="bbox 264 3249 1842 3337; baseline -0.015 -16"><span class='ocrx_word' id='word_1_423' title='bbox 264 3258 474 3337; x_wconf 85' lang='lat' dir='ltr'>pensationem</span> <span class='ocrx_word' id='word_1_424' title='bbox 497 3262 617 3336; x_wconf 78' lang='lat' dir='ltr'>exigere</span> <span class='ocrx_word' id='word_1_425' title='bbox 635 3278 695 3322; x_wconf 87' lang='lat' dir='ltr'>oon</span> <span class='ocrx_word' id='word_1_426' title='bbox 708 3256 806 3333; x_wconf 89' lang='lat' dir='ltr'>pollet</span> <span class='ocrx_word' id='word_1_427' title='bbox 821 3301 831 3331; x_wconf 86' lang='lat'>‚</span> <span class='ocrx_word' id='word_1_428' title='bbox 848 3271 887 3317; x_wconf 89' lang='lat' dir='ltr'>eo</span> <span class='ocrx_word' id='word_1_429' title='bbox 905 3249 954 3312; x_wconf 84' lang='lat' dir='ltr'>vel</span> <span class='ocrx_word' id='word_1_430' title='bbox 965 3269 1029 3313; x_wconf 91' lang='lat' dir='ltr'>ma·</span> <span class='ocrx_word' id='word_1_431' title='bbox 1064 3256 1200 3333; x_wconf 79' lang='lat' dir='ltr'>aliquam</span> <span class='ocrx_word' id='word_1_432' title='bbox 1219 3250 1317 3317; x_wconf 81' lang='lat' dir='ltr'>eidem</span> <span class='ocrx_word' id='word_1_433' title='bbox 1338 3249 1438 3319; x_wconf 62' lang='lat' dir='ltr'>facete</span> <span class='ocrx_word' id='word_1_434' title='bbox 1459 3252 1842 3330; x_wconf 60' lang='lat' dir='ltr'>proportionaqujoefm.</span> 
     </span>
     <span class='ocr_line' id='line_1_36' title="bbox 262 3330 1840 3472; baseline -0.015 -70"><span class='ocrx_word' id='word_1_435' title='bbox 262 3343 347 3402; x_wconf 80' lang='lat' dir='ltr'>trime</span> <span class='ocrx_word' id='word_1_436' title='bbox 367 3341 436 3413; x_wconf 89' lang='lat' dir='ltr'>quia</span> <span class='ocrx_word' id='word_1_437' title='bbox 458 3339 520 3402; x_wconf 84' lang='lat' dir='ltr'>haec</span> <span class='ocrx_word' id='word_1_438' title='bbox 546 3337 706 3413; x_wconf 80' lang='lat' dir='ltr'>probabilis</span> <span class='ocrx_word' id='word_1_439' title='bbox 726 3333 790 3412; x_wconf 83' lang='lat' dir='ltr'>spes</span> <span class='ocrx_word' id='word_1_440' title='bbox 810 3334 906 3406; x_wconf 91' lang='lat' dir='ltr'>lucri,</span> <span class='ocrx_word' id='word_1_441' title='bbox 920 3348 978 3406; x_wconf 88' lang='lat' dir='ltr'>qua</span> <span class='ocrx_word' id='word_1_442' title='bbox 998 3333 1029 3392; x_wconf 93' lang='lat' dir='ltr'>in</span> <span class='ocrx_word' id='word_1_443' title='bbox 1063 3337 1173 3401; x_wconf 80' lang='lat' dir='ltr'>ditioni</span> <span class='ocrx_word' id='word_1_444' title='bbox 1195 3332 1275 3412; x_wconf 75' lang='lat' dir='ltr'>spei,</span> <span class='ocrx_word' id='word_1_445' title='bbox 1294 3330 1548 3472; x_wconf 43' lang='grc' dir='ltr'>ἀῃςὲοῑῑοωιῃ,</span> <span class='ocrx_word' id='word_1_446' title='bbox 1571 3334 1650 3399; x_wconf 73' lang='lat' dir='ltr'>cum</span> <span class='ocrx_word' id='word_1_447' title='bbox 1671 3335 1840 3414; x_wconf 54' lang='lat' dir='ltr'>5553„me</span> 
     </span>
     <span class='ocr_line' id='line_1_37' title="bbox 264 3408 1811 3497; baseline -0.001 -18"><span class='ocrx_word' id='word_1_448' title='bbox 264 3420 392 3497; x_wconf 77' lang='lat' dir='ltr'>gratiam</span> <span class='ocrx_word' id='word_1_449' title='bbox 413 3419 542 3483; x_wconf 79' lang='lat' dir='ltr'>alterius</span> <span class='ocrx_word' id='word_1_450' title='bbox 565 3419 594 3482; x_wconf 85' lang='lat' dir='ltr'>l&#39;e</span> <span class='ocrx_word' id='word_1_451' title='bbox 623 3417 762 3496; x_wconf 79' lang='lat' dir='ltr'>expoliat</span> <span class='ocrx_word' id='word_1_452' title='bbox 789 3430 934 3478; x_wconf 82' lang='lat' dir='ltr'>mutuans</span> <span class='ocrx_word' id='word_1_453' title='bbox 954 3408 1027 3487; x_wconf 87' lang='lat' dir='ltr'>,est</span> <span class='ocrx_word' id='word_1_454' title='bbox 1064 3417 1220 3480; x_wconf 79' lang='lat' dir='ltr'>tortarius</span> <span class='ocrx_word' id='word_1_455' title='bbox 1240 3433 1348 3491; x_wconf 79' lang='lat' dir='ltr'>rogans</span> <span class='ocrx_word' id='word_1_456' title='bbox 1385 3410 1424 3475; x_wconf 83' lang='lat' dir='ltr'>rbi</span> <span class='ocrx_word' id='word_1_457' title='bbox 1450 3413 1513 3476; x_wconf 86' lang='lat' dir='ltr'>dari</span> <span class='ocrx_word' id='word_1_458' title='bbox 1535 3414 1621 3478; x_wconf 88' lang='lat' dir='ltr'>illam</span> <span class='ocrx_word' id='word_1_459' title='bbox 1650 3418 1811 3490; x_wconf 83' lang='lat' dir='ltr'>pecuniam</span> 
     </span>
     <span class='ocr_line' id='line_1_38' title="bbox 264 3463 1841 3575; baseline -0.003 -15"><span class='ocrx_word' id='word_1_460' title='bbox 264 3500 365 3575; x_wconf 90' lang='lat' dir='ltr'>pretio</span> <span class='ocrx_word' id='word_1_461' title='bbox 385 3494 590 3574; x_wconf 80' lang='lat' dir='ltr'>aestimabilis,</span> <span class='ocrx_word' id='word_1_462' title='bbox 612 3498 732 3563; x_wconf 80' lang='lat' dir='ltr'>acideo</span> <span class='ocrx_word' id='word_1_463' title='bbox 753 3488 973 3560; x_wconf 77' lang='lat' dir='ltr'>iurconferens</span> <span class='ocrx_word' id='word_1_464' title='bbox 992 3489 1027 3552; x_wconf 92' lang='lat' dir='ltr'>ad</span> <span class='ocrx_word' id='word_1_465' title='bbox 1063 3517 1123 3572; x_wconf 79' lang='lat' dir='ltr'>qua</span> <span class='ocrx_word' id='word_1_466' title='bbox 1150 3511 1311 3559; x_wconf 80' lang='lat' dir='ltr'>mutuator</span> <span class='ocrx_word' id='word_1_467' title='bbox 1333 3495 1416 3555; x_wconf 89' lang='lat' dir='ltr'>viam</span> <span class='ocrx_word' id='word_1_468' title='bbox 1437 3490 1487 3554; x_wconf 81' lang='lat' dir='ltr'>fibi</span> <span class='ocrx_word' id='word_1_469' title='bbox 1515 3507 1636 3569; x_wconf 88' lang='lat' dir='ltr'>pararet</span> <span class='ocrx_word' id='word_1_470' title='bbox 1664 3495 1701 3558; x_wconf 88' lang='lat' dir='ltr'>ad</span> <span class='ocrx_word' id='word_1_471' title='bbox 1723 3463 1841 3572; x_wconf 79' lang='lat' dir='ltr'>aliquid</span> 
     </span>
     <span class='ocr_line' id='line_1_39' title="bbox 261 3568 1842 3656; baseline -0.008 -4"><span class='ocrx_word' id='word_1_472' title='bbox 261 3576 480 3656; x_wconf 65' lang='lat' dir='ltr'>exigendam,</span> <span class='ocrx_word' id='word_1_473' title='bbox 514 3577 548 3643; x_wconf 70' lang='grc' dir='ltr'><strong>ἃ</strong></span> <span class='ocrx_word' id='word_1_474' title='bbox 586 3576 788 3653; x_wconf 76' lang='lat' dir='ltr'>recipiendam</span> <span class='ocrx_word' id='word_1_475' title='bbox 827 3573 947 3637; x_wconf 89' lang='lat' dir='ltr'>huiusce</span> <span class='ocrx_word' id='word_1_476' title='bbox 978 3568 1026 3632; x_wconf 79' lang='lat' dir='ltr'>da·</span> <span class='ocrx_word' id='word_1_477' title='bbox 1065 3574 1303 3652; x_wconf 87' lang='lat' dir='ltr'>acquirendum,</span> <span class='ocrx_word' id='word_1_478' title='bbox 1324 3570 1450 3649; x_wconf 91' lang='lat' dir='ltr'>impedit</span> <span class='ocrx_word' id='word_1_479' title='bbox 1468 3591 1507 3634; x_wconf 91' lang='lat' dir='ltr'>ne</span> <span class='ocrx_word' id='word_1_480' title='bbox 1533 3591 1678 3636; x_wconf 80' lang='lat' dir='ltr'>mutuans</span> <span class='ocrx_word' id='word_1_481' title='bbox 1697 3573 1773 3639; x_wconf 92' lang='lat' dir='ltr'>illud</span> <span class='ocrx_word' id='word_1_482' title='bbox 1791 3595 1842 3640; x_wconf 88' lang='lat' dir='ltr'>ae·</span> 
     </span>
     <span class='ocr_line' id='line_1_40' title="bbox 263 3648 1842 3733; baseline -0.014 -9"><span class='ocrx_word' id='word_1_483' title='bbox 263 3663 327 3724; x_wconf 89' lang='lat' dir='ltr'>mni</span> <span class='ocrx_word' id='word_1_484' title='bbox 347 3655 649 3733; x_wconf 82' lang='lat' dir='ltr'>compensationem.</span> <span class='ocrx_word' id='word_1_485' title='bbox 680 3654 718 3718; x_wconf 86' lang='lat' dir='ltr'>Et</span> <span class='ocrx_word' id='word_1_486' title='bbox 738 3652 875 3729; x_wconf 88' lang='lat' dir='ltr'>equidem</span> <span class='ocrx_word' id='word_1_487' title='bbox 902 3648 1028 3714; x_wconf 81' lang='lat' dir='ltr'>cessatio</span> <span class='ocrx_word' id='word_1_488' title='bbox 1063 3659 1179 3730; x_wconf 89' lang='lat' dir='ltr'>quirat.</span> <span class='ocrx_word' id='word_1_489' title='bbox 1203 3648 1324 3719; x_wconf 83' lang='lat' dir='ltr'>Hincli</span> <span class='ocrx_word' id='word_1_490' title='bbox 1346 3650 1383 3714; x_wconf 92' lang='lat' dir='ltr'>de</span> <span class='ocrx_word' id='word_1_491' title='bbox 1409 3651 1465 3715; x_wconf 89' lang='lat' dir='ltr'>hoe</span> <span class='ocrx_word' id='word_1_492' title='bbox 1485 3655 1695 3716; x_wconf 77' lang='lat' dir='ltr'>mutuatarius</span> <span class='ocrx_word' id='word_1_493' title='bbox 1715 3673 1842 3718; x_wconf 56' lang='lat' dir='ltr'>monet.</span> 
     </span>
     <span class='ocr_line' id='line_1_41' title="bbox 263 3728 1838 3812; baseline -0.02 -5"><span class='ocrx_word' id='word_1_494' title='bbox 263 3741 342 3807; x_wconf 90' lang='lat' dir='ltr'>lucri</span> <span class='ocrx_word' id='word_1_495' title='bbox 365 3739 395 3799; x_wconf 94' lang='lat' dir='ltr'>in</span> <span class='ocrx_word' id='word_1_496' title='bbox 418 3737 558 3812; x_wconf 88' lang='lat' dir='ltr'>prudenti</span> <span class='ocrx_word' id='word_1_497' title='bbox 586 3733 790 3800; x_wconf 65' lang='lat' dir='ltr'>aestimatione</span> <span class='ocrx_word' id='word_1_498' title='bbox 813 3728 857 3795; x_wconf 85' lang='lat' dir='ltr'>est</span> <span class='ocrx_word' id='word_1_499' title='bbox 885 3730 1028 3792; x_wconf 87' lang='lat' dir='ltr'>damnum</span> <span class='ocrx_word' id='word_1_500' title='bbox 1064 3730 1182 3809; x_wconf 85' lang='lat' dir='ltr'>tur,&amp;</span> <span class='ocrx_word' id='word_1_501' title='bbox 1202 3732 1289 3796; x_wconf 77' lang='lat' dir='ltr'>stmul</span> <span class='ocrx_word' id='word_1_502' title='bbox 1309 3751 1379 3794; x_wconf 79' lang='lat' dir='ltr'>cum</span> <span class='ocrx_word' id='word_1_503' title='bbox 1411 3747 1576 3794; x_wconf 65' lang='lat' dir='ltr'>mutuante</span> <span class='ocrx_word' id='word_1_504' title='bbox 1607 3733 1778 3795; x_wconf 56' lang='lat' dir='ltr'>conveni„</span> <span class='ocrx_word' id='word_1_505' title='bbox 1800 3733 1838 3795; x_wconf 68' lang='lat' dir='ltr'>de</span> 
     </span>
     <span class='ocr_line' id='line_1_42' title="bbox 260 3805 1840 3899; baseline -0.016 -1"><span class='ocrx_word' id='word_1_506' title='bbox 260 3819 415 3899; x_wconf 67' lang='lat' dir='ltr'>luodd³¹¹³</span> <span class='ocrx_word' id='word_1_507' title='bbox 437 3820 537 3894; x_wconf 88' lang='lat' dir='ltr'>pretio</span> <span class='ocrx_word' id='word_1_508' title='bbox 556 3811 799 3889; x_wconf 60' lang='lat' dir='ltr'>comiesssflblssr</span> <span class='ocrx_word' id='word_1_509' title='bbox 819 3826 962 3893; x_wconf 54' lang='lat' dir='ltr'>tumuli</span> <span class='ocrx_word' id='word_1_510' title='bbox 995 3808 1029 3870; x_wconf 72' lang='lat' dir='ltr'>ll·</span> <span class='ocrx_word' id='word_1_511' title='bbox 1064 3812 1164 3888; x_wconf 81' lang='lat' dir='ltr'>aliqua</span> <span class='ocrx_word' id='word_1_512' title='bbox 1181 3809 1256 3876; x_wconf 85' lang='lat' dir='ltr'>iusta</span> <span class='ocrx_word' id='word_1_513' title='bbox 1276 3807 1526 3887; x_wconf 82' lang='lat' dir='ltr'>compensatione</span> <span class='ocrx_word' id='word_1_514' title='bbox 1547 3825 1681 3887; x_wconf 86' lang='lat' dir='ltr'>prorata</span> <span class='ocrx_word' id='word_1_515' title='bbox 1705 3805 1840 3888; x_wconf 70' lang='lat' dir='ltr'>speleu.</span> 
     </span>
     <span class='ocr_line' id='line_1_43' title="bbox 260 3881 1842 3981; baseline -0.01 -12"><span class='ocrx_word' id='word_1_516' title='bbox 260 3902 325 3969; x_wconf 85' lang='lat' dir='ltr'>iarn</span> <span class='ocrx_word' id='word_1_517' title='bbox 343 3896 417 3973; x_wconf 76' lang='lat' dir='ltr'>fiat.</span> <span class='ocrx_word' id='word_1_518' title='bbox 439 3914 475 3961; x_wconf 92' lang='lat' dir='ltr'>ut</span> <span class='ocrx_word' id='word_1_519' title='bbox 496 3897 560 3972; x_wconf 66' lang='lat' dir='ltr'>&lt;luis</span> <span class='ocrx_word' id='word_1_520' title='bbox 581 3898 680 3957; x_wconf 66' lang='lat' dir='ltr'>mium</span> <span class='ocrx_word' id='word_1_521' title='bbox 706 3887 815 3955; x_wconf 68' lang='lat' dir='ltr'>habeat</span> <span class='ocrx_word' id='word_1_522' title='bbox 836 3881 1026 3981; x_wconf 65' lang='lat' dir='ltr'>quani-labr-</span> <span class='ocrx_word' id='word_1_523' title='bbox 1064 3891 1243 3970; x_wconf 73' lang='lat' dir='ltr'>eroganda,</span> <span class='ocrx_word' id='word_1_524' title='bbox 1276 3890 1304 3952; x_wconf 92' lang='lat' dir='ltr'>hi</span> <span class='ocrx_word' id='word_1_525' title='bbox 1326 3891 1416 3967; x_wconf 89' lang='lat' dir='ltr'>plane</span> <span class='ocrx_word' id='word_1_526' title='bbox 1445 3887 1474 3953; x_wconf 89' lang='lat' dir='ltr'>se</span> <span class='ocrx_word' id='word_1_527' title='bbox 1502 3906 1609 3966; x_wconf 80' lang='lat' dir='ltr'>gerent</span> <span class='ocrx_word' id='word_1_528' title='bbox 1631 3890 1753 3965; x_wconf 84' lang='lat' dir='ltr'>penitus</span> <span class='ocrx_word' id='word_1_529' title='bbox 1768 3908 1842 3956; x_wconf 89' lang='lat' dir='ltr'>ton·</span> 
     </span>
     <span class='ocr_line' id='line_1_44' title="bbox 259 3967 1843 4053; baseline -0.015 3"><span class='ocrx_word' id='word_1_530' title='bbox 259 4000 352 4048; x_wconf 61' lang='lat' dir='ltr'>turm</span> <span class='ocrx_word' id='word_1_531' title='bbox 372 3978 469 4042; x_wconf 58' lang='lat' dir='ltr'>ellel·</span> <span class='ocrx_word' id='word_1_532' title='bbox 490 3975 572 4040; x_wconf 64' lang='lat' dir='ltr'>Hinc</span> <span class='ocrx_word' id='word_1_533' title='bbox 592 3970 691 4053; x_wconf 58' lang='lat' dir='ltr'>CM·</span> <span class='ocrx_word' id='word_1_534' title='bbox 713 3974 749 4035; x_wconf 68' lang='lat' dir='ltr'>de</span> <span class='ocrx_word' id='word_1_535' title='bbox 770 3970 868 4049; x_wconf 66' lang='lat' dir='ltr'>“sum</span> <span class='ocrx_word' id='word_1_536' title='bbox 897 3967 1029 4045; x_wconf 75' lang='lat' dir='ltr'>dicitur,</span> <span class='ocrx_word' id='word_1_537' title='bbox 1065 3969 1205 4034; x_wconf 83' lang='lat' dir='ltr'>formiter</span> <span class='ocrx_word' id='word_1_538' title='bbox 1221 3969 1364 4034; x_wconf 69' lang='lat' dir='ltr'>dostrinae</span> <span class='ocrx_word' id='word_1_539' title='bbox 1379 3969 1494 4047; x_wconf 80' lang='lat' dir='ltr'>Angel.</span> <span class='ocrx_word' id='word_1_540' title='bbox 1513 3967 1651 4033; x_wconf 71' lang='lat' dir='ltr'>Doiloris</span> <span class='ocrx_word' id='word_1_541' title='bbox 1672 3967 1721 4034; x_wconf 89' lang='lat' dir='ltr'>bic</span> <span class='ocrx_word' id='word_1_542' title='bbox 1743 3970 1843 4036; x_wconf 87' lang='lat' dir='ltr'>addu-</span> 
     </span>
     <span class='ocr_line' id='line_1_45' title="bbox 260 4044 1874 4129; baseline -0.01 0"><span class='ocrx_word' id='word_1_543' title='bbox 260 4066 384 4129; x_wconf 85' lang='lat' dir='ltr'>ratione</span> <span class='ocrx_word' id='word_1_544' title='bbox 401 4058 479 4123; x_wconf 91' lang='lat' dir='ltr'>lucri</span> <span class='ocrx_word' id='word_1_545' title='bbox 504 4056 645 4124; x_wconf 78' lang='lat' dir='ltr'>cessantis</span> <span class='ocrx_word' id='word_1_546' title='bbox 667 4053 863 4120; x_wconf 83' lang='lat' dir='ltr'>venditorem</span> <span class='ocrx_word' id='word_1_547' title='bbox 895 4048 1029 4113; x_wconf 82' lang='lat' dir='ltr'>vendere</span> <span class='ocrx_word' id='word_1_548' title='bbox 1062 4049 1135 4115; x_wconf 75' lang='lat' dir='ltr'>ile.</span> <span class='ocrx_word' id='word_1_549' title='bbox 1158 4044 1294 4113; x_wconf 81' lang='lat' dir='ltr'>Tametsi</span> <span class='ocrx_word' id='word_1_550' title='bbox 1317 4068 1393 4114; x_wconf 90' lang='lat' dir='ltr'>vero</span> <span class='ocrx_word' id='word_1_551' title='bbox 1412 4047 1490 4113; x_wconf 91' lang='lat' dir='ltr'>nibil</span> <span class='ocrx_word' id='word_1_552' title='bbox 1510 4049 1642 4124; x_wconf 81' lang='lat' dir='ltr'>clarius,</span> <span class='ocrx_word' id='word_1_553' title='bbox 1659 4068 1694 4112; x_wconf 90' lang='lat' dir='ltr'>ac</span> <span class='ocrx_word' id='word_1_554' title='bbox 1712 4047 1840 4126; x_wconf 79' lang='lat' dir='ltr'>press&#39;rut</span> <span class='ocrx_word' id='word_1_555' title='bbox 1868 4050 1874 4064; x_wconf 80' lang='grc'><em>“</em></span> 
     </span>
     <span class='ocr_line' id='line_1_46' title="bbox 259 4126 1840 4223; baseline -0.008 -16"><span class='ocrx_word' id='word_1_556' title='bbox 259 4142 345 4223; x_wconf 78' lang='lat' dir='ltr'>posse</span> <span class='ocrx_word' id='word_1_557' title='bbox 361 4159 479 4204; x_wconf 84' lang='lat' dir='ltr'>merces</span> <span class='ocrx_word' id='word_1_558' title='bbox 496 4138 578 4203; x_wconf 88' lang='lat' dir='ltr'>ultra</span> <span class='ocrx_word' id='word_1_559' title='bbox 598 4155 724 4202; x_wconf 83' lang='lat' dir='ltr'>currens</span> <span class='ocrx_word' id='word_1_560' title='bbox 745 4137 899 4209; x_wconf 84' lang='lat' dir='ltr'>pretinm,</span> <span class='ocrx_word' id='word_1_561' title='bbox 929 4129 949 4193; x_wconf 85' lang='lat' dir='ltr'>sr</span> <span class='ocrx_word' id='word_1_562' title='bbox 972 4150 1029 4192; x_wconf 89' lang='lat' dir='ltr'>vo·</span> <span class='ocrx_word' id='word_1_563' title='bbox 1063 4133 1218 4206; x_wconf 89' lang='lat' dir='ltr'>peroptari</span> <span class='ocrx_word' id='word_1_564' title='bbox 1237 4145 1348 4206; x_wconf 87' lang='lat' dir='ltr'>queat,</span> <span class='ocrx_word' id='word_1_565' title='bbox 1371 4129 1538 4205; x_wconf 84' lang='lat' dir='ltr'>pmmalori</span> <span class='ocrx_word' id='word_1_566' title='bbox 1548 4126 1760 4193; x_wconf 87' lang='lat' dir='ltr'>elucidatione</span> <span class='ocrx_word' id='word_1_567' title='bbox 1772 4148 1840 4194; x_wconf 91' lang='lat' dir='ltr'>tum</span> 
     </span>
     <span class='ocr_line' id='line_1_47' title="bbox 260 4203 1838 4289; baseline -0.014 -1"><span class='ocrx_word' id='word_1_568' title='bbox 260 4224 370 4289; x_wconf 88' lang='lat' dir='ltr'>loislet</span> <span class='ocrx_word' id='word_1_569' title='bbox 386 4218 454 4283; x_wconf 78' lang='lat' dir='ltr'>illae</span> <span class='ocrx_word' id='word_1_570' title='bbox 476 4217 598 4284; x_wconf 87' lang='lat' dir='ltr'>servare</span> <span class='ocrx_word' id='word_1_571' title='bbox 625 4221 657 4279; x_wconf 91' lang='lat' dir='ltr'>in</span> <span class='ocrx_word' id='word_1_572' title='bbox 681 4206 764 4281; x_wconf 85' lang='lat' dir='ltr'>aliud</span> <span class='ocrx_word' id='word_1_573' title='bbox 794 4231 938 4288; x_wconf 82' lang='lat' dir='ltr'>tempus,</span> <span class='ocrx_word' id='word_1_574' title='bbox 968 4229 1029 4286; x_wconf 90' lang='lat' dir='ltr'>quo</span> <span class='ocrx_word' id='word_1_575' title='bbox 1061 4211 1128 4286; x_wconf 80' lang='lat' dir='ltr'>rei,</span> <span class='ocrx_word' id='word_1_576' title='bbox 1149 4226 1215 4273; x_wconf 90' lang='lat' dir='ltr'>tum</span> <span class='ocrx_word' id='word_1_577' title='bbox 1231 4206 1419 4280; x_wconf 62' lang='lat' dir='ltr'>dedititia&amp;</span> <span class='ocrx_word' id='word_1_578' title='bbox 1444 4203 1575 4273; x_wconf 80' lang='lat' dir='ltr'>Tbomae</span> <span class='ocrx_word' id='word_1_579' title='bbox 1604 4205 1642 4271; x_wconf 82' lang='lat' dir='ltr'>stt</span> <span class='ocrx_word' id='word_1_580' title='bbox 1668 4227 1738 4273; x_wconf 88' lang='lat' dir='ltr'>curn</span> <span class='ocrx_word' id='word_1_581' title='bbox 1759 4208 1838 4273; x_wconf 79' lang='lat' dir='ltr'>soto</span> 
     </span>
     <span class='ocr_line' id='line_1_48' title="bbox 263 4284 1839 4377; baseline -0.012 -8"><span class='ocrx_word' id='word_1_582' title='bbox 263 4299 488 4369; x_wconf 83' lang='lat' dir='ltr'>verofimiliret</span> <span class='ocrx_word' id='word_1_583' title='bbox 509 4300 602 4377; x_wconf 76' lang='lat' dir='ltr'>pluris</span> <span class='ocrx_word' id='word_1_584' title='bbox 623 4297 769 4364; x_wconf 83' lang='lat' dir='ltr'>valiturae</span> <span class='ocrx_word' id='word_1_585' title='bbox 790 4291 908 4356; x_wconf 79' lang='lat' dir='ltr'>essent.</span> <span class='ocrx_word' id='word_1_586' title='bbox 932 4290 1029 4369; x_wconf 82' lang='lat' dir='ltr'>lgitur</span> <span class='ocrx_word' id='word_1_587' title='bbox 1063 4309 1127 4352; x_wconf 92' lang='lat' dir='ltr'>uno</span> <span class='ocrx_word' id='word_1_588' title='bbox 1154 4307 1193 4351; x_wconf 83' lang='lat' dir='ltr'>err</span> <span class='ocrx_word' id='word_1_589' title='bbox 1224 4292 1360 4365; x_wconf 85' lang='lat' dir='ltr'>patronis</span> <span class='ocrx_word' id='word_1_590' title='bbox 1381 4289 1546 4354; x_wconf 81' lang='lat' dir='ltr'>contrariae</span> <span class='ocrx_word' id='word_1_591' title='bbox 1574 4284 1740 4353; x_wconf 81' lang='lat' dir='ltr'>sententiae</span> <span class='ocrx_word' id='word_1_592' title='bbox 1772 4285 1839 4357; x_wconf 83' lang='lat' dir='ltr'>brec</span> 
     </span>
     <span class='ocr_line' id='line_1_49' title="bbox 264 4363 1622 4460; baseline -0.016 -13"><span class='ocrx_word' id='word_1_593' title='bbox 264 4384 477 4456; x_wconf 77' lang='lat' dir='ltr'>&amp;mutuans,</span> <span class='ocrx_word' id='word_1_594' title='bbox 498 4384 547 4444; x_wconf 89' lang='lat' dir='ltr'>cni</span> <span class='ocrx_word' id='word_1_595' title='bbox 568 4396 710 4443; x_wconf 88' lang='lat' dir='ltr'>mutuum</span> <span class='ocrx_word' id='word_1_596' title='bbox 731 4369 1028 4450; x_wconf 82' lang='lat' dir='ltr'>prtcssandoluerum</span> <span class='ocrx_word' id='word_1_597' title='bbox 1062 4363 1247 4433; x_wconf 84' lang='lat' dir='ltr'>difficultas.</span> <span class='ocrx_word' id='word_1_598' title='bbox 1617 4449 1622 4460; x_wconf 32' lang='grc' dir='ltr'>Ι</span> 
     </span>
     <span class='ocr_line' id='line_1_50' title="bbox 265 4441 1838 4538; baseline -0.012 -7"><span class='ocrx_word' id='word_1_599' title='bbox 265 4462 382 4538; x_wconf 73' lang='lat' dir='ltr'>cesset,</span> <span class='ocrx_word' id='word_1_600' title='bbox 406 4459 499 4526; x_wconf 85' lang='lat' dir='ltr'>babet</span> <span class='ocrx_word' id='word_1_601' title='bbox 520 4458 632 4524; x_wconf 80' lang='lat' dir='ltr'>iulium</span> <span class='ocrx_word' id='word_1_602' title='bbox 652 4456 777 4522; x_wconf 86' lang='lat' dir='ltr'>titulum</span> <span class='ocrx_word' id='word_1_603' title='bbox 799 4502 807 4531; x_wconf 91' lang='lat'>‚</span> <span class='ocrx_word' id='word_1_604' title='bbox 832 4469 867 4517; x_wconf 93' lang='lat' dir='ltr'>ut</span> <span class='ocrx_word' id='word_1_605' title='bbox 889 4455 920 4513; x_wconf 89' lang='lat' dir='ltr'>in</span> <span class='ocrx_word' id='word_1_606' title='bbox 946 4473 1029 4514; x_wconf 90' lang='lat' dir='ltr'>com·</span> <span class='ocrx_word' id='word_1_607' title='bbox 1103 4441 1243 4524; x_wconf 87' lang='lat' dir='ltr'>Opponit</span> <span class='ocrx_word' id='word_1_608' title='bbox 1265 4444 1355 4513; x_wconf 80' lang='lat' dir='ltr'>Sotus</span> <span class='ocrx_word' id='word_1_609' title='bbox 1376 4450 1425 4525; x_wconf 88' lang='lat' dir='ltr'>qui</span> <span class='ocrx_word' id='word_1_610' title='bbox 1442 4466 1513 4513; x_wconf 87' lang='lat' dir='ltr'>eum</span> <span class='ocrx_word' id='word_1_611' title='bbox 1533 4444 1680 4522; x_wconf 74' lang='lat' dir='ltr'>aliquibus</span> <span class='ocrx_word' id='word_1_612' title='bbox 1701 4446 1769 4512; x_wconf 79' lang='lat' dir='ltr'>aliis</span> <span class='ocrx_word' id='word_1_613' title='bbox 1796 4466 1838 4512; x_wconf 84' lang='lat' dir='ltr'>ex</span> 
     </span>
     <span class='ocr_line' id='line_1_51' title="bbox 219 4524 1836 4624; baseline -0.011 -16"><span class='ocrx_word' id='word_1_614' title='bbox 219 4608 222 4615; x_wconf 81' lang='grc'><strong>,</strong></span> <span class='ocrx_word' id='word_1_615' title='bbox 265 4539 476 4624; x_wconf 85' lang='lat' dir='ltr'>pensationem</span> <span class='ocrx_word' id='word_1_616' title='bbox 503 4539 624 4604; x_wconf 73' lang='lat' dir='ltr'>iaeiorte</span> <span class='ocrx_word' id='word_1_617' title='bbox 650 4539 724 4603; x_wconf 91' lang='lat' dir='ltr'>lucri</span> <span class='ocrx_word' id='word_1_618' title='bbox 748 4528 942 4609; x_wconf 84' lang='lat' dir='ltr'>probabiliter</span> <span class='ocrx_word' id='word_1_619' title='bbox 964 4530 1027 4607; x_wconf 88' lang='lat' dir='ltr'>spe·</span> <span class='ocrx_word' id='word_1_620' title='bbox 1064 4528 1223 4593; x_wconf 79' lang='lat' dir='ltr'>veteribus</span> <span class='ocrx_word' id='word_1_621' title='bbox 1247 4529 1438 4592; x_wconf 88' lang='lat' dir='ltr'>contrarium</span> <span class='ocrx_word' id='word_1_622' title='bbox 1466 4524 1593 4593; x_wconf 87' lang='lat' dir='ltr'>susiinet</span> <span class='ocrx_word' id='word_1_623' title='bbox 1610 4575 1620 4605; x_wconf 93' lang='lat'>,</span> <span class='ocrx_word' id='word_1_624' title='bbox 1642 4528 1670 4588; x_wconf 87' lang='lat' dir='ltr'>S.</span> <span class='ocrx_word' id='word_1_625' title='bbox 1703 4524 1836 4593; x_wconf 86' lang='lat' dir='ltr'>Thomae</span> 
     </span>
     <span class='ocr_line' id='line_1_52' title="bbox 252 4601 1837 4698; baseline -0.009 -11"><span class='ocrx_word' id='word_1_626' title='bbox 252 4627 329 4690; x_wconf 86' lang='lat' dir='ltr'>¹rati</span> <span class='ocrx_word' id='word_1_627' title='bbox 350 4620 466 4698; x_wconf 85' lang='lat' dir='ltr'>aliquid</span> <span class='ocrx_word' id='word_1_628' title='bbox 488 4620 574 4695; x_wconf 90' lang='lat' dir='ltr'>supra</span> <span class='ocrx_word' id='word_1_629' title='bbox 592 4618 703 4682; x_wconf 90' lang='lat' dir='ltr'>sortem</span> <span class='ocrx_word' id='word_1_630' title='bbox 720 4617 804 4680; x_wconf 90' lang='lat' dir='ltr'>licite</span> <span class='ocrx_word' id='word_1_631' title='bbox 826 4634 842 4675; x_wconf 89' lang='lat' dir='ltr'>a</span> <span class='ocrx_word' id='word_1_632' title='bbox 870 4627 1028 4675; x_wconf 89' lang='lat' dir='ltr'>mutuata·</span> <span class='ocrx_word' id='word_1_633' title='bbox 1064 4601 1231 4696; x_wconf 69' lang='lat' dir='ltr'>dustrinam</span> <span class='ocrx_word' id='word_1_634' title='bbox 1247 4603 1285 4671; x_wconf 91' lang='lat' dir='ltr'>de</span> <span class='ocrx_word' id='word_1_635' title='bbox 1306 4626 1457 4684; x_wconf 90' lang='lat' dir='ltr'>romptam</span> <span class='ocrx_word' id='word_1_636' title='bbox 1478 4629 1517 4671; x_wconf 88' lang='lat' dir='ltr'>ex</span> <span class='ocrx_word' id='word_1_637' title='bbox 1533 4622 1562 4670; x_wconf 83' lang='lat' dir='ltr'>a.</span> <span class='ocrx_word' id='word_1_638' title='bbox 1578 4626 1607 4667; x_wconf 84' lang='lat' dir='ltr'>a.</span> <span class='ocrx_word' id='word_1_639' title='bbox 1625 4604 1731 4683; x_wconf 83' lang='lat' dir='ltr'>quaest.</span> <span class='ocrx_word' id='word_1_640' title='bbox 1749 4605 1837 4688; x_wconf 68' lang='lat' dir='ltr'>ap&amp;</span> 
     </span>
     <span class='ocr_line' id='line_1_53' title="bbox 263 4630 1836 4781; baseline -0.014 -11"><span class='ocrx_word' id='word_1_641' title='bbox 263 4707 313 4772; x_wconf 89' lang='lat' dir='ltr'>rio</span> <span class='ocrx_word' id='word_1_642' title='bbox 332 4705 456 4781; x_wconf 79' lang='lat' dir='ltr'>exigere</span> <span class='ocrx_word' id='word_1_643' title='bbox 480 4703 607 4766; x_wconf 84' lang='lat' dir='ltr'>valeat.</span> <span class='ocrx_word' id='word_1_644' title='bbox 627 4686 708 4762; x_wconf 82' lang='lat' dir='ltr'>Nam</span> <span class='ocrx_word' id='word_1_645' title='bbox 731 4692 851 4760; x_wconf 80' lang='lat' dir='ltr'>tametsi</span> <span class='ocrx_word' id='word_1_646' title='bbox 870 4696 901 4755; x_wconf 91' lang='lat' dir='ltr'>in</span> <span class='ocrx_word' id='word_1_647' title='bbox 919 4707 1028 4754; x_wconf 86' lang='lat' dir='ltr'>mutuo</span> <span class='ocrx_word' id='word_1_648' title='bbox 1063 4687 1129 4778; x_wconf 73' lang='lat' dir='ltr'>haee</span> <span class='ocrx_word' id='word_1_649' title='bbox 1146 4686 1214 4750; x_wconf 90' lang='lat' dir='ltr'>lunt</span> <span class='ocrx_word' id='word_1_650' title='bbox 1236 4630 1329 4751; x_wconf 83' lang='lat' dir='ltr'>verba</span> <span class='ocrx_word' id='word_1_651' title='bbox 1348 4689 1401 4750; x_wconf 90' lang='lat' dir='ltr'>cit.</span> <span class='ocrx_word' id='word_1_652' title='bbox 1419 4688 1451 4776; x_wconf 79' lang='lat' dir='ltr'>¹S.</span> <span class='ocrx_word' id='word_1_653' title='bbox 1474 4681 1627 4752; x_wconf 70' lang='lat' dir='ltr'>Doflorit.</span> <span class='ocrx_word' id='word_1_654' title='bbox 1658 4690 1836 4776; x_wconf 74' lang='lat' dir='ltr'>Recomperr-</span> 
     </span>
     <span class='ocr_line' id='line_1_54' title="bbox 263 4759 1893 4857; baseline -0.014 -7"><span class='ocrx_word' id='word_1_655' title='bbox 263 4783 341 4850; x_wconf 86' lang='lat' dir='ltr'>nibil</span> <span class='ocrx_word' id='word_1_656' title='bbox 361 4781 456 4857; x_wconf 86' lang='lat' dir='ltr'>supra</span> <span class='ocrx_word' id='word_1_657' title='bbox 471 4779 583 4847; x_wconf 88' lang='lat' dir='ltr'>sortem</span> <span class='ocrx_word' id='word_1_658' title='bbox 599 4783 630 4844; x_wconf 89' lang='lat' dir='ltr'>vi</span> <span class='ocrx_word' id='word_1_659' title='bbox 649 4780 747 4843; x_wconf 88' lang='lat' dir='ltr'>mutui</span> <span class='ocrx_word' id='word_1_660' title='bbox 767 4777 852 4839; x_wconf 87' lang='lat' dir='ltr'>licite</span> <span class='ocrx_word' id='word_1_661' title='bbox 868 4773 1028 4850; x_wconf 78' lang='lat' dir='ltr'>exigique·</span> <span class='ocrx_word' id='word_1_662' title='bbox 1059 4765 1202 4847; x_wconf 79' lang='lat' dir='ltr'>serronem</span> <span class='ocrx_word' id='word_1_663' title='bbox 1224 4784 1296 4832; x_wconf 82' lang='lat' dir='ltr'>uero</span> <span class='ocrx_word' id='word_1_664' title='bbox 1320 4759 1451 4844; x_wconf 79' lang='lat' dir='ltr'>demur,</span> <span class='ocrx_word' id='word_1_665' title='bbox 1477 4766 1554 4846; x_wconf 86' lang='lat' dir='ltr'>quod</span> <span class='ocrx_word' id='word_1_666' title='bbox 1585 4765 1780 4848; x_wconf 62' lang='lat' dir='ltr'>consideratur</span> <span class='ocrx_word' id='word_1_667' title='bbox 1802 4784 1835 4830; x_wconf 84' lang='lat' dir='ltr'>ut</span> <span class='ocrx_word' id='word_1_668' title='bbox 1888 4810 1893 4818; x_wconf 83' lang='lat'>.</span> 
     </span>
    </p>
   </div>
   <div class='ocr_carea' id='block_1_2' title="bbox 261 4841 1835 5007">
    <p class='ocr_par' dir='ltr' id='par_1_5' title="bbox 261 4841 1835 5007">
     <span class='ocr_line' id='line_1_55' title="bbox 261 4841 1835 5007; baseline -0.015 -75"><span class='ocrx_word' id='word_1_669' title='bbox 261 4876 320 4944; x_wconf 76' lang='lat' dir='ltr'>at,</span> <span class='ocrx_word' id='word_1_670' title='bbox 339 4865 424 5007; x_wconf 55' lang='lat' dir='ltr'>exifi</span> <span class='ocrx_word' id='word_1_671' title='bbox 444 4878 571 4941; x_wconf 86' lang='lat' dir='ltr'>tamen,</span> <span class='ocrx_word' id='word_1_672' title='bbox 590 4852 625 4927; x_wconf 78' lang='lat' dir='ltr'>dt</span> <span class='ocrx_word' id='word_1_673' title='bbox 645 4861 741 4935; x_wconf 86' lang='lat' dir='ltr'>accipi</span> <span class='ocrx_word' id='word_1_674' title='bbox 761 4851 857 4934; x_wconf 83' lang='lat' dir='ltr'>potest</span> <span class='ocrx_word' id='word_1_675' title='bbox 880 4854 911 4915; x_wconf 89' lang='lat' dir='ltr'>vi</span> <span class='ocrx_word' id='word_1_676' title='bbox 929 4851 1029 4916; x_wconf 82' lang='lat' dir='ltr'>alicu·</span> <span class='ocrx_word' id='word_1_677' title='bbox 1123 4894 1131 4921; x_wconf 86' lang='lat'>‚</span> <span class='ocrx_word' id='word_1_678' title='bbox 1151 4846 1228 4924; x_wconf 81' lang='lat' dir='ltr'>quod</span> <span class='ocrx_word' id='word_1_679' title='bbox 1244 4841 1280 4912; x_wconf 82' lang='lat' dir='ltr'>de</span> <span class='ocrx_word' id='word_1_680' title='bbox 1294 4845 1419 4925; x_wconf 61' lang='lat' dir='ltr'>niuniu</span> <span class='ocrx_word' id='word_1_681' title='bbox 1434 4869 1490 4909; x_wconf 79' lang='lat' dir='ltr'>unu</span> <span class='ocrx_word' id='word_1_682' title='bbox 1508 4849 1656 4986; x_wconf 41' lang='lat' dir='ltr'>lucretur&amp;</span> <span class='ocrx_word' id='word_1_683' title='bbox 1669 4868 1726 4911; x_wconf 80' lang='lat' dir='ltr'>non</span> <span class='ocrx_word' id='word_1_684' title='bbox 1743 4845 1835 4925; x_wconf 62' lang='lat' dir='ltr'>poto!</span> 
     </span>
    </p>
   </div>
   <div class='ocr_carea' id='block_1_3' title="bbox 262 4921 1834 5021">
    <p class='ocr_par' dir='ltr' id='par_1_6' title="bbox 262 4921 1834 5021">
     <span class='ocr_line' id='line_1_56' title="bbox 262 4921 1834 5021; baseline -0.013 -11"><span class='ocrx_word' id='word_1_685' title='bbox 262 4948 312 5017; x_wconf 72' lang='lat' dir='ltr'>ior</span> <span class='ocrx_word' id='word_1_686' title='bbox 330 4946 394 5011; x_wconf 82' lang='lat' dir='ltr'>ritu</span> <span class='ocrx_word' id='word_1_687' title='bbox 407 4944 439 5021; x_wconf 90' lang='lat' dir='ltr'>i,</span> <span class='ocrx_word' id='word_1_688' title='bbox 455 4940 541 5008; x_wconf 86' lang='lat' dir='ltr'>ficuti</span> <span class='ocrx_word' id='word_1_689' title='bbox 552 4942 688 5007; x_wconf 88' lang='lat' dir='ltr'>occurrit</span> <span class='ocrx_word' id='word_1_690' title='bbox 705 4942 737 5001; x_wconf 93' lang='lat' dir='ltr'>in</span> <span class='ocrx_word' id='word_1_691' title='bbox 753 4933 825 5003; x_wconf 87' lang='lat' dir='ltr'>casu</span> <span class='ocrx_word' id='word_1_692' title='bbox 841 4953 883 4997; x_wconf 88' lang='lat' dir='ltr'>oo</span> <span class='ocrx_word' id='word_1_693' title='bbox 911 4952 958 5010; x_wconf 89' lang='lat' dir='ltr'>ro,</span> <span class='ocrx_word' id='word_1_694' title='bbox 976 4931 1028 5009; x_wconf 90' lang='lat' dir='ltr'>qui</span> <span class='ocrx_word' id='word_1_695' title='bbox 1064 4921 1097 5017; x_wconf 69' lang='lat' dir='ltr'>&#39;i&#39;</span> <span class='ocrx_word' id='word_1_696' title='bbox 1118 4930 1237 5007; x_wconf 69' lang='lat' dir='ltr'>parium</span> <span class='ocrx_word' id='word_1_697' title='bbox 1253 4924 1417 5004; x_wconf 73' lang='lat' dir='ltr'>deducere,</span> <span class='ocrx_word' id='word_1_698' title='bbox 1435 4924 1504 5005; x_wconf 80' lang='lat' dir='ltr'>quia</span> <span class='ocrx_word' id='word_1_699' title='bbox 1525 4948 1583 4991; x_wconf 81' lang='lat' dir='ltr'>uon</span> <span class='ocrx_word' id='word_1_700' title='bbox 1601 4926 1639 4990; x_wconf 87' lang='lat' dir='ltr'>de</span> <span class='ocrx_word' id='word_1_701' title='bbox 1656 4938 1684 4991; x_wconf 76' lang='lat' dir='ltr'>er</span> <span class='ocrx_word' id='word_1_702' title='bbox 1700 4923 1834 4989; x_wconf 79' lang='lat' dir='ltr'>vendere</span> 
     </span>
    </p>
   </div>
   <div class='ocr_carea' id='block_1_4' title="bbox 258 4999 1830 5229">
    <p class='ocr_par' dir='ltr' id='par_1_7' title="bbox 258 4999 1830 5229">
     <span class='ocr_line' id='line_1_57' title="bbox 261 4999 1829 5099; baseline -0.018 -8"><span class='ocrx_word' id='word_1_703' title='bbox 261 5024 306 5091; x_wconf 80' lang='lat' dir='ltr'>eli</span> <span class='ocrx_word' id='word_1_704' title='bbox 330 5026 453 5091; x_wconf 89' lang='lat' dir='ltr'>lucrum</span> <span class='ocrx_word' id='word_1_705' title='bbox 471 5021 585 5092; x_wconf 82' lang='lat' dir='ltr'>cessam</span> <span class='ocrx_word' id='word_1_706' title='bbox 609 5019 767 5088; x_wconf 83' lang='lat' dir='ltr'>mutuanti</span> <span class='ocrx_word' id='word_1_707' title='bbox 792 5012 895 5086; x_wconf 72' lang='lat' dir='ltr'>mulla</span> <span class='ocrx_word' id='word_1_708' title='bbox 925 5012 1027 5099; x_wconf 84' lang='lat' dir='ltr'>mutui</span> <span class='ocrx_word' id='word_1_709' title='bbox 1063 5001 1116 5084; x_wconf 83' lang='lat' dir='ltr'>td,</span> <span class='ocrx_word' id='word_1_710' title='bbox 1133 4999 1221 5096; x_wconf 71' lang='lat' dir='ltr'>quod</span> <span class='ocrx_word' id='word_1_711' title='bbox 1235 5004 1364 5072; x_wconf 79' lang='lat' dir='ltr'>mudum</span> <span class='ocrx_word' id='word_1_712' title='bbox 1386 4999 1491 5085; x_wconf 81' lang='lat' dir='ltr'>bader,</span> <span class='ocrx_word' id='word_1_713' title='bbox 1516 5003 1556 5073; x_wconf 71' lang='lat'>(7</span> <span class='ocrx_word' id='word_1_714' title='bbox 1577 5005 1663 5085; x_wconf 70' lang='lat' dir='ltr'>poteri</span> <span class='ocrx_word' id='word_1_715' title='bbox 1686 5001 1829 5099; x_wconf 65' lang='lat' dir='ltr'>inpediri</span> 
     </span>
     <span class='ocr_line' id='line_1_58' title="bbox 258 5079 1830 5229; baseline -0.018 -54"><span class='ocrx_word' id='word_1_716' title='bbox 258 5104 386 5178; x_wconf 76' lang='lat' dir='ltr'>euirati.</span> <span class='ocrx_word' id='word_1_717' title='bbox 499 5134 502 5139; x_wconf 94' lang='lat'><em>·</em></span> <span class='ocrx_word' id='word_1_718' title='bbox 1065 5084 1269 5177; x_wconf 72' lang='lat' dir='ltr'>mulrrplrcrrer</span> <span class='ocrx_word' id='word_1_719' title='bbox 1285 5085 1320 5153; x_wconf 74' lang='lat' dir='ltr'>ab</span> <span class='ocrx_word' id='word_1_720' title='bbox 1336 5083 1483 5205; x_wconf 69' lang='lat' dir='ltr'>Menda-</span> <span class='ocrx_word' id='word_1_721' title='bbox 1506 5082 1684 5166; x_wconf 80' lang='lat' dir='ltr'>Requuod</span> <span class='ocrx_word' id='word_1_722' title='bbox 1700 5079 1830 5229; x_wconf 43' lang='lat' dir='ltr'>thigane-</span> 
     </span>
    </p>
   </div>
   <div class='ocr_carea' id='block_1_5' title="bbox 0 0 2218 6000">
    <p class='ocr_par' dir='ltr' id='par_1_8' title="bbox 0 0 2218 6000">
     <span class='ocr_line' id='line_1_59' title="bbox 0 0 2218 6000; baseline 0 5"><span class='ocrx_word' id='word_1_723' title='bbox 0 0 2218 6000; x_wconf 95' lang='lat' dir='ltr'> </span> 
     </span>
    </p>
   </div>
  </div>
 </body>
</html>
