4425 6000
547 515 719 598 Tittler.
747 543 804 597 or.
834 522 1086 598 ermemiri
1118 521 1335 618 Drcitoci
1365 525 1467 599 Cir.
1495 528 1540 603 V.
1567 530 1576 555 '

268 618 347 691 dinis
361 645 451 704 quain
473 625 539 687 vita
558 622 688 687 hominis
716 625 867 699 praecipue
885 624 916 684 in
944 638 1031 686 aeter·
1068 640 1265 702 augmentum
1284 623 1401 689 divinae·
1420 625 1541 703 gloriar.
1562 626 1649 693 Ordo
1668 630 1831 700 charitatis

270 725 347 773 num
363 707 488 787 perituri
509 750 518 780 ‚
544 721 581 768 ut
604 703 799 780 contingeret
828 722 898 766 eum
926 706 957 764 in
974 702 1032 765 tali
1068 722 1140 781 erga
1161 704 1331 779 proximum
1348 704 1378 766 id
1399 708 1557 785 exquirit,
1577 710 1833 791 quandopersona

270 785 476 865 peccaminosa
508 782 733 847 circumstantia
772 780 964 856 occidendo,
995 800 1033 844 eo
1069 779 1175 847 invasa
1191 781 1277 847 nobis
1293 777 1442 848 iunslaell
1454 790 1681 864 propinquitate
1697 796 1838 870 inprime

270 868 387 943 qulaei
410 864 572 929 tolleretur
594 862 674 925 lotus
716 862 912 925 oenitentiaei
940 858 1032 922 Sise-
1067 862 1190 938 gradu,
1220 862 1313 926 autl
1349 862 1626 943 cialiterpropiiae
1653 891 1736 938 curae
1761 893 1835 937 con·

269 944 424 1021 cundum,
448 963 514 1006 cum
537 941 677 1018 pudicitia
695 883 731 1003 bt
752 943 852 1004 virtus
875 989 883 1015 ,
909 941 1032 1015 ideoque
1066 940 1184 1005 eredita
1207 990 1216 1021 ‚
1236 944 1282 1005 uti
1303 882 1372 1006 ffient
1390 943 1495 1021 pupilli
1519 988 1529 1023 5
1558 948 1609 1009 vel
1630 954 1762 1018 minores
1785 970 1846 1032 tu·¹

269 1046 332 1088 non
354 1028 385 1089 in
405 1043 549 1099 corpore,
568 1022 615 1083 led
632 1025 663 1082 in
679 1022 783 1083 animo
799 1018 952 1097 residens,·
970 1038 1030 1081 non
1067 1023 1204 1099 toribus,
1220 1022 1271 1086 vel
1290 1022 1478 1086 curatoribus
1496 1067 1506 1101 ,-
1525 1027 1576 1090 vel
1597 1025 1705 1096 nolltia
1714 1028 1836 1098 subiicit
1890 1085 1892 1089 .

270 1107 302 1167 vi
321 1122 467 1177 externa,
483 1100 530 1165 sed
551 1121 601 1180 per
623 1097 717 1165 solum
735 1098 863 1163 liberum
884 1100 1030 1163 volunta·
1067 1099 1281 1165 iurisdillioni.
1305 1102 1410 1178 Qrare
1426 1106 1563 1179 graviter
1580 1127 1709 1180 peccant
1722 1114 1835 1175 Princi-

269 1188 312 1248 tis
342 1181 515 1248 consensum
544 1179 641 1255 potell
670 1184 847 1268 corrumpi,
877 1196 913 1244 ut
941 1198 981 1241 ex
1001 1170 1029 1238 S.
1067 1198 1140 1259 pes,
1160 1179 1381 1266 Magistratus,
1404 1181 1522 1245 ludices
1537 1183 1598 1248 dic.⁴
1621 1186 1690 1251 siin
1711 1194 1834 1255 territo-

270 1265 350 1341 Aug.
373 1263 421 1326 lib.
443 1263 478 1326 de
492 1261 627 1327 Cioircte
642 1266 699 1322 Det
721 1279 783 1334 cap.
807 1258 853 1320 ιδ.
882 1258 915 1322 &
934 1278 974 1320 eit
999 1257 1027 1318 b
1067 1265 1115 1324 rio
1137 1258 1186 1323 sibi
1206 1258 1323 1324 subdito
1344 1264 1501 1337 patiantur
1517 1264 1637 1340 grallarl
1652 1268 1836 1350 latrocinia,

271 1343 464 1425 Hieronymo
487 1346 516 1404 in
532 1362 596 1417 cap.
614 1342 650 1403 de
666 1338 865 1418 pudtiiric3a.
887 1335 989 1415 quaell.
1001 1353 1031 1413 5·
1065 1338 1296 1419 lluptationet,
1326 1337 1439 1404 aliasve
1471 1361 1582 1420 graves·
1609 1346 1834 1413 damnificatio·

269 1425 378 1501 Corpiis
399 1420 533 1486 mulieris
550 1444 605 1484 non
624 1421 674 1485 vii
693 1418 844 1495 maculat,
855 1415 1031 1497 sedconseri·
1065 1439 1118 1484 nes
1139 1416 1259 1485 suorum
1290 1416 1479 1483 subditorum
1506 1425 1537 1483 in
1562 1422 1647 1488 botris
1668 1433 1800 1506 corporis
1823 1437 1836 1507 '5

263 1499 335 1579 sur.
357 1502 463 1577 Quare
482 1523 551 1565 cum
568 1502 713 1576 pudicitia
729 1498 821 1562 aliter
836 1497 951 1562 servari
969 1492 1031 1572 pol·
1064 1500 1116 1563 feu
1137 1496 1269 1577 fortuna
1296 1498 1330 1563 &
1363 1499 1484 1564 honoris
1494 1504 1642 1578 ,quando
1663 1524 1766 1571 tamen
1792 1528 1831 1574 ea

269 1577 305 1643 sit
326 1579 396 1644 ideli
412 1577 586 1646 constanter
615 1578 691 1643 affui
713 1580 792 1654 turpi
814 1575 1032 1663 dissentiendo,
1065 1578 1211 1656 impedire
1230 1580 1356 1646 valeant
1378 1577 1439 1643 fine
1461 1577 1622 1657 respeslive
1650 1590 1761 1649 maiori
1777 1588 1846 1651 da·.

268 1658 346 1723 sicut
380 1663 425 1725 eit
455 1678 587 1739 tyranno
617 1660 644 1722 S.
671 1658 796 1722 Lucia:
821 1657 854 1719 Si
872 1670 922 1718 me·
946 1673 1032 1744 invi·
1064 1679 1137 1723 mno
1155 1664 1292 1738 proprio.
1315 1658 1362 1721 Sic
1383 1659 1827 1745 cum-laudarisysalmantjoen.

267 1747 330 1801 iam
347 1738 460 1819 i'ufferis
474 1738 584 1804 vsibvs
600 1788 607 1813 .
637 1737 750 1815 ‘essm
770 1735 846 1798 mibi
871 1732 1030 1813 duflscaebl·
1064 1735 1162 1817 sibus,
1178 1762 1248 1807 cum
1265 1740 1428 1815 Navarro‚
1442 1735 1478 1802 dc
1494 1740 1561 1804 aliis
1581 1743 1827 1810 Recentiortbus

268 1830 319 1882 rur
339 1821 380 1883 cd
399 1840 556 1890 coronam:
582 1817 652 1879 hinc
673 1836 734 1879 non
755 1814 796 1877 tll
819 1816 936 1879 necesse
959 1862 968 1891 ,
997 1829 1031 1876 ut
1533 1851 1536 1856 -

268 1916 368 1963 morte
389 1897 534 1965 invasoris
553 1892 750 1961 defendatur.
781 1893 907 1957 Certum
926 1910 1029 1955 tamen
1369 1899 1396 1961 ς,
1440 1889 1516 1959 xv,

269 1976 312 2039 ⁸st
335 1983 432 2042 teneri
450 1973 627 2053 mulierem,
660 1972 711 2038 seu
734 1973 864 2049 Puellam
886 1971 981 2037 ’φῶ
996 1989 1029 2033 ⁰'
1064 2009 1110 2073 De
1128 2010 1255 2093 occifione
1282 2009 1406 2087 indiis,
1437 2011 1574 2078 advocati
1592 2006 1800 2109 “veccusaloris
1814 2061 1827 2099 ,-

268 2052 955 2211 l}tlt„llil‘fiillsslzlllllliis?
970 2069 1031 2193 ti&
1113 2088 1184 2171 fau
1199 2090 1276 2171 resti
1296 2090 1393 2155 nim
1412 2091 1514 2173 unp
1528 2097 1769 2185 iniciantium·

268 2214 381 2278 mando
402 2262 412 2294 ,
435 2215 539 2292 pugnis
559 2262 567 2289 ,
596 2212 743 2288 pedibus,
772 2210 870 2273 morsu
893 2208 1010 2288 agendo
1023 2253 1034 2284 ,ι
1103 2200 1178 2266 Non
1199 2205 1270 2268 licet
1290 2207 1427 2270 occidere
1444 2205 1588 2272 iniustum
1607 2212 1739 2277 iudicem·
1749 2256 1762 2291 r
1775 2215 1827 2279 ade
1842 2215 1960 2277 utilite.

266 2291 371 2356 aliove
391 2289 514 2370 possibili
536 2292 625 2355 modo
646 2340 653 2365 ,
683 2295 779 2354 itaut
807 2292 835 2352 ei
856 2307 918 2351 noti
939 2287 1041 2362 liceat,
1067 2298 1232 2359 vocatum,
1248 2282 1474 2361 accusatorem,
1493 2287 1527 2352 ἀ
1548 2289 1661 2367 testes,
1686 2297 1824 2369 quamvis
1840 2287 1969 2365 “tum

266 2371 427 2447 nequidem
444 2372 480 2435 ad
501 2389 632 2434 mortem
653 2368 812 2434 vitandam
832 2366 931 2431 sillere
947 2368 1030 2441 quie·
1065 2361 1103 2426 ab
1123 2366 1273 2456 eisgtatse
1292 2365 1435 2457 damnum
1455 2370 1487 2428 in
1510 2371 1574 2433 vita
1614 2371 1648 2436 δι
1666 2364 1959 2465 benissenfflstf

267 2468 321 2525 to,
344 2472 379 2513 ac
398 2450 545 2525 immobili
565 2468 690 2525 corpore
709 2448 881 2526 ,cumipse
899 2466 959 2509 non
980 2465 1029 2508 re·
1063 2459 1151 2506 tunic
1168 2460 1346 2506 immineat.-
1361 2444 1416 2537 'Sic
1436 2449 1525 2539 enirn·
1539 2419 1701 2514 definitum·
1724 2452 1767 2516 esl
1790 2428 1970 2540 ab'ipditeifrt

266 2528 398 2592 sillentia
422 2527 461 2592 sit
482 2532 677 2605 cooperatio,
697 2528 730 2592 dt
752 2546 787 2591 ea
808 2525 927 2602 quidem
941 2545 1030 2602 quam
1064 2521 1241 2598 Alexandro
1267 2520 1390 2611 Vlln
1416 2523 1624 2603 proscribenda
1650 2531 1826 2608 propositio·
1842 2545 1950 2592 stiur.

264 2609 376 2672 mulier
397 2606 528 2683 praebere
544 2605 622 2671 solet
637 2614 668 2669 in
688 2606 744 2670 tali
767 2604 854 2669 aslu-
877 2603 966 2667 Unde
982 2608 1029 2667 iu·
1066 2621 1104 2663 ne
1123 2622 1214 2690 ,num-v
1239 2600 1290 2661 18.
1308 2605 1395 2667 Lrter
1422 2606 1583 2683 interficere
1603 2608 1721 2687 salsum·
1746 2616 1827 2676 calu·
1842 2619 1901 2656 Μ
1913 2606 1969 2655 “⁶⁴

267 2708 300 2751 re
321 2688 431 2750 merito
450 2704 539 2754 notat
556 2688 643 2766 Lugo
661 2734 670 2761 ‚
689 2684 806 2763 quodsi
826 2684 935 2746 mulier
953 2682 1030 2747 serio
1065 2693 1252 2769 mntarorern,
1265 2679 1367 2761 falsor
1380 2684 1459 2771 reses
1470 2727 1482 2761 ‚-
1505 2705 1539 2749 at
1554 2686 1647 2750 ctiam>
1673 2690 1801 2755 iudicem
1818 2735 1831 2769 ‚-

267 2767 345 2830 velit
366 2763 409 2828 sui
427 2765 631 2829 violationem>
650 2764 824 2841 impedire,
850 2762 961 2826 violari
979 2782 1029 2825 ne·
1065 2780 1086 2821 a
1099 2779 1154 2837 quo
1174 2776 1277 2836 unqua
1294 2772 1370 2848 cerro
1390 2766 1526 2827 imminet
1541 2764 1690 2844 sententia
1701 2811 1714 2845 ,»
1725 2773 1754 2849 fi
1766 2771 1828 2834 alia

265 2863 376 2919 queat:
395 2847 457 2908 imo
474 2842 622 2906 rarissime
639 2847 734 2908 etiam
756 2840 840 2918 lieri,
859 2857 894 2903 ut
915 2844 966 2905 vir
979 2840 1031 2903 de·
1064 2845 1119 2902 via
1133 2859 1191 2901 noir
1205 2841 1291 2918 potest
1309 2858 1443 2904 innocent
1462 2844 1608 2906 damnum
1627 2847 1761 2928 coitate.
1785 2849 1827 2913 Et

267 2924 462 2988 sedationem
479 2942 601 2999 turpem
618 2943 636 2987 a
657 2918 778 3001 prorsus
805 2922 905 2984 iuvita
924 2935 1030 2999 capta·
1065 2915 1229 2990 tenneli,
1249 2918 1368 2991 quiahi
1390 2940 1451 2983 non
1472 2919 1634 2987 censentur
1655 2928 1754 2991 vitam
1778 2948 1832 3009 ags

269 3024 301 3068 re
319 3005 414 3067 velit.
1067 2998 1147 3077 gredi
1159 3041 1171 3074 ,·
1188 2992 1236 3058 sed
1252 3000 1450 3063 committere
1466 3002 1666 3080 iniustitiam,
1686 3027 1758 3082 quae‘
1769 3029 1825 3085 pu·

308 3084 373 3147 Nec
394 3079 492 3145 obllat
519 3081 593 3146 illud
614 3079 761 3148 Ambrosii
784 3079 832 3142 lib.
872 3076 1028 3166 ‚Ollicio-
1065 3081 1124 3140 niri
1146 3074 1243 3154 potest
1261 3120 1275 3149 ,«
1299 3076 1332 3141 ἃ
1354 3079 1415 3140 alia
1438 3082 1477 3142 v'r
1495 3082 1626 3156 repellia
1647 3085 1719 3149 Non
1744 3090 1826 3152 enim

266 3182 360 3226 rum:
393 3161 561 3225 Periculum
581 3160 699 3240 pudoris
729 3158 814 3224 bottis
853 3159 973 3220 aminis·
993 3158 1029 3231 eli
1066 3157 1231 3234 procedunt
1257 3160 1379 3232 propria
1404 3161 1526 3233 privata
1548 3161 1732 3230 austoritate
1748 3210 1760 3244 ‚A
1775 3164 1825 3229 sed

263 3240 527 3319 mittegraor'u13
560 3244 604 3305 ita
624 3238 698 3305 utsi
721 3240 775 3315 'pro
795 3238 931 3316 periculo
951 3240 1031 3301 vitae'
1066 3236 1185 3316 publica
1196 3279 1209 3313 5
1227 3254 1347 3298 necnon
1368 3236 1494 3302 servato*
1509 3241 1583 3303 iuris
1603 3246 1709 3307 ordine
1726 3284 1738 3306 .-
1759 3245 1831 3308 Hos

266 3320 359 3385 liceat
376 3318 548 3385 interficere
568 3366 580 3398 ,-
604 3319 722 3385 licitum
743 3317 778 3383 sit
798 3320 892 3383 etiam
908 3336 963 3395 pro
978 3335 1028 3393 pe·
1065 3320 1151 3379 enim⁴
1178 3315 1320 3378 occidere·
1342 3318 1407 3378 iure
1431 3336 1555 3382 naturae
1583 3324 1618 3383 in·
1642 3327 1723 3385 omni
1755 3322 1829 3388 casu

267 3399 364 3463 riculo
379 3397 548 3466 salsitatis.
572 3401 659 3463 Nam
679 3416 717 3462 ut
743 3400 858 3462 addunt
879 3397 932 3459 alii
950 3439 962 3470 ‚,
986 3394 1025 3458 ibi
1065 3393 1214 3473 prohiberi
1243 3394 1345 3458 debuit
1366 3398 1463 3472 ,quia
1489 3395 1510 3458 si
1532 3398 1589 3462 hoc
1619 3399 1722 3465 liceret
1743 3449 1752 3478 ‚
1774 3405 1828 3468 via

266 3478 403 3555 loquitur
421 3480 449 3540 S.
466 3476 632 3543 Dosiorde
644 3480 764 3554 pudoris
779 3478 936 3555 periculo5
950 3476 1028 3550 quod
1064 3476 1168 3537 multis
1185 3472 1315 3565 taedibus
1335 3480 1504 3550 aperiretur
1517 3496 1581 3541 non*
1596 3475 1657 3542 sine
1676 3484 1828 3558 graticci-

257 3557 416 3622 'adnexnm
437 3557 527 3621 habet
548 3573 707 3631 peccatum
725 3599 738 3630 ,·
766 3557 890 3619 nonde
917 3556 1029 3629 pudore
1054 3552 1192 3628 'piiblicae
1209 3551 1422 3617 detrimento«
1450 3553 1598 3618 Homines
1624 3562 1708 3621 enim
1735 3557 1827 3624 facile

223 3640 226 3646 '
264 3633 467 3714 fimpliciter3
505 3636 579 3696 alias
609 3633 685 3695 sicut
715 3635 764 3694 vir
787 3633 896 3696 nobilis
923 3632 1028 3694 mallet
1066 3631 1121 3693 libi·
1140 3627 1351 3705 persuaderent
1372 3635 1476 3708 inique
1496 3634 1674 3712 abiudice,
1692 3637 1826 3701 advoca·

266 3719 347 3777 niori·
359 3735 449 3788 quam
466 3711 615 3775 bonorem
632 3710 773 3786 perdere,¹
789 3711 827 3774 δι’
840 3712 875 3772 ad
885 3706 1030 3772 summam
1066 3729 1121 3786 te,
1140 3708 1199 3773 &o
1220 3705 1250 3770 se
1264 3711 1391 3783 opprimi
1401 3753 1414 3785 ‚-
1430 3731 1465 3774 ac
1493 3712 1612 3775 nullam·
1636 3715 1701 3778 dari
1728 3718 1823 3779 aliam

267 3794 362 3870 redigi
387 3805 626 3867 paupertatem,
647 3785 745 3865 pollet
763 3789 799 3864 ad
821 3787 949 3852 vitanda
966 3788 1030 3850 haec
1054 3792 1151 3871 ‘viam
1171 3785 1333 3851 defensioni
1355 3808 1453 3863 quam
1467 3808 1574 3852 eorum
1593 3810 1709 3857 morte.
1735 3794 1825 3856 Unde

261 3864 458 3934 'iiicommoda
477 3869 568 3933 alteri
589 3885 717 3932 mortem
739 3864 870 3930 inferre.
1066 3869 1249 3931 iuremeiito·
1278 3865 1417 3930 laudatus
1450 3866 1595 3933 Pontifex·
1628 3868 1831 3938 favorabilem·

304 3947 399 4025 Quod
412 3962 517 4013 autem
532 3947 648 4010 dicitur
666 3946 704 4008 de
724 3941 895 4010 defensione
917 3944 1029 4025 proprii
1066 3948 1136 4010 huic
1153 3946 1289 4009 licentiae
1307 3944 1475 4023 proscripsit
1497 3947 1701 4014 sententiam.

267 4029 408 4105 honoris,
428 4027 462 4092 dt
483 4027 636 4106 pudicitia:
660 4071 673 4103 ‚,
696 4023 726 4088 id
766 4030 814 4089 ari
829 4022 969 4090 mensura·
986 4025 1029 4087 di·
1088 4026 1188 4109 ⁸Num
1210 4045 1286 4089 vero
1305 4027 1370 4099 quis
1390 4024 1482 4102 possit
1508 4028 1542 4090 le·
1555 4027 1716 4095 defendere
1745 4033 1825 4096 ali«
1840 4057 1914 4127 qm
1931 4059 1969 4110 pp

264 4106 393 4170 cendum
412 4102 436 4168 li
459 4124 571 4185 agatur*
586 4105 621 4170 de
643 4101 729 4169 defen
742 4124 812 4168 ione
832 4106 959 4169 alterius
976 4105 1029 4167 ho·
1064 4105 1211 4183 floribus,
1231 4102 1284 4167 feu
1305 4105 1481 4170 satellitibus
1498 4152 1511 4183 ‚<
1535 4112 1634 4172 etiam·
1652 4130 1759 4174 eorum
1776 4115 1821 4174 in·
1839 4123 1957 4176 adeum

268 4187 368 4262 noris,
384 4183 418 4249 &
435 4187 621 4267 pudicitiae,
642 4202 754 4263 nempe·
769 4204 830 4247 non
853 4187 945 4249 licere*
959 4207 1035 4248 cuin-
1065 4190 1245 4252 ternecione·
1260 4201 1300 4245 ne
1322 4185 1365 4247 ab·
1380 4186 1425 4247 his
1456 4188 1595 4261 capiatur
1623 4207 1636 4251 τ
1659 4194 1744 4257 circa·
1769 4192 1965 4262 hoc‘¹¹⁶“'.¹¹¹⁸

266 4267 478 4328 internecione
499 4265 669 4342 invasoris,
689 4262 800 4342 quiesi
822 4263 1030 4340 hoc-nonpol-
1067 4282 1154 4330 tenet
1171 4266 1289 4328 Molita
1305 4308 1319 4340 ,«
1337 4264 1414 4339 quod
1434 4264 1456 4324 si
1475 4268 1625 4331 innocens·
1651 4269 1697 4333 hic
1716 4268 1829 4346 sit,·&-
1846 4261 1888 4303 ω
1919 4262 1972 4300 “³‘'

266 4343 372 4407 fumus·
389 4363 450 4420 pro·
465 4343 556 4408 nobit
572 4345 641 4419 ipsis
658 4392 666 4420 ‚
685 4364 750 4408 non·
768 4341 812 4406 eli¹
829 4346 930 4408 maior
950 4345 1034 4407 tatio
1066 4341 1213 4410 satellites
1232 4363 1294 4404 nori
1317 4342 1375 4406 srnt
1404 4348 1500 4418 ignati
1529 4348 1566 4410 de
1589 4353 1654 4412 eius
1680 4353 1825 4413 innocen-

266 4443 321 4485 cur
342 4421 480 4498 possimus
510 4443 563 4499 pro
586 4423 669 4486 aliis.
700 4420 1031 4488 luxtaSalmanticen·
1069 4430 1111 4489 tia
1131 4471 1144 4502 ‚-
1181 4422 1268 4500 possit
1296 4443 1350 4485 eos
1378 4423 1462 4487 licite
1489 4425 1625 4491 occidere
1650 4468 1664 4489 .-
1689 4429 1720 4488 Si
1749 4450 1826 4493 veto
1872 4461 1875 4467 ·

268 4499 312 4562 fes
330 4518 438 4564 tamen*
455 4500 592 4578 aliosque
609 4502 705 4579 porcll
717 4549 731 4580 ,.
747 4506 808 4566 imo
823 4502 915 4567 debet
935 4506 1032 4567 inter·
1069 4507 1161 4582 ignati
1186 4503 1244 4564 fint
1275 4500 1422 4568 satellites
1451 4506 1489 4567 de
1516 4510 1588 4569 eius·
1618 4511 1796 4577 innocentia
1815 4556 1829 4585 ,-

259 4579 317 4642 frti
337 4578 463 4643 iniullus
480 4581 633 4660 aggressor·
648 4581 931 4659 alteriuslionorit‚.
945 4587 1031 4657 vitae,
1058 4603 1104 4649 ut
1126 4583 1279 4647 ordinarie
1311 4585 1466 4662 contigit‚-
1485 4604 1535 4647 eos
1574 4587 1663 4651 licite*
1685 4591 1826 4652 occidere

266 4659 318 4723 vel
339 4657 709 4737 lullmtationit,quando
723 4662 757 4722 id·
772 4666 871 4741 exigit
888 4662 938 4725 vel
958 4662 1039 4726 ordo·
1068 4684 1130 4730 non
1147 4661 1234 4740 possit
1242 4704 1256 4738 ,-
1271 4665 1340 4740 quia
1360 4662 1475 4725 bonum
1493 4682 1655 4730 commune
1677 4667 1806 4741 postulat
1815 4709 1832 4746 ,-

270 4737 436 4804 cliatitatis
452 4787 467 4817 ,.
482 4740 536 4803 vel
554 4739 605 4805 le'x
625 4737 822 4818 reipublicae,
851 4742 942 4818 idque·
958 4764 1036 4818 prae-·
1068 4764 1106 4812 ut
1121 4763 1188 4807 non·
1204 4739 1352 4805 insecatur
1371 4744 1516 4807 damnum·
1539 4745 1679 4811 minillris
1702 4746 1827 4811 iustitiae

268 4816 339 4881 llari
360 4816 455 4897 possit
470 4819 536 4883 sine¹
552 4821 683 4897 periculo
698 4824 799 4899 gravis
809 4821 1034 4885 damnificatio
1069 4828 1152 4890 bona
1177 4821 1237 4884 fide
1268 4820 1401 4886 officium
1422 4827 1571 4899 publicum
1592 4828 1825 4891 exercentibus.

269 4899 317 4960 nis
340 4901 490 4975 proptiae.
523 4899 659 4964 Etordo*
672 4898 830 4963 charitatis
850 4920 924 4978 erga·
934 4902 1037 4964 Deum
1071 4906 1136 4966 lmo
1161 4923 1217 4981 ego
1243 4901 1374 4964 dicerem
1397 4905 1638 4968 contradictum
1658 4908 1833 4983 Molinam‚.

271 4978 321 5038 ita
349 4975 524 5053 expostulat
544 5024 566 5061 r.
589 4983 717 5056 quando
749 4978 884 5056 perliinae
920 4981 1034 5043 invalae
1069 4983 1148 5060 quod
1176 4983 1303 5056 quando
1323 4989 1387 5046 eius
1415 4987 1592 5048 innocentia
1620 4984 1827 5048 nondiffitili·

269 5050 467 5138 conservatio
480 5105 495 5131 ,.
512 5057 566 5123 vel.
580 5058 780 5124 incolumitas
790 5056 880 5122 affert
896 5058 1038 5125 notabile
1068 5080 1122 5126 ter-¹
1146 5061 1268 5138 probari
1294 5079 1418 5200 queatz,
1447 5083 1483 5124 ac
1513 5065 1643 5137 proinde·
1656 5084 1753 5142 grave·
1774 5065 1834 5128 da··

1445 5164 1470 5218 41
1677 5158 1799 5218 mnum,⁸
