4425 6000
468 490 651 573 'Tnncm
680 517 738 570 nn
764 495 1024 572 Priuernate
1055 488 1291 574 Duesuocr
1349 492 1451 572 Car.
1477 493 1545 578 lv.
1693 585 1696 591 ff

228 617 264 668 ut
287 598 389 668 durius
410 594 537 664 subeant
556 595 677 675 cubile,
696 616 787 673 quam
807 612 843 661 ut
865 617 883 661 a
904 615 993 662 tene·
1028 608 1097 686 curis
1110 593 1209 660 acrius
1226 614 1353 686 coercere
1375 593 1534 681 misisti,
1552 598 1663 666 'verbis
1694 618 1813 676 tanim

226 686 269 747 ris
288 679 408 761 ungulis
441 676 557 743 discant
588 696 656 755 quae
686 680 825 755 ignorare
847 675 990 755 licitum,
1027 672 1141 743 usibus
1165 687 1302 741 monuit.
1329 674 1453 755 Semper
1481 696 1590 746 tameo
1617 688 1807 756 attendenda

226 757 301 827 seire
325 756 411 825 nesas
427 760 490 823 eli.
512 757 561 822 Ob
577 755 714 821 eamdem
739 762 892 823 rationem
913 778 993 823 nun·
1026 754 1069 820 esi
1110 760 1231 822 ravitas
1256 752 1417 836 desetlus,
1448 756 1483 824 ἀ
1507 759 1653 826 aliorum
1671 760 1804 832 fratrum

226 861 320 918 quarn
350 839 526 923 patietidum
547 856 581 902 ut
604 824 701 901 stater
719 859 789 902 tum
816 827 919 901 sorore
944 853 992 903 re·
1028 835 1062 902 ἀ
1088 778 1225 901 sororum
1256 834 1423 902 eruditio.
1456 836 1497 903 Et
1525 841 1562 904 ad
1595 840 1805 913 huiuscemodi

228 919 375 1000 cumbet,
393 934 463 985 cum
482 938 521 983 ex
536 916 593 982 hoe
613 916 712 981 multa
753 920 993 997 graviaquema·
1028 917 1203 998 punitiones
1236 931 1386 981 tenentur
1412 935 1559 995 parentes
1604 917 1657 986 sub
1689 929 1804 1007 gravi,

231 1000 261 1063 la
291 1003 531 1080 germinentur.
556 995 673 1063 Idcirco
702 963 752 1061 ubi
783 996 898 1068 itocob
925 1000 993 1061 ino·
1026 991 1149 1076 qitando
1165 997 1225 1061 alia
1242 999 1295 1061 via
1319 994 1457 1065 obtineri
1482 1016 1625 1077 nequeat
1652 1002 1742 1078 plena
1766 1004 1804 1069 fi·

229 1084 311 1157 piam
331 1078 395 1142 lieri
415 1080 595 1157 contingat,
609 1093 699 1141 curet
716 1078 866 1155 prudens,
885 1074 994 1142 iiber'a·
1029 1079 1143 1141 liorum
1160 1075 1360 1154 emendatio,
1381 1076 1434 1142 vel
1454 1082 1590 1156 gravitas
1615 1085 1752 1149 criminis
1774 1082 1804 1150 id

229 1156 326 1237 lisque
357 1151 461 1224 Pallor
482 1154 533 1221 scu
562 1152 767 1221 messianus
795 1158 851 1221 hoe
879 1158 994 1221 malum
1026 1151 1667 1236 exigat.Necpraetermittereitocdebent
1681 1209 1692 1242 ,
1707 1182 1804 1240 quan·

228 1246 397 1315 avertere,
418 1237 517 1301 dando
540 1235 732 1316 genitoribus
749 1238 829 1301 unde
853 1236 994 1301 letiuium
1027 1239 1068 1301 do
1088 1238 1184 1300 etiam
1208 1232 1377 1315 agnoscunt
1397 1235 1429 1301 se
1458 1238 1540 1303 vitia
1565 1236 1644 1304 filios
1678 1241 1806 1310 edocere

227 1318 431 1398 provideant.
454 1308 567 1381 Verum
594 1314 665 1380 satis
692 1332 761 1380 non·
779 1314 918 1392 estquod
941 1333 994 1394 pa·
1028 1315 1088 1381 suis
1105 1317 1209 1394 pravis
1224 1317 1394 1395 exemplis,
1409 1313 1443 1380 dt
1465 1317 1624 1405 dumillos
1645 1323 1806 1402 puniunt,

228 1418 332 1465 rentes
348 1397 439 1462 modo
454 1393 508 1461 suo
525 1395 634 1477 agendi
659 1412 782 1460 morum
803 1396 995 1475 corruptelas
1029 1395 1141 1460 debent
1158 1393 1317 1474 protestari
1335 1396 1415 1460 noie
1433 1393 1511 1460 filios
1535 1398 1601 1462 iuos
1621 1419 1805 1469 eorumeor-
1921 1426 1925 1434 ·

228 1471 360 1543 infilius
376 1476 444 1540 suos
465 1496 525 1541 non
547 1473 714 1555 inducant,
734 1477 854 1552 quando
870 1485 995 1540 nuntii·
1031 1473 1165 1552 ruptelas
1185 1472 1283 1551 sequi.
1307 1474 1381 1537 Non
1402 1479 1485 1539 enim
1502 1474 1689 1555 dispensatur
1715 1483 1801 1547 Prin·

227 1549 362 1623 ssodiant
381 1577 432 1621 eos
451 1578 468 1620 a
487 1552 657 1634 scandalis,
678 1577 748 1633 quae
770 1547 937 1621 forinsecus
957 1565 995 1620 eir
1029 1568 1098 1632 ceps
1119 1555 1252 1631 eoquod
1273 1553 1450 1631 depravatis
1468 1553 1505 1620 sit
1526 1557 1660 1623 moribus
1681 1581 1699 1626 a
1719 1563 1798 1627 mul·

252 1640 334 1703 ravis
362 1638 496 1701 aliorum
524 1632 795 1700 consuetudinibus
825 1632 892 1713 ipsis
921 1650 995 1713 pro·
1029 1632 1145 1700 itandis
1165 1629 1426 1713 malesadlosibu53
1449 1632 1489 1698 sic
1506 1655 1563 1700 nec
1581 1642 1737 1718 genitores
1757 1642 1815 1708 ob·

228 1659 358 1794 busur,
382 1711 453 1779 irinc
474 1735 535 1780 non
557 1711 655 1779 solum
674 1719 718 1779 eis
738 1714 924 1779 interdicere
943 1715 996 1778 de·
1030 1713 1082 1780 sua
1103 1714 1241 1778 seandala
1259 1734 1277 1778 a
1293 1711 1363 1777 liliis
1388 1734 1424 1778 ac
1449 1713 1570 1781 filiabus
1590 1716 1710 1784 discolis
1740 1743 1795 1797 pu·

230 1786 306 1861 bunt
323 1794 477 1860 consortia
497 1815 566 1859 cum
585 1813 692 1874 patum
708 1797 865 1873 morigeris
877 1794 997 1859 sodali·
1030 1794 1148 1857 niendis
1169 1796 1369 1872 eximuntur3
1390 1808 1482 1860 tanta
1497 1795 1534 1860 de
1554 1796 1611 1863 hoc
1631 1800 1733 1864 officio
1752 1799 1795 1865 eli

227 1874 302 1953 bus,
324 1873 371 1938 sed
395 1878 546 1952 praecipue
563 1873 731 1953 prospicere
747 1875 858 1939 debent
875 1874 995 1952 quando
1027 1890 1136 1937 eorum
1161 1869 1341 1954 obligatio.
1362 1872 1501 1939 Audierit
1521 1879 1644 1956 igitur,
1671 1878 1705 1945 dt
1724 1878 1797 1946 hor·
1820 1881 1826 1891 '

226 1971 358 2030 turam,
389 1952 671 2031 inslrutlionemque
705 1951 826 2018 suorum
859 1953 994 2018 filiorum
1029 1970 1117 2018 reant
1138 1953 1197 2031 (in
1217 1951 1551 2031 uithicCuniliatus)
1573 1959 1622 2032 qui
1651 1978 1706 2023 nec
1727 1979 1797 2024 ver-

227 2036 324 2102 aiicui
345 2036 545 2100 committunt
564 2082 573 2111 ,
599 2053 673 2099 num
697 2036 865 2112 pedagogus
891 2037 940 2098 vir
956 2032 994 2097 stt
1028 2032 1074 2097 bis
1089 2051 1146 2097 nec
1166 1974 1248 2095 sadis
1264 2030 1343 2097 filios
1358 2036 1547 2113 corripiunt,
1561 2039 1613 2112 qui
1630 2042 1793 2104 eorumvi-

226 2120 280 2193 qni
298 2112 391 2189 sciat,
410 2109 444 2178 dr
463 2127 498 2189 ut
526 2112 669 2208 paceii,
698 2113 845 2178 assuescat
866 2125 993 2179 munere
1029 2117 1074 2178 tia
1090 2109 1278 2177 disimulant
1295 2132 1334 2176 ne
1358 2113 1424 2178 ilios
1444 2115 1656 2193 contristent,
1681 2122 1731 2193 qui
1748 2137 1797 2185 et·

196 2194 283 2268 ,ino
302 2190 386 2271 fungi
398 2240 406 2271 ‚
420 2190 464 2280 dt
477 2193 533 2256 tali
552 2191 699 2270 praeditus
718 2183 756 2257 sit
775 2194 880 2271 agendi
898 2194 993 2262 lione·
1028 2197 1090 2258 iarn
1110 2191 1274 2271 aliquando
1289 2208 1398 2280 eorum
1415 2194 1537 2273 indigna
1552 2193 1634 2275 gesta
1650 2213 1796 2275 tanquam

222 2275 332 2350 iiate,
352 2291 391 2336 ut
412 2272 524 2351 sperari
541 2270 629 2349 potiit
648 2272 728 2349 quod
753 2294 814 2337 non
841 2278 994 2341 contami·
1028 2269 1152 2339 effetius
1171 2271 1336 2337 vividiotis
1367 2274 1489 2350 lpiritus
1505 2274 1666 2340 excusant.

228 2372 344 2430 nentur
354 2356 420 2418 eius
438 2350 574 2418 moribus
580 2400 591 2433 ,
606 2353 657 2417 cui
673 2351 852 2419 instituendi
868 2376 993 2423 concre-
1066 2352 1147 2419 Colli
1166 2372 1198 2418 es
1213 2371 1254 2417 ex
1276 2351 1358 2418 distis
1377 2356 1517 2431 graviter
1540 2374 1667 2434 peccare
1686 2376 1797 2440 paren·

233 2435 290 2498 diti
310 2430 401 2497 sunt.
696 2489 705 2506 ‚
1029 2453 1105 2512 tes,
1133 2373 1278 2497 ssetuio
1300 2454 1362 2499 non
1383 2434 1523 2499 liudeant
1555 2456 1592 2499 ut
1618 2433 1703 2501 liberi
1725 2435 1800 2503 fidel

177 2553 214 2597 te·
271 2516 417 2579 Parentes
440 2515 569 2610 tandem·
593 2527 633 2609 ut·
657 2510 746 2579 suum
774 2514 910 2583 officium
938 2522 993 2582 im·
1028 2516 1236 2593 rudimentis,
1264 2511 1389 2609 aliisque
1413 2514 1451 2609 ad
1472 2512 1674 2611 OEiristianam
1697 2520 1797 2587 vitam

177 2591 993 2757 istituitlilitiitfiltitttittttli²ii
1028 2594 1388 2741 immisisti
1396 2592 1799 2751 ,itit²1¹‘t‘n¹t¹‘ititt

177 2749 209 2786 ¹⁶⁰
233 2763 266 2842 ut
281 2752 456 2819 eorumdem
475 2750 607 2819 filiorum
630 2752 817 2821 inslmdiioni
842 2757 876 2824 ἀ
895 2764 994 2825 moni·
1027 2745 1142 2831 deant,
1161 2752 1303 2820 mandata
1318 2754 1377 2818 Dei
1392 2754 1427 2820 dt
1442 2752 1583 2818 Ecclesiae
1600 2752 1751 2838 servent,
1773 2754 1794 2818 st

230 2840 494 2921 tis‘opportunani
511 2838 739 2911 eorreptionem
760 2841 910 2918 iungant,
934 2854 993 2917 qua
1029 2843 1127 2913 perso
1146 2830 1297 2911 consilio,
1321 2832 1354 2904 dt
1375 2830 1515 2912 exeriiplo
1541 2832 1579 2897 ad
1599 2850 1727 2911 peccata
1747 2840 1794 2901 in«
1825 2902 1831 2915 ,

209 2917 375 2995 *satagant
397 2923 432 2978 ut
453 2926 557 2979 eorum
579 2917 657 2979 vitia
674 2917 896 2996 emendentur,
914 2919 993 2985 &ad
1028 2916 1161 2991 ducant,
1181 2909 1256 2975 side
1277 2923 1384 2977 eorum
1402 2911 1514 2991 fadilr,
1535 2930 1655 2979 necnon
1671 2916 1795 2982 deedu·

231 3008 324 3074 opera
346 2999 526 3072 virtutum,
547 2991 619 3058 ideli
645 2999 676 3058 in
699 2999 782 3060 viam
812 2998 992 3065 Chrlliianae
1027 2999 1171 3073 catione,
1189 3012 1277 3072 quarn
1298 2995 1450 3072 recipiunt
1470 3013 1487 3058 a
1508 2992 1670 3076 pedagogis
1690 3045 1699 3075 ,
1719 3017 1795 3074 quo·

231 3075 392 3154 disciplinae
418 3075 623 3153 perducantur
644 3097 652 3149 ς
672 3089 741 3154 quie
767 3092 871 3142 rameri
895 3087 994 3145 corte·
1028 3092 1095 3139 tum
1114 3072 1275 3150 dil'eiplinae
1296 3084 1349 3137 cot
1369 3074 1588 3154 tradiderunt,
1618 3095 1681 3142 non
1697 3082 1795 3157 inqui·

229 3159 297 3234 prio·
310 3151 578 3222 commensuranda
606 3155 648 3218 est
663 3216 665 3221 ,
679 3158 857 3243 eorumdem
885 3163 993 3240 aetati,
1030 3171 1132 3234 raris,
1163 3156 1406 3233 permittantque·
1433 3174 1485 3219 eos
1516 3152 1636 3220 liberius
1656 3160 1795 3238 vivete,

228 3236 323 3298 indoli
341 3230 375 3301 ἀ
390 3231 532 3300 desetlui.
556 3235 672 3300 idcirc'o
693 3245 776 3304 intra
805 3239 918 3304 limites
940 3241 992 3305 iia·
1028 3235 1149 3310 ludo&
1164 3235 1369 3299 immoderatis
1388 3234 1795 3304 obietiationibustlsuesct·

228 3323 293 3380 iiim
319 3312 616 3382 circumstantiarum
639 3321 799 3382 continere
823 3319 854 3384 se
879 3319 992 3387 debent
1026 3329 1077 3393 re',
1097 3314 1259 3392 iisdemque
1279 3314 1315 3379 ad
1337 3313 1394 3383 boc
1414 3316 1571 3393 pecuniam
1591 3313 1795 3405 suppeditent,

227 3399 372 3476 parentes
386 3399 418 3460 in
435 3394 505 3460 iliiis
521 3397 734 3475 corripiendis,
751 3402 794 3463 ita
816 3409 851 3464 ut
867 3410 924 3466 nec
940 3413 993 3478 per
1026 3393 1048 3459 si
1072 3400 1232 3474 patiantur
1263 3414 1316 3460 eos
1343 3396 1475 3464 otiosam
1498 3400 1599 3461 vitam
1627 3416 1742 3479 agere,
1770 3403 1790 3460 ii

227 3479 352 3540 iiimiam
388 3473 588 3543 severitatem
623 3479 659 3557 in,
685 3471 991 3560 pusillanimitatem,
1027 3477 1320 3555 deiinquentesnon
1341 3477 1584 3556 reprehendant„
1602 3497 1638 3542 ac
1658 3474 1795 3544 t'nodera*

228 3558 282 3621 a'ut
304 3561 336 3618 iii
355 3554 595 3634 desperationem
623 3555 831 3638 inducantur,
858 3578 915 3624 nec
937 3567 991 3640 pet
1028 3559 1066 3620 tls
1083 3553 1294 3632 punitionibus
1314 3576 1376 3620 non
1395 3568 1582 3634 coerceant,
1611 3556 1672 3622 dte.
1690 3577 1716 3622 1.
1735 3557 1793 3620 Ti·

225 3638 351 3700 bimiam
377 3633 582 3699 iemiffionem
608 3638 709 3709 sotius
725 3640 861 3701 morbum
884 3635 991 3719 fovea·
1027 3637 1122 3698 moth.
1146 3648 1173 3713 5.
1195 3630 1311 3713 siquis
1325 3632 1449 3716 suorum
1461 3683 1471 3714 ,
1490 3634 1532 3715 (5
1546 3635 1679 3702 maxime
1693 3638 1793 3703 dome.

226 3704 279 3779 lut
298 3723 390 3791 quim
406 3734 548 3779 curetur.
568 3712 658 3788 Quod
679 3711 699 3774 si
723 3717 814 3780 verba
836 3719 992 3816 reprehen-
1019 3705 1159 3792 ssscorum
1188 3731 1289 3777 turm
1319 3737 1377 3778 non
1405 3712 1490 3806 babet
1509 3761 1526 3804 ,⁸
1542 3715 1641 3806 fidem·
1667 3721 1791 3796 negavit

226 3788 365 3872 ionum,
386 3795 678 3871 obiurgationumve
696 3793 769 3858 nihii
802 3797 993 3876 proficiant,
1028 3790 1131 3872 (fauo
1151 3793 1282 3874 nempe)
1300 3789 1340 3860 θ
1359 3796 1398 3877 esi
1416 3795 1524 3874 infideli
1545 3797 1701 3874 deterior,
1721 3801 1792 3875 quia

222 3873 303 3939 iunc
325 3882 413 3951 prout
428 3870 684 3950 tiretrmiia‘ntiai,
705 3879 859 3953 praecipue
888 3880 992 3942 aetatis
1028 3887 1117 3950 patet
1139 3880 1239 3951 ¹eaput
1268 3871 1339 3950 eli,
1368 3894 1404 3938 ac
1428 3870 1554 3958 diretior
1573 3869 1727 3957 familiae,
1759 3877 1794 3944 dt

225 3951 363 4018 filiorum
382 3955 586 4032 permittent,
607 3956 859 4032 progrediendum
879 3957 916 4022 ad
938 3971 991 4035 pu·
1028 3954 1064 4017 ad
1098 3947 1195 4032 ipsum
1230 3973 1307 4017 cura
1343 3953 1531 4019 educationis
1562 3958 1695 4023 martiane
1728 3954 1794 4035 spe·¹

227 4035 379 4107 nitionem
404 4031 625 4109 moderatam,
654 4030 705 4098 vel
735 4037 920 4121 verberum,
940 4039 991 4102 vel
1026 4033 1117 4113 aar,
1146 4031 1221 4098 litet
1247 4041 1347 4099 mater
1372 4051 1490 4112 quoque
1512 4033 1550 4100 ad
1569 4047 1639 4103 eim
1653 4041 1793 4118 graviter*

223 4106 431 4185 subtrahendo
446 4118 491 4178 eis
509 4113 619 4187 alinuid
635 4121 674 4178 eit
694 4117 841 4196 prandio,
863 4118 914 4184 iel
930 4130 992 4183 cot·
1027 4127 1189 4180 teneatur.
1834 4188 1836 4192 .

224 4218 285 4284 na,
308 4192 360 4264 iel
379 4206 430 4274 per
451 4197 513 4260 dies
534 4193 649 4271 aliduot
672 4197 708 4257 in'
729 4196 873 4262 'cubiculo
893 4201 990 4262 reclu·
1066 4192 1214 4260 Parentes
1230 4206 1376 4288 tenentur
1398 4185 1567 4285 relinquete
1590 4188 1664 4261 lillis
1680 4193 1738 4264 suis
1755 4199 1793 4262 iis
1823 4222 1914 4275 sum,

222 4290 342 4366 dendo,
361 4278 411 4344 'vel
431 4277 492 4341 alia
509 4273 712 4340 huiuscemodi
736 4278 825 4354 puelia
847 4289 899 4344 tos
914 4279 990 4342 niul·
1025 4272 1129 4338 betam
1158 4274 1255 4340 slatus
1282 4275 1482 4356 eletiiooem,
1510 4275 1544 4342 dt
1566 4280 1704 4358 graviter
1723 4295 1793 4357 ρει*
1808 4285 1899 4340 eicttio

223 4368 358 4436 tiendo.
395 4353 597 4422 Memine'rint
617 4375 758 4432 parentes
779 4356 936 4422 miserandi
958 4377 990 4422 e·
1030 4359 1102 4417 rant
1114 4401 1132 4433 s
1154 4351 1176 4415 si
1195 4365 1247 4418 eos
1276 4360 1394 4420 invitos
1409 4375 1520 4436 cogant
1541 4360 1579 4422 ad
1603 4361 1825 4423 matrimonii*
1874 4366 1890 4403 ⁸
1957 4358 1965 4381 ⁶

225 4472 297 4515 irem
317 4450 338 4512 li
363 4437 535 4510 Sacerdotis
559 4433 653 4512 Heli,
683 4440 733 4512 qni
765 4438 837 4503 litet
864 4441 991 4518 egiegiis
1025 4433 1077 4499 vel
1094 4433 1260 4512 Religionis
1276 4434 1388 4500 ilatum
1405 4431 1663 4516 implestendum,
1683 4437 1733 4502 vel
1754 4442 1793 4506 ab
1813 4414 1911 4531 '3⁸⁸3

227 4470 371 4607 psaeddtus
397 4517 531 4590 moribus
552 4517 689 4580 divinam
714 4514 990 4605 subiitvmdisiam
1026 4508 1327 4608 iisdemuretraliant.
1352 4515 1424 4580 Filii
1443 4521 1527 4582 enim
1546 4521 1592 4581 ius
1613 4510 1792 4588 babentsta⁵
1806 4491 1888 4595 diff.

207 4613 261 4682 ὼ
282 4613 472 4693 ,mitatem
498 4594 618 4662 suorum
645 4596 810 4674 liliorum,
837 4619 898 4662 non
921 4601 990 4676 quia
1014 4613 1092 4659 tum
1115 4611 1189 4670 vitae
1209 4595 1299 4660 iibere
1316 4595 1366 4660 sibi
1388 4597 1518 4677 eligendi
1542 4591 1603 4677 ,dt
1624 4615 1731 4667 eorum
1746 4599 1795 4669 sa-

219 4717 276 4763 go,
297 4720 359 4768 „00
378 4681 579 4775 constiterit,
599 4698 669 4743 curn
691 4668 758 4743 illos
779 4682 934 4744 monuerit
954 4671 999 4743 de
1025 4674 1071 4739 lus
1092 4679 1225 4737 maxime
1245 4677 1358 4756 pendet
1379 4675 1417 4741 ab
1433 4677 1582 4754 eletiione
1603 4678 1735 4760 slatus,
1754 4683 1793 4747 ad

223 4775 370 4847 sumn,
427 4731 497 4860 qd}
519 4761 634 4842 &bant
663 4749 808 4844 sacrificii
831 4745 989 4824 offerenti·
1024 4770 1148 4850 quemue
1164 4755 1230 4818 Deo
1247 4774 1405 4849 uocantur
1421 4778 1456 4821 ac
1475 4757 1687 4839 defignantur.
1709 4761 1793 4827 Hinc

220 4857 276 4926 bu,
313 4832 402 4928 mn}
423 4867 506 4927 enim
526 4836 801 4926 sacerdotestsed
821 4843 892 4917 quia
913 4839 989 4917 ipsus·
1023 4834 1194 4928 Concilium
1211 4829 1354 4901 Trident.
1377 4836 1442 4901 sess.
1460 4856 1509 4917 25.
1527 4837 1651 4919 capii.
1669 4861 1792 4911 extoru-

220 4905 293 5004 ,ω’
313 4939 466 5024 pompm,
490 4963 526 5008 e,
556 4935 726 5005 severitate
756 4941 816 4999 qua
838 4919 987 5008 debebatr·
1023 4925 1161 4981 municat
1181 4935 1262 4994 eos,
1290 4921 1347 4994 qui,
1362 4913 1515 4983 faeminam
1536 4934 1650 5000 cogunt
1677 4921 1716 4987 ad
1731 4923 1792 4986 Rc·

219 5020 291 5086 didi
307 5025 327 5098 .(
346 5028 393 5089 ait
423 5026 461 5087 D.
479 5009 709 5111 Cbrysoslomus
734 5009 817 5074 bom·
845 5015 874 5080 9·
894 5002 926 5063 in
957 5010 1002 5063 Μ
1021 4997 1184 5076 ligionem,
1202 4998 1251 5062 vel
1275 4993 1487 5076 professionem
1503 4999 1690 5080 Religiosam
1712 5021 1789 5077 ,aut

219 5098 396 5186 “Imm
418 5112 535 5189 mm,
548 5101 628 5191 filio,
644 5086 769 5193 wmrim
799 5084 864 5162 iilos
886 5068 1002 5212 suippe
1021 5073 1085 5144 sine
1106 5070 1190 5157 ,iulia
1216 5077 1320 5144 caussa
1346 5079 1514 5158 impediunt
1542 5085 1607 5153 eius
1627 5080 1822 5228 ingressam.
