4425 6000
348 651 720 735 estregiila.nd.21'udicio
737 654 862 728 uxoris,
877 648 1131 728 sediudiciopru·
1169 647 1251 712 tibus
1275 650 1444 714 limitarunt
1460 693 1468 708 .
1497 648 1532 712 ln
1552 650 1619 716 casu
1636 671 1712 716 vero
1732 703 1739 725 ,
1803 677 1823 720 o
1841 659 1935 722 mari·

347 734 498 801 dentum‚·
527 752 606 796 tiam
624 735 658 795 in
678 733 735 798 lioc
756 751 866 809 genere
895 728 1041 795 iudicium
1065 751 1129 792 mu·
1168 747 1216 793 tus
1240 727 1319 792 bona
1350 731 1523 808 commuia,
1544 732 1595 793 vel
1625 732 1740 797 dotalia
1783 735 1931 817 udendo,

345 813 456 878 litium
472 828 506 876 ut
533 813 704 889 plurimum
717 827 897 888 corruptum
913 805 971 872 esi.
981 807 1073 892 ,Item
1092 809 1129 892 li·
1163 810 1384 884 computando,
1405 806 1512 873 aliisve
1532 810 1649 875 illicitis
1670 813 1807 887 expensis
1838 837 1932 883 nota·

346 896 410 957 cite
429 892 547 966 accipin
559 912 599 957 nt
619 913 656 957 ea
675 913 745 970 quae
761 890 928 955 necessaria
943 889 1012 953 sunt
1027 891 1062 951 ad
1074 888 1128 950 lio·
1162 887 1266 953 biliter
1285 888 1449 966 dilapidet,
1470 888 1588 953 licitum
1614 890 1658 954 esi
1684 895 1772 957 uxori
1803 913 1932 964 tantuna

346 968 463 1036 neliam
489 969 760 1037 sustentationem
790 973 835 1035 rei
854 964 1047 1045 domesticae,
1070 967 1125 1050 ,vel
1161 966 1307 1032 bonorum
1329 968 1410 1033 clam
1444 967 1592 1045 surripere
1613 990 1766 1048 quantum
1795 972 1931 1043 sufficiat

345 1054 530 1118 aeconomiae
564 1048 618 1115 sibi
640 1049 846 1116 concreditae.
869 1049 953 1122 Nam
975 1052 1024 1113 cui
1041 1059 1125 1111 eom·
1161 1048 1197 1109 ad
1226 1047 1330 1109 dotem
1359 1044 1465 1122 suain,
1498 1066 1552 1113 aut
1577 1057 1751 1127 portionem
1778 1054 1930 1122 bonorum

346 1134 486 1196 mittitur
517 1131 586 1194 finis
614 1150 658 1195 eo
680 1128 745 1207 ipso
765 1129 865 1201 media
888 1130 1125 1205 quoqnetacite
1159 1131 1367 1190 communium
1383 1126 1434 1192 suo
1463 1127 1558 1193 labori
1581 1128 1871 1209 correspondentem
1896 1141 1928 1201 ln

345 1215 607 1276 committuntur.
627 1206 1019 1282 ldcircosrniatitusiiiuno
1030 1207 1078 1271 vel
1091 1210 1123 1269 in
1160 1224 1232 1271 tuto
1251 1206 1487 1285 collocandam,
1506 1208 1669 1276 dummodo
1688 1228 1795 1277 tamen
1821 1234 1862 1278 eit
1878 1233 1928 1280 ta·

345 1277 635 1355 altero'nuiusmodi
654 1286 708 1355 usu
718 1288 869 1354 bonorum
878 1285 972 1352 suerit
985 1289 1122 1363 invitus,
1159 1286 1178 1348 li
1199 1286 1320 1380 occulta
1336 1286 1524 1364 surreptione
1542 1308 1604 1364 non
1624 1293 1759 1367 patiatur
1780 1294 1925 1361 damnum

346 1390 409 1434 non
437 1373 498 1433 erit
530 1372 656 1434 invitus
675 1368 902 1434 rationabiliter
917 1387 975 1443 qua
993 1367 1122 1443 prudens
1156 1383 1348 1444 oeconomia,
1367 1383 1564 1445 mercatura,
1579 1370 1631 1433 vel
1648 1374 1826 1455 negotium,
1845 1373 1924 1441 &ea

345 1451 493 1527 maritus,
509 1449 559 1513 vel
575 1446 593 1510 s
593 1450 681 1514 olum
698 1446 843 1514 censetur
857 1446 1122 1523 vellepraecavere
1156 1444 1234 1508 bona
1249 1445 1330 1508 clani
1346 1465 1470 1524 accepta
1492 1465 1547 1511 aut
1569 1447 1788 1533 reserventur,
1807 1471 1924 1519 autex-

345 1528 686 1605 periculumeatceslus.
705 1530 786 1591 ltem
808 1529 894 1592 licite
907 1528 1060 1603 accipiunt
1080 1545 1119 1590 ea
1157 1522 1331 1602 pendantur
1349 1528 1380 1588 in
1402 1528 1594 1591 commodum
1613 1532 1657 1593 rei
1678 1526 1860 1608 familiaris,-
1878 1537 1921 1599 ita

343 1608 432 1674 bonis
440 1606 656 1674 communibus
666 1606 950 1685 parsimonialibus,
968 1606 1120 1670 autindu·
1156 1621 1191 1667 ut
1207 1602 1324 1680 semper
1341 1622 1454 1669 extent
1470 1607 1714 1691 aequivalenter,
1737 1613 1788 1674 vel
1806 1616 1922 1678 virtua-

342 1685 521 1764 sirialibus,
551 1708 621 1764 quae
643 1686 717 1755 satit
738 1685 866 1753 suntad
888 1682 1120 1750 subventionem
1155 1683 1226 1746 liter
1243 1683 1279 1746 ad
1299 1703 1477 1771 communes
1498 1687 1582 1749 usus.
1604 1688 1646 1752 Et
1666 1692 1748 1752 ratio
1767 1692 1921 1771 ell,·quia

342 1769 638 1847 gravisindigentioe
649 1770 782 1845 matris,
807 1767 923 1844 patris,
940 1784 1059 1828 necnon
1072 1765 1119 1828 lo·
1155 1766 1187 1824 iii
1205 1762 1362 1828 contraslu
1383 1767 1565 1843 societatis,
1589 1767 1755 1832 cuiusmodi
1775 1771 1820 1835 ell
1841 1777 1921 1836 inter

344 1850 441 1923 roris,
456 1846 489 1912 dt
503 1841 610 1910 statiis
624 1843 931 1921 ,dummodosumma
944 1842 1118 1908 illanonsit
1153 1844 1297 1906 maritum
1316 1842 1350 1906 dt
1380 1847 1556 1925 coniugem,
1580 1844 1601 1908 si
1630 1868 1709 1911 rinus
1728 1851 1920 1916 contritum

343 1945 474 2004 magna,
489 1946 525 1989 ac
543 1922 709 2001 respesiive
727 1925 766 1991 ad
786 1943 906 1991 annuos
916 1915 1051 2006 redditus
1062 1944 1116 1987 no·
1156 1921 1273 1997 violet,
1293 1922 1382 1985 alteri
1402 1924 1467 1987 iure
1482 1926 1615 1988 naturali
1639 1930 1684 1991 ius
1706 1935 1856 2010 toinpetit
1882 1928 1919 1994 ad

344 2003 465 2068 rabilis.
490 2002 648 2069 Notabilis
666 2017 775 2072 'autem
795 2024 833 2069 ea
859 2001 973 2083 sumina
989 2003 1050 2065 elie
1067 2007 1115 2067 vi·
1152 1997 1194 2087 sui
1218 2001 1476 2066 indemnitatem.
1497 2005 1632 2068 Licitum
1665 2007 1708 2071 eii
1739 2011 1862 2088 triadem
1882 2032 1918 2072 ii·

342 2080 460 2162 detnt,
487 2081 509 2146 si
531 2084 658 2150 tertiam
686 2100 808 2163 partem
836 2086 935 2149 uxorii
966 2080 1116 2158 aquaellus
1152 2082 1217 2144 riori
1238 2080 1354 2165 donare
1374 2081 1442 2145 aliis
1462 2103 1520 2158 ea,
1539 2106 1606 2160 quae
1634 2074 1687 2149 sibi
1707 2088 1823 2154 donata
1845 2089 1917 2154 s'unt

342 2164 439 2228 annui
455 2160 590 2228 deduslis
610 2162 749 2243 expensis
771 2163 881 2229 refidni
898 2160 1038 2241 superet.
1061 2162 1115 2225 Di·
1155 2179 1173 2222 a
1190 2158 1420 2239 consanguineis
1441 2168 1543 2227 mariti
1562 2168 1681 2229 intuitu
1693 2173 1817 2243 mariti,
1832 2169 1917 2233 duin-

341 2244 428 2306 xiex
452 2241 533 2307 lonis
564 2242 790 2308 communibus:
823 2262 895 2306 nam
923 2241 1004 2319 quod
1034 2261 1114 2307 uxor
1149 2238 1240 2303 modo
1263 2257 1367 2303 tamen
1386 2246 1484 2306 tacite
1503 2263 1566 2307 nou
1583 2250 1788 2311 convenerint
1809 2270 1846 2314 ea
1864 2269 1915 2324 pro

400 555 474 652 380
624 551 793 630 Tutior.
822 575 878 644 oe
906 553 1163 628 vincieris
1194 546 1425 623 Daoiioot
1452 549 1554 624 Cirr.
1583 549 1666 626 Vll.
1753 603 1801 797 3

231 2357 236 2366 =
340 2318 430 2397 posfit
453 2320 614 2388 subvenire
634 2324 813 2401 parentibus
833 2343 873 2386 ex
894 2321 982 2387 bonis
1008 2324 1112 2387 mariti
1149 2315 1229 2382 bono
1249 2340 1369 2397 quoque
1392 2324 1497 2386 mariti
1527 2325 1746 2401 impendendi.
1765 2328 1916 2396 Huiusce·

339 2420 403 2464 non
435 2402 560 2467 videtur-
586 2403 738 2479 quomodo
772 2402 831 2467 lioc
870 2404 969 2467 locum
1003 2400 1113 2466 babere
1148 2398 1229 2461 modi
1256 2417 1358 2464 tamen
1387 2400 1569 2469 donationes
1595 2407 1632 2468 ad
1654 2425 1821 2471 extraneos
1846 2431 1915 2474 ton·

339 2478 454 2559 possit,
484 2481 557 2545 dum
576 2486 679 2549 mariti
709 2481 740 2545 se
768 2481 904 2559 obligant
932 2481 1052 2559 quidem
1075 2480 1112 2545 ad
1150 2475 1258 2542 sultius
1277 2476 1319 2541 esl
1335 2497 1488 2555 quantum
1508 2483 1575 2545 sieri
1596 2485 1694 2560 potell
1714 2504 1767 2548 eas
1789 2492 1916 2567 vitare,

340 2557 593 2625 lullentationtin
612 2565 736 2639 uxoris,
757 2564 883 2625 minime
897 2581 975 2626 vero
989 2581 1113 2625 earum·
1146 2577 1219 2650 tuin
1239 2578 1293 2634 per
1309 2558 1377 2622 illas
1398 2555 1573 2636 frequenter
1601 2564 1752 2641 charitas,
1775 2564 1811 2639 ἀ
1834 2590 1915 2636 amm

341 2638 409 2701 dem
428 2659 559 2705 uxorum
580 2660 743 2707 parentum
763 2688 771 2714 ‚
792 2640 905 2706 idcirco
924 2660 1036 2705 nitores
1064 2644 1113 2703 ius
1152 2656 1230 2712 pacis
1252 2637 1419 2703 sadatur:
1660 2675 1683 2692 --

338 2735 402 2780 non
428 2717 539 2784 liabent
571 2714 710 2784 sumendi
736 2739 778 2784 eit
806 2718 891 2784 bonis
919 2721 1023 2784 mariti
1046 2769 1055 2798 ,
1076 2738 1111 2783 ut
1187 2714 1344 2781 Uxoribus
1364 2718 1509 2784 illicitum
1527 2722 1572 2787 est
1596 2743 1621 2786 a.
1645 2727 1768 2791 occulte
1790 2726 1866 2796 siirri

337 2793 414 2883 stips
435 2817 576 2876 parentes
600 2796 798 2864 sussentent.
828 2800 902 2863 Dixi
932 2803 1026 2864 etiam
1055 2811 1112 2865 ter·
1148 2814 1180 2858 re
1203 2813 1243 2859 ex
1258 2787 1347 2860 bonis
1372 2797 1528 2865 dotalibus
1551 2802 1659 2880 absque
1685 2807 1834 2874 consensu
1862 2752 1915 2875 dael1

307 2877 412 2939 ‘tiam
428 2891 542 2957 partem
570 2880 670 2946 uxuii'
696 2880 885 2958 acquisistis,
912 2877 976 2944 sive
1000 2879 1110 2944 lucri:
1147 2893 1210 2939 teni
1233 2872 1417 2953 praesumpto
1442 2883 1567 2956 mariti.
1596 2904 1624 2945 a.
1648 2885 1694 2949 Ex
1715 2886 1803 2951 bonis
1832 2893 1927 2954 coni-'

305 2967 311 2980 ·
337 2975 409 3020 nam
433 2959 591 3027 siluctum
612 2961 711 3026 totins
731 2963 805 3026 anni
829 2978 994 3025 commune
1017 2959 1112 3031 dedu·
1145 2954 1286 3020 munibus
1306 2958 1475 3024 notabilem
1496 2979 1613 3039 partem
1634 2961 1802 3047 surripere,
1821 2991 1913 3046 quan·

337 3034 390 3100 tiis
409 3038 561 3122 expensis,
584 3058 659 3121 puta
680 3041 760 3120 apud
781 3059 984 3118 cauponem,
1008 3039 1112 3106 ascen·
1144 3035 1186 3100 do
1212 3033 1348 3112 specialis
1365 3039 1470 3104 causla
1498 3048 1561 3105 n'on
1583 3045 1720 3129 excuset
1772 3093 1780 3109 .
1808 3046 1911 3129 Dispo-

336 3114 391 3182 dat
416 3119 452 3181 ad
470 3117 630 3187 sexcentos
651 3119 812 3198 florenos,
839 3118 997 3185 dimidium
1021 3120 1111 3187 huius
1145 3134 1219 3179 nere
1238 3134 1280 3179 ex
1301 3115 1389 3182 bonis
1410 3122 1514 3185 mariti
1545 3126 1575 3185 in
1597 3124 1702 3188 ludum
1769 3130 1912 3203 pecialein

335 3196 527 3277 acquestus,
548 3198 599 3264 seu
618 3199 694 3264 lucri
717 3196 794 3263 solet
810 3198 934 3274 deberi,
951 3218 988 3264 ae
1009 3219 1110 3264 coire
1145 3196 1395 3277 recreationem,
1429 3199 1481 3264 seu
1512 3200 1748 3287 eleemosyna,
1783 3209 1911 3285 aliasque

336 3271 473 3350 sponderi
495 3278 642 3343 laboribus
667 3281 792 3343 uxoris.
810 3275 913 3357 Igitur
933 3277 954 3341 si
974 3296 1053 3343 uxor
1069 3299 1109 3342 eit
1144 3277 1207 3360 pias
1225 3273 1341 3339 causias
1359 3281 1464 3354 ,iouia
1488 3285 1617 3346 maritus
1644 3303 1706 3348 nori
1732 3284 1801 3362 plus
1826 3288 1911 3354 debet

335 3352 392 3419 boc
412 3352 467 3418 suo
481 3355 568 3422 luero
587 3354 647 3422 suis
666 3355 821 3422 laboribus
838 3372 932 3434 parto
943 3400 954 3435 ,
972 3357 1051 3434 qood
1068 3378 1108 3422 eit
1143 3353 1204 3418 luae
1221 3357 1309 3417 uxori
1335 3376 1428 3432 quam
1456 3358 1610 3424 honestam
1634 3360 1911 3444 sustentationem,

333 3433 491 3500 contrasiu
519 3435 677 3503 societatis
709 3439 741 3498 in
762 3454 957 3501 communem
982 3436 1107 3501 massam
1144 3432 1181 3497 ad
1196 3452 1288 3525 quam
1304 3454 1369 3505 non
1385 3435 1496 3513 spedas
1520 3440 1630 3525 ludus,
1662 3440 1725 3507 sive
1744 3447 1911 3511 extraordi·

334 3514 539 3589 reponendum
560 3516 654 3592 esset,
674 3512 848 3581 notabilem
865 3531 987 3591 partem
1003 3516 1107 3583 detra·
1143 3532 1229 3576 naria
1245 3517 1416 3592 recreatio,
1435 3514 1499 3582 sive
1519 3518 1670 3597 dispositio
1691 3525 1727 3585 ad
1750 3528 1814 3602 pias
1830 3524 1911 3591 caul-

333 3593 893 3673 hit,violatsocietauscoiitnslum,
911 3595 1107 3663 actemalie·
1142 3589 1187 3656 sas
1206 3634 1216 3653 .
1238 3591 1361 3657 Etenim
1381 3595 1500 3674 ludus,
1527 3600 1778 3670 recreationesve
1809 3625 1908 3671 extra·

333 3693 405 3737 nam
420 3666 472 3739 sibi
494 3680 648 3741 vindicat.
669 3678 861 3742 Panautem
877 3670 1106 3742 notabilitsum·
1141 3671 1305 3766 ordinariae
1337 3674 1516 3754 plerumque
1535 3696 1597 3740 non
1619 3676 1765 3761 prosunt,
1781 3684 1834 3748 sed
1860 3687 1909 3760 po·

332 3775 392 3820 mae
411 3774 448 3818 ea
467 3756 608 3827 videtur,
630 3776 698 3831 quae
727 3757 856 3819 tertiam
882 3772 1000 3832 partem
1030 3752 1107 3829 sum·
1142 3767 1202 3815 tius
1221 3749 1330 3816 obsunt
1349 3753 1514 3819 uxoribus.
1534 3757 1746 3830 Quamobrem
1762 3766 1795 3828 in
1814 3764 1905 3842 bisce,

286 3900 291 3908 ,
331 3853 391 3899 mae
411 3836 555 3899 excedat.
578 3836 719 3898 Tandem
743 3833 866 3899 licitum
891 3834 933 3897 esl
960 3836 1106 3900 uxoribus
1142 3829 1249 3895 aliisve
1270 3831 1436 3897 huiusmodi
1459 3834 1605 3914 casibus,
1633 3841 1758 3914 quando
1782 3864 1845 3909 non
1865 3866 1908 3908 ac·

332 3935 372 3978 eit
391 3915 479 3977 bonis
499 3915 710 3978 communibus
737 3916 915 3990 expendere
942 3918 1106 3979 annuatim
1140 3909 1229 3973 cedat
1256 3909 1439 3989 presumpta
1461 3918 1564 3978 mariti
1589 3916 1742 3998 licentia,
1769 3922 1905 3989 incidunt

331 3998 413 4059 cirta
440 3991 619 4072 vigesimam
643 4013 761 4068 partem
792 3996 824 4054 in
854 3993 1034 4057 donationes
1057 4014 1105 4059 ra·
1140 4010 1254 4054 uxores
1270 3995 1304 4050 iii
1319 3996 1434 4056 crimen
1457 3991 1549 4059 sutri.

331 4071 482 4151 tionalts,
501 4075 535 4135 in
562 4069 793 4152 eleemosynas,
813 4090 869 4135 aut
884 4070 1000 4137 caussas
1021 4074 1102 4152 pias.
1180 4068 1509 4162 Maritnslpariternt
1530 4094 1601 4140 reus
1620 4080 1722 4156 gravis
1750 4078 1827 4147 furti
1846 4104 1909 4149 tuni

330 4151 371 4216 Et
392 4155 472 4218 ratio
488 4149 553 4232 ell,
572 4154 643 4231 quia
664 4173 733 4218 cum
762 4171 840 4217 uaot
858 4170 901 4216 eii
921 4154 986 4216 iure
1011 4170 1104 4219 natu·
1140 4167 1236 4213 onere
1259 4147 1487 4242 reslitutionis,
1509 4152 1530 4216 si
1552 4155 1688 4236 disfipet,
1708 4160 1907 4243 &dilapidet

329 4234 386 4297 rali
406 4229 518 4298 habeat
536 4233 668 4312 partiale
686 4232 855 4296 dominium
863 4231 1105 4299 bonorumtom·
1140 4226 1219 4291 bona
1234 4233 1611 4319 uxorit'parapliernalia,
1632 4238 1771 4319 dotalia,
1802 4238 1908 4306 imo&

328 4313 487 4391 munium,
509 4334 545 4378 ac
563 4313 669 4376 eodem
689 4313 755 4385 iure
784 4309 918 4388 spellato
949 4308 1104 4389 disponere
1139 4311 1312 4371 communia
1333 4309 1395 4398 sane
1414 4317 1479 4376 eius
1508 4313 1638 4378 licentia
1662 4322 1735 4396 Ltg.
1763 4326 1829 4385 lire
1853 4324 1906 4400 segc

327 4393 437 4457 valeat
468 4414 521 4470 per
546 4386 767 4457 tellam'entum
787 4438 796 4469 ,
820 4391 872 4458 vel
903 4391 1037 4469 legatum
1065 4394 1103 4457 de
1139 4387 1202 4480 εοιὶτ
1222 4389 1369 4480 &podis
1387 4393 1552 4456 comesus.
1581 4392 1621 4458 Et
1642 4397 1739 4471 quoad
1750 4400 1908 4477 parapher-

327 4489 416 4547 parte
437 4469 488 4535 sibi
505 4470 777 4547 correspondente,
800 4473 929 4534 maritus
946 4472 1103 4535 tituload·
1139 4467 1222 4530 nalia
1242 4477 1304 4531 iam
1331 4491 1384 4543 pet
1404 4471 1434 4534 se
1451 4490 1562 4550 pater,
1588 4495 1658 4538 cum
1672 4481 1856 4543 omninoea
1875 4477 1908 4543 as

327 4550 561 4617 ministrationis
582 4548 889 4615 eidemconereditc
913 4554 1020 4626 neuuit
1042 4551 1103 4614 esse
1138 4566 1265 4611 uxorem
1281 4545 1431 4628 spedlent,
1453 4570 1562 4628 utpote
1579 4573 1651 4629 quae
1672 4552 1760 4632 super
1779 4558 1908 4636 nze-bp-

326 4630 556 4696 rationabiliter
581 4633 733 4705 invitua,
758 4626 878 4693 sinitur
904 4645 1026 4704 parterii
1046 4629 1101 4692 bo·
1138 4646 1179 4690 na
1198 4625 1330 4702 plenam
1358 4627 1467 4695 habeat
1495 4636 1752 4715 proprietatem,
1783 4638 1908 4702 admini-

325 4728 436 4774 noiurn
455 4709 583 4775 illorum
603 4706 776 4787 respeslive
797 4707 916 4784 levem,
934 4707 1102 4775 tadumodi
1137 4705 1340 4783 litationem,
1360 4707 1395 4772 dt
1422 4707 1633 4787 usufrusluni,
1662 4712 1707 4777 ita
1728 4722 1908 4782 utmaiitus

324 4785 370 4853 est
390 4808 458 4866 pars
474 4788 674 4870 vigesima,i
707 4806 729 4852 o
757 4782 872 4862 inscio,
887 4806 943 4850 nec
1045 4807 1101 4851 en·
1136 4782 1201 4849 sine
1219 4787 1285 4849 eius
1309 4787 1456 4875 consensu
1481 4805 1676 4867 nequaquam
1703 4793 1907 4869 huiuscemodi

325 4866 391 4932 sum
412 4868 592 4945 praebente,
613 4887 672 4945 app
684 4868 746 4930 ieet
769 4869 801 4927 in
821 4862 962 4931 honestos
977 4862 1101 4931 ususta·
1136 4863 1224 4929 bonis
1250 4864 1288 4954 se
1305 4866 1464 4931 immisceri
1496 4867 1613 4944 possit.
1653 4870 1778 4946 Quoad·
1792 4876 1906 4941 dotalia

326 4947 509 5014 tionabiles.
530 4948 650 5013 Verum
671 4950 703 5010 in
733 4944 792 5009 lioc
813 4945 1010 5010 attendendae
1028 4940 1100 5009 sunt
1137 4959 1313 5011 veroratio
1329 4949 1444 5030 pariter
1459 4944 1504 5010 est
1518 4949 1665 5033 evidens,
1681 4954 1907 5026 quiauxofdo.

325 5024 406 5106 leges
429 5074 437 5105 ,
462 5023 767 5102 consuetudinesque
795 5023 999 5113 municipales
1018 5026 1101 5089 loeo·
1137 5026 1264 5089 minium
1278 5020 1374 5094 habet
1397 5026 1484 5102 super
1501 5028 1635 5104 capitale
1648 5029 1750 5110 dotis,
1770 5033 1805 5099 ἀ
1822 5033 1904 5099 usus·

243 5189 249 5199 ,
322 5114 411 5193 rum,
432 5127 500 5187 que
514 5110 564 5184 ius
583 5103 737 5175 naturale
751 5106 800 5173 ita
818 5104 882 5195 sate
900 5098 1010 5177 savem
1025 5123 1101 5177 uto-
1137 5099 1248 5173 fimus
1261 5120 1339 5173 ιἰιοιι
1365 5103 1411 5177 tls
1432 5107 1468 5175 iu
1484 5105 1754 5179 musomtiti
1777 5112 1904 5180 ninius

371 5234 411 5247 ··
694 5234 697 5241 -
738 5217 743 5227 ·
1105 5234 1115 5253 -
1511 5231 1523 5244 ·
1795 5211 1870 5261 con-
1919 5210 1923 5217 ·
