4425 6000
536 476 1560 580 'Putempiilururnirniidecennii.
1737 490 1787 585 63

257 605 323 672 ,ιιι
336 582 499 672 Ιρ1ιι1ιιιιιιιι
514 607 568 669 pqr
586 586 624 653 sit
643 589 675 651 in
691 586 816 670 longum
832 588 1039 668 protrahatur,
1112 587 1201 652 Dices
1218 600 1404 662 praeceptum
1424 586 1604 664 negativum
1623 604 1696 654 cinti
1720 584 1840 668 obliget

267 668 410 748 maxime
428 671 500 746 quic
515 661 611 748 ⁴‚facile
638 662 765 746 supponi
781 668 940 752 possunt,
969 690 1038 733 cum
1070 663 1205 744 semper,
1221 663 1256 731 δι
1280 683 1336 741 ριο
1364 661 1479 740 semper
1498 663 1561 735 obli'
1581 682 1615 730 at
1635 664 1671 729 ad
1699 661 1805 731 statim
1828 714 1839 745 ‚

270 763 378 824 totum
398 767 508 826 corpur
528 746 616 828 liuius
634 748 708 824 iuris
722 749 802 813 ineo
825 745 984 823 versetur,
1001 766 1038 811 iit
1071 746 1122 810 sed
1140 757 1328 823 praeceptum
1343 687 1580 822 restituendiiad
1601 743 1705 809 sittim
1728 765 1789 814 non
1805 766 1838 820 ρ-

265 823 398 908 cuilibet
406 827 453 892 iur
464 827 548 903 suum
557 822 695 908 servetur
705 827 860 903 indemne,
877 825 915 907 ¹&
935 827 1039 906 siquo·
1072 825 1186 905 bligat,
1204 847 1274 891 cum
1293 823 1315 886 si
1336 825 1402 902 quis
1423 824 1523 904 media
1548 822 1634 891 nodie
1664 827 1843 894 recordetur

268 906 320 972 vir
338 906 430 970 modo
450 906 604 970 violatum
621 900 805 985 suerit,per
819 905 1038 984 compensatio·
1074 925 1138 970 rem
1169 905 1301 969 alienum
1327 904 1358 966 se
1385 902 1496 970 habere
1523 903 1609 972 illico
1633 901 1754 983 surge're
1781 927 1844 978 non

270 1003 346 1064 nem
365 987 398 1048 in
412 983 581 1064 ¹prillinum
595 982 707 1051 statum
727 984 923 1066 restituatur.
943 988 983 1054 Er
994 1010 1039 1053 re·
1075 1000 1200 1050 tenetur
1221 984 1259 1049 ad
1278 982 1498 1050 restituendum
1513 985 1661 1066 ergodoc.
1679 982 1766 1063 Resp.
1788 1008 1845 1052 ne·

272 1082 355 1147 ‚veru
370 1057 490 1142 omissio
509 1059 711 1130 restitutionis
725 1064 768 1131 esl
785 1064 1038 1147 virtualiterpur·
1072 1065 1172 1143 gando
1197 1066 1270 1130 min.
1297 1082 1367 1128 nam
1388 1079 1572 1142 preceptum
1591 1065 1770 1132 restituendi
1795 1084 1844 1133 ta·

270 1159 404 1223 petitum
423 1139 556 1226 furtum,
574 1147 644 1223 qu'a
659 1144 704 1210 est
721 1149 907 1222 continuata
923 1147 1039 1216 ablatio
1077 1143 1164 1210 mctsi
1177 1142 1275 1223 quoad
1296 1141 1443 1209 adualem
1463 1149 1679 1212 executionem
1700 1166 1764 1220 non
1786 1145 1843 1220 ob·

261 1226 317 1304 jrci
337 1224 464 1306 aliena.
486 1226 593 1302 Quare
614 1166 700 1290 sifur
715 1223 828 1308 salvari
849 1231 976 1307 nequit,
995 1230 1038 1295 ita
1076 1225 1149 1304 liget
1188 1223 1291 1290 lliiim
1327 1223 1423 1300 quoad
1459 1245 1564 1291 omues
1598 1224 1844 1298 circumstantiae

275 1322 334 1386 nec
355 1299 427 1381 ille,
444 1307 496 1383 qui
517 1323 583 1368 rem
599 1303 730 1372 alienam
745 1327 807 1372 non
825 1307 978 1374 restituit.
1073 1322 1134 1370 tem
1176 1305 1216 1368 tir
1234 1306 1384 1382 praecipue
1397 1352 1408 1383 ‚
1422 1301 1455 1368 ἃ
1471 1304 1552 1383 loci,
1570 1308 1656 1371 utin
1676 1304 1774 1371 alli-to
1790 1327 1844 1376 cn·

219 1383 1038 1550 ii-1illel“liffll‘l‘l‘lblllllllelbb
1073 1381 1847 1543 lliluilllllsllllllrlzllzl‘{llll

219 1539 255 1596 ια’
268 1539 423 1626 formam,
437 1543 729 1625 fitafflrmatiuiim,
742 1546 872 1628 implicui
888 1561 987 1622 lapitri
1005 1547 1038 1612 iii
1074 1562 1124 1609 tur
1142 1542 1199 1610 tali
1228 1559 1363 1617 tempore
1383 1542 1422 1607 ad
1442 1539 1671 1607 restitutionem
1686 1565 1758 1610 cum
1772 1561 1846 1609 tan·

219 1627 239 1668 '⁴
265 1621 684 1706 srmgqeiurim'praereptiim
696 1671 709 1703 ,
720 1649 776 1707 quo
783 1626 968 1716 prohibemur
975 1648 1038 1694 rem
1074 1641 1106 1688 to
1129 1622 1341 1698 incommodo,
1359 1620 1395 1688 ὰ
1411 1617 1488 1697 suo,
1502 1619 1543 1692 -&
1562 1622 1670 1701 illius5
1677 1624 1727 1688 cui
1756 1622 1846 1688 reili-

270 1700 403 1776 alienam
412 1703 678 1778 detriverim
694 1724 800 1774 autem
815 1708 904 1776 huius
919 1710 1036 1788 negati·
1074 1704 1159 1769 tutio
1178 1701 1255 1769 esset
1275 1698 1439 1780 facienda,
1468 1699 1585 1781 obligat
1607 1718 1715 1768 tamen
1738 1699 1846 1769 statim

265 1785 304 1856 ,vi
320 1786 471 1861 ‘precepti
491 1782 535 1848 est
555 1783 587 1845 in
614 1803 769 1863 praecepto
800 1786 1005 1855 restitutionis
1027 1808 1035 1851 :
1071 1780 1171 1859 quoad
1187 1783 1279 1847 animi
1297 1782 1573 1860 praeparationem,
1588 1801 1699 1860 nempe
1715 1784 1844 1859 quirem

257 1864 502 1946 ‚ciem-primario
516 1878 613 1932 vetat
641 1882 682 1928 ne
696 1885 743 1930 rec
768 1867 870 1932 aliena
899 1869 1037 1934 detinea-
1071 1859 1204 1927 alienam
1221 1862 1336 1926 retinet
1353 1860 1444 1924 debet
1460 1858 1570 1924 liabete
1592 1865 1842 1939 animumquam·

266 1955 343 2019 tur,
365 1939 417 2005 vel
433 1941 525 2007 alteri
554 1940 658 2007 debiti
686 1946 788 2011 invito
811 1945 1036 2014 rationabiliter
1071 1946 1200 2017 primum
1219 1938 1285 2005 fieri
1307 1938 1404 2017 potest
1425 1937 1556 2003 eiusdem
1573 1943 1615 2004 tei
1634 1938 1838 2008 restituendae

259 2020 411 2099 domino,
433 2020 679 2094 tiimdeindeex
689 2023 886 2105 consequenti
897 2027 1035 2106 praecipit
1062 2019 1149 2089 ,illud
1164 2022 1247 2086 enim
1260 2019 1362 2100 statim
1382 2038 1444 2084 non
1464 2018 1649 2099 intelligitur
1668 2020 1841 2086 matliemi·

259 2114 311 2172 ,ut
331 2097 401 2164 ideo
416 2098 611 2178 restituamus
630 2144 639 2163 .
657 2100 748 2169 Unde
776 2104 832 2170 hoc
849 2122 1034 2182 piaeceptum
1071 2097 1249 2177 tice,quas1
1270 2096 1414 2163 consistat
1433 2101 1465 2161 in
1487 2096 1686 2175 indivisibili,
1706 2095 1753 2164 sed
1772 2121 1839 2164 mo·

260 2167 838 2264 dilintsemper&prosemper‚nam
852 2184 1034 2263 semperilli·
1071 2180 1178 2244 taliter
1198 2226 1206 2256 ,
1223 2178 1263 2244 -&
1291 2178 1455 2254 civiliter,
1486 2196 1593 2256 nempe
1613 2181 1837 2255 quamprimum

265 2255 422 2336 cltumest
439 2279 504 2324 rem
522 2261 1035 2349 alienam‚dominotitionablliter
1069 2260 1227 2324 commode
1248 2258 1315 2322 lieri
1343 2254 1439 2333 potest
1456 2304 1468 2335 .‚
1497 2278 1569 2321 cum
1596 2258 1669 2324 alius
1698 2260 1837 2324 doininui

260 2336 378 2412 {tiviro
391 2341 543 2405 retinere.
559 2339 602 2403 Et
621 2341 759 2418 equidem
774 2364 844 2418 cum
859 2340 978 2408 lurtum
996 2341 1034 2408 sit
1067 2337 1183 2406 censeri
1199 2358 1260 2403 non
1277 2335 1367 2415 poll‘it
1377 2338 1496 2410 invitus
1512 2336 1595 2416 siper
1605 2336 1707 2405 levem
1719 2357 1837 2404 morani

267 2431 383 2504 contre
404 2436 591 2497 preceptum
610 2424 817 2514 negativum,
835 2445 896 2489 non
912 2421 1034 2504 surram
1068 2421 1098 2483 ci
1114 2415 1276 2492 differatur
1297 2416 1470 2492 rellirutio.

267 2489 384 2588 secret,
408 2496 568 2568 &omissio
586 2497 787 2567 restitutionis
797 2502 975 2568 virtualiter
996 2501 1034 2568 sit
1108 2497 1194 2562 Hinc
1219 2497 1404 2591 intelligitur
1434 2514 1588 2591 praeoepte
1613 2499 1763 2580 negativa
1784 2496 1837 2562 du·
1851 2520 1980 2586 vicum

257 2588 458 2646 ,continuata
477 2582 520 2642 tei
540 2579 650 2644 alienae
672 2583 810 2660 acceptio
818 2584 921 2647 invito
936 2585 1034 2648 ratio·
1069 2576 1155 2655 plicis
1174 2575 1236 2642 effe
1252 2597 1369 2656 generis
1385 2625 1396 2656 ‚
1410 2577 1471 2641 alia
1485 2598 1613 2654 quorum
1635 2575 1836 2645 circumstan·
1854 2592 1973 2661 ⁰‘⁸¹‘.¹!¹

262 2650 418 2719 *mbiliter
436 2655 588 2731 domino,
618 2658 741 2725 &ideo
769 2665 950 2727 continuum
970 2659 1032 2725 sur·
1071 2660 1125 2722 tiae
1147 2661 1194 2722 itc
1211 2660 1242 2720 iu
1263 2658 1549 2733 quovit-momento
1574 2679 1645 2722 cum
1664 2656 1833 2724 substantia
1849 2646 1966 2723 ΜΨ·

260 2748 353 2810 ptum,
366 2752 457 2810 noino
472 2755 534 2801 non
555 2735 636 2801 videt
653 2756 839 2817 praeceptum
854 2737 1034 2804 nonsuran·
1069 2738 1213 2814 praecepti
1230 2734 1386 2828 obligant,
1407 2752 1443 2799 ut
1464 2736 1516 2827 qui
1536 2732 1698 2878 secueafat
1709 2739 1834 2802 inomni
1848 2724 1965 2777 “m''

258 2857 276 2882 i.
293 2813 320 2890 ',
344 2811 380 2888 ,ἀ
406 2833 595 2893 praeoeptum
615 2817 792 2882 restituendi
813 2840 915 2898 unum
941 2817 1033 2882 idem·
1070 2813 1297 2879 circumstantia
1315 2830 1437 2891 peccet,
1455 2810 1624 2889 cuiusmodi
1653 2834 1709 2882 unt
1726 2837 1840 2892 praece·

257 2909 328 2968 que
340 2890 424 2968 else.
443 2895 525 2968 Hinc
545 2895 718 2960 Concilium
734 2898 841 2962 Leter.
858 2921 888 2976 4.
905 2915 964 2977 cap.
978 2900 1030 2975 69.
1068 2912 1122 2968 pta
1142 2914 1205 2958 non
1225 2893 1412 2969 mentiendi,
1432 2912 1493 2956 non
1509 2890 1752 2973 ¹blasphemandi,
1775 2896 1839 2961 iilic

268 2972 315 3049 113
330 2970 423 3045 habet
443 2995 452 3038 ι
470 2978 541 3039 Non
564 2976 694 3043 motum
724 2976 851 3060 interese
873 2976 1032 3058 praeserri'm
1067 2994 1193 3061 quorum
1213 2968 1448 3039 circumstantiae
1465 2991 1531 3037 non
1554 2975 1601 3041 ita
1618 2970 1733 3053 semper
1754 2978 1788 3040 in
1805 2995 1842 3047 o·

257 3051 366 3138 «wad
388 3053 551 3133 periculum
577 3055 685 3120 anibiae
700 3056 833 3131 detinere
859 3057 963 3137 iniuste
999 3080 1033 3135 pr
1067 3057 1133 3121 mni
1148 3070 1307 3121 momento
1326 3051 1387 3125 obli
1407 3068 1463 3116 int
1484 3051 1565 3123 unde
1589 3074 1650 3118 non
1665 3054 1841 3121 considera-

273 3131 420 3198 iiioadere
434 3134 584 3209 alienum.
602 3137 643 3201 Et
659 3137 836 3202 ¹Concilium
857 3136 944 3201 Trid.
966 3106 1036 3206 scili
1068 3153 1103 3199 ta
1126 3135 1270 3212 praecepti
1294 3073 1474 3225 superscie,
1494 3128 1556 3208 ipsa
1572 3127 1740 3200 substantia
1762 3154 1841 3212 prae·

268 3218 604 3301 255eip.12.iiit:Qui
624 3216 826 3283 decimasnon
839 3215 1041 3294 solvunt,res'
1065 3215 1147 3290 cepti
1163 3211 1240 3280 sitis
1260 3211 1379 3289 impleri
1399 3208 1525 3303 potest,
1540 3210 1633 3302 scuti
1655 3210 1699 3278 ell
1728 3234 1840 3294 praece·

271 3288 390 3352 alienas
414 3294 561 3359 invadere
584 3297 754 3363 dicuntur.
779 3298 892 3372 Pecciit
919 3295 1034 3362 idcireo
1066 3309 1154 3372 ptum
1167 3312 1233 3358 uon
1252 3289 1406 3356 retinendi
1422 3310 1486 3357 rem
1507 3289 1659 3355 alienam.

269 3369 466 3448 mortalitem
503 3378 533 3437 ui
555 3375 682 3439 notabili
705 3393 841 3453 tempore
866 3374 1034 3441 restitutio·
1108 3372 1267 3447 Caeterum
1281 3370 1450 3436 communic
1466 3369 1718 3452 cib-cumsylvio
1733 3394 1756 3439 c
1778 3373 1842 3451 pri·

263 3463 363 3539 «nem,
379 3450 431 3512 vel
458 3450 496 3516 de
517 3455 552 3517 iti
587 3451 768 3519 solutionem
786 3453 940 3535 negligit,
967 3457 1043 3518 imo·
1057 3472 1117 3516 mo
1135 3466 1292 3517 momento
1311 3469 1371 3527 quo
1396 3451 1464 3525 quis
1493 3451 1590 3524 coepit
1622 3472 1686 3516 rein
1705 3452 1842 3522 alienam

262 3540 369 3593 etiam
388 3524 475 3594 brevi
492 3548 649 3609 tempore.
667 3554 738 3598 cum
756 3534 868 3599 exinde
875 3552 970 3613 grave
978 3531 1032 3597 da·
1066 3529 1177 3597 iniuste
1195 3530 1335 3598 detinere
1358 3547 1466 3606 nempe
1485 3527 1548 3591 siue
1571 3527 1648 3595 iusta
1671 3532 1772 3597 cauffo
1783 3579 1793 3608 ,
1805 3529 1841 3596 dt

258 3620 373 3679 imntun
388 3605 533 3674 Creditor
551 3616 705 3687 patiatur,
720 3633 759 3678 eo
778 3612 944 3690 quodtunc
964 3632 1032 3692 grc-
1065 3609 1138 3675 dum
1156 3608 1187 3673 id
1206 3609 1287 3686 quod
1315 3607 1406 3673 debet
1426 3606 1523 3684 potesl
1544 3609 1639 3677 etiam
1666 3610 1842 3685 restituere,

263 3684 356 3747 viter
376 3684 513 3750 alienum
529 3691 577 3753 iur
597 3692 762 3770 violetur,
784 3712 840 3759 nec
867 3688 1033 3757 excusatur
1066 3709 1129 3755 non
1148 3686 1318 3766 restituat,
1345 3688 1497 3752 continuo
1519 3706 1592 3752 eum
1612 3689 1841 3765 peccaremus

258 3794 265 3817 «-
290 3761 324 3825 ui
343 3762 389 3825 ita
402 3767 477 3854 ‘agit
492 3785 509 3828 a
525 3760 577 3831 sun
592 3769 703 3846 culpa,
718 3769 795 3846 quod
821 3768 880 3843 suit
907 3769 1035 3835 baeredi·
1073 3786 1180 3833 tamen
1200 3785 1359 3844 peccatum
1380 3786 1432 3843 per
1444 3765 1587 3830 eumdem
1604 3767 1744 3850 sylvium
1765 3767 1841 3839 sein·

295 3859 326 3917 ‚s
346 3838 571 3918 obligationem
591 3845 745 3923 reliquerit
773 3846 966 3926 restituendi,
984 3865 1034 3913 ut·
1068 3844 1184 3926 peren
1205 3867 1314 3923 unum,
1334 3844 1369 3910 δι
1393 3844 1471 3908 idem
1492 3865 1648 3924 numero,
1678 3846 1841 3913 dummodo

259 3935 340 3999 pote
356 3919 408 3994 qui
424 3939 506 3986 nuuc
522 3923 619 3988 talem
645 3928 655 3985 i
677 3922 707 3988 se
735 3923 847 3990 lrabeat
873 3925 1034 4005 obligatio·
1069 3947 1133 3993 non
1154 3941 1286 3990 renovet
1307 3923 1460 4002 expresse,
1481 3926 1532 3990 vel
1543 3929 1639 3990 tacite
1656 3925 1843 4005 propositum

258 4015 360 4075 pem,
382 4017 418 4061 ce
432 3997 503 4065 ideo
517 4021 568 4079 per
583 4001 644 4082 seip
657 4025 707 4068 um
721 4003 799 4070 banc
813 4003 1033 4081 adimplerere-
1067 4001 1345 4076 nonrellituendi..
1367 4002 1532 4081 Expresle,
1554 4021 1590 4068 ut
1606 4006 1626 4066 li
1644 4005 1774 4086 positive
1791 4006 1843 4073 de·

259 4092 377 4149 netur.
397 4074 463 4152 litio
487 4101 557 4146 eum
576 4099 613 4148 ut
641 4083 806 4162 plurimum
835 4083 968 4159 heredes
985 4080 1035 4149 so·
1068 4086 1217 4151 terminet
1234 4103 1299 4148 rem
1319 4084 1449 4147 alienam
1469 4083 1619 4164 detinere;
1634 4089 1733 4152 tacite
1753 4106 1842 4163 vetio.

261 4152 352 4219 leant
372 4177 434 4221 non
455 4157 616 4228 restituere
669 4184 765 4244 greve
789 4166 930 4227 imminet
956 4164 1034 4242 peri·
1071 4181 1196 4229 utrum
1219 4162 1382 4238 advertat,
1403 4158 1563 4227 nutscelle
1589 4165 1750 4230 advertere
1773 4165 1841 4242 pns-

261 4233 392 4307 mlum·
422 4238 516 4316 Quod
533 4239 557 4317 ‚sl
577 4211 679 4319 forsan
705 4265 787 4309 nunc
803 4241 963 4308 restituere
982 4262 1035 4306 ne·
1068 4242 1105 4313 lit
1126 4241 1156 4308 se
1172 4263 1238 4309 rem
1257 4241 1387 4307 alienam
1402 4241 1557 4317 detinere,
1576 4264 1638 4309 nou
1647 4243 1841 4313 llituiteim
1953 4270 1955 4275 ’

265 4329 380 4393 queat,
399 4316 491 4393 debet
502 4334 610 4387 tamen
630 4322 740 4400 hebere
765 4321 876 4389 saltem
904 4321 1036 4402 implici·
1072 4321 1216 4386 reddere.
1238 4321 1327 4387 Talis
1342 4324 1427 4384 enim
1442 4318 1560 4386 omissio
1577 4340 1646 4388 toto
1660 4343 1699 4389 eo
1723 4342 1840 4404 tempo-

267 4404 333 4455 tam
354 4394 553 4463 voluntatem
585 4400 764 4469 restituendi
784 4451 793 4481 ,
820 4404 1034 4479 cumprimum
1069 4420 1101 4465 re
1120 4397 1164 4467 etl
1178 4402 1216 4468 ei.
1230 4399 1433 4478 impetibilis,
1452 4403 1524 4478 quir
1538 4400 1657 4471 omissio
1681 4401 1840 4473 solutionis

264 4462 449 4566 sepultetem
469 4478 626 4560 hebuerit,
642 4480 784 4559 adquam
799 4480 1035 4561 comparandam
1070 4478 1122 4546 vel
1137 4482 1338 4546 rellitutionir
1354 4482 1403 4544 tei
1421 4481 1531 4546 debitae
1549 4500 1623 4547 toto
1639 4502 1677 4548 eo
1701 4504 1840 4563 ternpore

266 4547 377 4639 moreh
407 4552 613 4627 sollieitudine
643 4562 703 4624 niti
733 4561 851 4630 debet.
881 4562 964 4626 Nam
982 4563 1032 4637 qui
1069 4580 1130 4638 quo
1145 4557 1214 4627 fieri
1234 4558 1333 4636 potell
1353 4559 1396 4625 ell
1423 4558 1569 4627 iniuriosa
1598 4565 1763 4644 proximo,
1785 4566 1839 4641 qul

266 4633 453 4726 teneturuad
472 4635 584 4718 finem,
605 4639 643 4715 ad
664 4642 762 4717 media
778 4648 893 4719 puriter
910 4641 1034 4711 adeum
1068 4643 1220 4705 continuo
1240 4658 1293 4715 per
1313 4640 1396 4705 illim
1413 4638 1539 4705 loedi'tur
1561 4645 1592 4706 iu
1608 4646 1675 4705 iure
1689 4644 1769 4719 quod
1787 4645 1840 4708 lic·

261 4710 432 4781 necessaria
447 4732 601 4798 tenetur,
623 4718 658 4796 ,δι
676 4723 727 4798 qui
744 4739 852 4796 totum
875 4718 1035 4793 restituere
1068 4720 1119 4784 bet
1140 4738 1205 4782 rem
1220 4714 1303 4783 suam
1324 4719 1375 4785 vel
1388 4716 1440 4784 sibi
1461 4719 1592 4785 debitam
1604 4720 1840 4799 poffidendiet·

263 4804 331 4862 ,11011
352 4791 439 4856 valet
458 4797 538 4873 quod
566 4798 681 4878 debet,
707 4798 818 4867 ‚saltem
841 4799 930 4866 debet
950 4796 1034 4864 resti·
1069 4812 1128 4876 que
1141 4797 1249 4869 utendi
1268 4797 1388 4867 &com
1407 4799 1478 4864 talis
1496 4799 1614 4865 omissio
1633 4799 1671 4864 fit
1692 4800 1838 4866 voluntt-

263 4882 357 4933 1¹¹⁸¹⁰
377 4890 501 4963 ,vanem
522 4925 533 4955 ,
553 4900 651 4956 quam
678 4878 776 4960 potest
797 4929 806 4959 ‚
831 4900 869 4949 ric
888 4877 1034 4957 solvere,
1070 4881 1136 4954 ric,
1150 4880 1299 4942 omittens
1319 4877 1410 4949 babet
1428 4882 1608 4944 continuam
1629 4879 1837 4956 voluntatem,

266 4966 334 5011 cum
355 4969 438 5017 circa
452 4954 540 5021 illam
556 4960 776 5035 partemnulla
796 4957 1033 5033 excusatioeum
1070 4956 1175 5026 saliem
1199 4958 1469 5035 interpretativum
1501 4956 1657 5024 detinendi
1678 4978 1742 5023 rem
1762 4959 1837 5022 alic·

262 5021 379 5099 lutei.
1071 5056 1165 5117 uem.
1184 5036 1237 5101 vel
1253 5037 1343 5107 alieri
1362 5035 1600 5116 dubitamini
1612 5036 1678 5105 hoc
1696 5036 1840 5103 voluntat
