4425 6000
464 563 519 635 74
690 537 898 613 Tunes.
930 533 1698 612 D'EIN1UST1TIA&c.CAP.II.
1983 626 1987 638 ¹

417 644 477 709 teri
492 634 618 705 reddere
638 651 782 716 tenetur,
802 638 881 714 quod
912 639 997 700 suum
1026 638 1180 715 proprium
1204 656 1272 701 >nus
1290 635 1528 702 meliorationem
1546 640 1590 700 rei
1606 634 1726 702 fecisset
1742 639 1845 715 pretio
1871 639 1983 707 minori

416 721 479 795 est,
494 739 555 782 non
576 718 712 784 alienum
722 758 734 796 ,-
751 717 840 783 sicuti
864 714 932 782 sunt
961 714 1072 781 frustis
1098 723 1181 783 mere
1216 735 1290 795 puta
1305 715 1984 805 dimidio,notiteneturrependerenisisum·

416 798 607 864 indullriales
646 802 696 876 qui
725 819 786 862 non
814 797 883 862 sunt
900 796 1012 861 frusius
1038 799 1081 861 rei
1106 798 1184 862 alte·⁴
1216 817 1301 860 main
1313 794 1542 875 expensarum,
1569 818 1647 874 quas
1670 800 1731 875 ipse
1755 801 1874 865 lecisset
1890 804 1985 878 ,quia

416 885 500 956 rius,
516 876 564 941 sed
584 846 714 955 iasioris,
738 898 772 942 ac
803 876 956 944 induslriae
986 877 1100 941 iiliusa
1120 892 1184 953 quo
1216 892 1340 941 tantum
1356 877 1902 963 incoinniodumexalienaimperitia
1917 879 1985 943 sen·

418 961 555 1040 prodiere
565 999 575 1021 .·
590 957 738 1036 Undequi
756 959 884 1022 alterius
897 959 1101 1023 inslrumento
1111 959 1182 1020 usus
1216 958 1275 1029 tire
1291 976 1353 1021 non
1378 953 1468 1021 debet
1484 1000 1491 1017 .
1522 958 1551 1018 Si
1574 956 1721 1033 possessor
1741 957 1828 1023 bonae
1851 960 1923 1023 sidei
1942 980 1984 1023 ex

416 1040 459 1104 est
485 1041 520 1105 ad
550 1061 624 1116 opus
644 1038 763 1115 aliquod
795 1037 957 1103 artificiale
978 1039 1181 1117 peragendum
1215 1032 1357 1100 stusiibus
1376 1040 1419 1098 rei
1441 1052 1566 1101 tantum
1588 1038 1829 1113 perceperit,&
1847 1036 1985 1104 consum·

415 1141 494 1198 opus
526 1119 603 1202 illud=
628 1118 725 1197 potest
753 1115 805 1181 sibi
838 1122 1000 1196 retinere,
1026 1135 1062 1181 ut
1090 1116 1131 1180 ad
1151 1115 1181 1180 se
1217 1114 1306 1191 pserit
1323 1130 1473 1193 quantum
1489 1117 1653 1194 expendit,
1675 1116 1906 1194 prohuiusmodi
1927 1139 1984 1183 ex·

414 1199 517 1284 ipsum·
528 1198 657 1277 spesians
673 1218 729 1262 nec
744 1199 820 1262 alias
835 1197 878 1262 ad
892 1198 1046 1264 dominum
1074 1194 1182 1260 insitu·
1216 1196 1311 1281 pensis
1328 1193 1412 1259 fassis
1429 1196 1504 1259 nihil
1524 1200 1648 1275 exigere
1668 1196 1766 1274 potest
1785 1202 1818 1261 in
1839 1215 1986 1275 compen·

415 1284 533 1354 nienti;
554 1281 587 1345 dt
610 1281 725 1344 idcirco
753 1278 876 1341 illudes
903 1281 976 1344 dare
999 1296 1066 1341 non
1092 1295 1180 1341 tene·
1214 1276 1364 1338 sationem
1380 1295 1448 1339 cuni
1463 1274 1624 1341 censeatur
1645 1296 1699 1356 per
1718 1278 1776 1342 hoc
1803 1279 1883 1355 quod
1912 1297 1986 1357 per·'

417 1378 491 1423 tur.
516 1360 556 1422 Et
577 1360 632 1424 hoc
652 1357 888 1442 extendituruad
905 1359 1095 1435 possessorem
1107 1376 1182 1427 quo·
1213 1359 1297 1433 cepit
1311 1354 1592 1433 compensationem
1610 1354 1772 1433 recepisse.

414 1441 583 1515 que'masae·
594 1439 664 1503 fidei
682 1464 692 1501 .·
715 1441 799 1503 itaut
817 1435 916 1514 siquis
936 1459 974 1503 eir
993 1438 1181 1512 alteriuspe·
1253 1434 1363 1509 Quoad
1380 1433 1525 1511 expensas
1546 1457 1624 1501 vero
1642 1436 1836 1502 voluntarias
1852 1435 1906 1503 seu
1922 1448 1982 1504 vo'-

414 1520 506 1583 cunia
536 1524 632 1583 etiam
663 1520 766 1595 inique
794 1517 921 1583 obtenta
949 1516 1063 1593 aliquid
1081 1516 1181 1580 sucre·
1217 1513 1371 1591 luptuos'as
1398 1516 1561 1580 videndum
1581 1537 1619 1578 an
1649 1518 1793 1592 impensae
1819 1517 1894 1583 idest
1917 1539 1983 1582 men

416 1618 488 1678 tur,
508 1618 582 1676 puta
610 1599 769 1675 ludendo,
796 1615 1001 1662 mercaturam
1034 1613 1180 1659 exercen-
1215 1594 1399 1659 lioramenta
1419 1600 1572 1661 removeri
1591 1595 1734 1673 posiinta
1754 1617 1786 1660 re
1807 1596 1869 1660 sine
1889 1597 1980 1675 ipsius

414 1678 474 1757 do,
488 1699 550 1742 non
572 1696 702 1742 tenetur
718 1678 757 1741 ad
774 1679 997 1742 restitutionem
1023 1676 1115 1739 liuius
1136 1676 1181 1739 lu·
1214 1678 1257 1737 tei
1272 1675 1484 1753 detrimento,
1504 1674 1568 1741 sive
1582 1677 1837 1755 deterioratione,
1858 1697 1913 1746 aut
1934 1681 1978 1740 rei

411 1762 478 1822 eris
496 1757 828 1835 similiterrellituere,
849 1756 899 1819 seu
916 1754 1180 1835 compensarenon
1214 1753 1448 1819 ita-cohaereant
1479 1773 1514 1820 ut
1538 1755 1576 1820 ab
1600 1774 1636 1819 ea
1658 1756 1720 1820 sine
1739 1761 1826 1835 gravi
1855 1758 1978 1824 laesione

412 1855 538 1912 tenetur
556 1839 699 1916 possessor
717 1836 805 1900 bonae
830 1835 898 1899 fidei
926 1835 1038 1901 frusius
1065 1855 1105 1899 ex
1126 1832 1183 1899 sua·
1217 1830 1344 1910 separari
1363 1852 1537 1913 nequeant.
1558 1836 1667 1910 Quoad
1688 1837 1801 1913 priores
1820 1856 1905 1905 certe
1926 1842 1980 1902 do-

413 1919 600 1997 negligentia
631 1937 694 1982 non
721 1935 876 1994 perceptos
899 1956 913 1993 ,-
937 1917 1008 1982 licet
1040 1915 1182 1979 domiuus
1214 1918 1397 1993 minuscogi
1414 1919 1520 1992 nequit
1537 1934 1571 1977 ut
1588 1916 1752 1980 eassoivat
1769 1917 1896 1992 ideoque
1916 1917 1987 1996 ipso*

413 2004 458 2061 rei
479 2017 531 2060 eos
547 1998 726 2074 percepisset
737 2019 751 2073 ς’
765 2002 833 2073 quia
851 2017 912 2062 non
929 2016 1054 2062 tenetur
1081 1997 1181 2059 domi-³
1214 2014 1275 2057 non
1301 2013 1493 2071 repugnante
1519 1996 1662 2072 possessor
1685 2009 1752 2059 tum
1783 1996 1891 2075 bonae,
1913 2016 1981 2062 rum

369 2088 372 2093 '
413 2093 487 2141 num
509 2076 682 2141 indemnem
710 2077 866 2153 reddere,
890 2096 946 2140 nec
967 2082 1002 2138 in·
1023 2072 1180 2154 pristinum
1214 2072 1302 2136 malae
1323 2073 1392 2137 fidei
1413 2097 1463 2138 cas
1489 2094 1625 2151 repetere
1651 2073 1702 2139 seu
1725 2096 1886 2141 removere
1906 2096 1978 2154 pot·

412 2157 526 2222 ilatum
541 2157 701 2222 restituere
715 2156 832 2220 cumab
848 2154 1181 2233 eoillumeulpabiliier
1213 2152 1282 2229 est,
1297 2152 1330 2217 dt
1351 2153 1372 2216 si
1396 2156 1535 2219 dominiis
1561 2175 1626 2218 rem
1649 2155 1732 2219 suam
1761 2176 1832 2219 cum
1865 2158 1978 2225 talibus

418 2257 484 2303 non
504 2237 737 2307 deturbaretur
754 2234 868 2300 idcirco
893 2258 955 2301 non
983 2254 1106 2300 tenetur
1123 2248 1185 2297 nec
1213 2237 1406 2298 ornamentis
1423 2236 1572 2298 redimere
1591 2234 1688 2311 velit,
1714 2254 1765 2298 eas
1787 2236 1909 2303 solvere
1929 2241 1980 2302 de·

412 2316 529 2380 lucrum
549 2318 666 2383 cessans
681 2338 737 2381 nec
757 2316 902 2382 damnum
915 2336 1070 2394 emergens
1096 2335 1180 2378 com·
1213 2312 1265 2378 bet
1278 2319 1380 2390 ,onia
1400 2313 1486 2379 sicuti
1511 2315 1649 2378 dominus
1674 2316 1766 2378 ditior
1784 2315 1849 2379 sieri
1871 2322 1980 2394 nequit

412 2395 643 2474 pensare·.1mo·
665 2397 841 2473 nequidem
870 2396 1069 2476 compensare
1091 2409 1182 2458 tene·
1214 2414 1283 2456 cum
1309 2395 1436 2459 alterius
1461 2393 1599 2473 iaslura,
1626 2395 1665 2459 sie
1687 2414 1742 2458 nec
1758 2416 1873 2461 novam
1889 2399 1978 2462 debet

412 2493 500 2540 retur
518 2476 674 2542 dominum
695 2498 749 2557 pro
765 2475 869 2556 reipsa
881 2478 980 2541 aliena
997 2495 1086 2552 quam
1097 2473 1182 2538 bona
1214 2476 1466 2538 commoditatem
1477 2474 1538 2539 sine
1549 2474 1701 2539 suoonere
1712 2475 1919 2542 cumalterius
1927 2498 1980 2542 ex·

412 2554 470 2619 side
486 2552 572 2621 suam
591 2557 737 2636 putabat,
758 2557 889 2621 etiams
913 2557 964 2621 sua
991 2556 1079 2631 culpa
1111 2574 1179 2617 eam
1214 2554 1308 2630 pensis
1324 2571 1495 2631 reportare.
1517 2555 1625 2630 Quoad
1650 2556 1764 2622 alteras
1779 2575 1874 2635 vero,
1895 2561 1980 2622 sita·

411 2638 510 2713 perire
540 2635 689 2715 iecisset,
719 2640 787 2713 quia
811 2637 953 2727 disposuit
977 2637 1014 2700 de
1041 2655 1073 2700 te
1089 2655 1180 2711 quam
1215 2635 1256 2696 les
1277 2639 1414 2710 expensae
1443 2653 1574 2722 augeant
1593 2638 1642 2699 rei·
1664 2637 1819 2712 valorem,
1838 2638 1872 2703 dc
1897 2638 1985 2702 aesli··

333 2725 336 2731 '
410 2714 577 2795 prudenter
592 2719 744 2784 iudicavit
763 2714 825 2780 esse
847 2719 929 2781 suam
941 2752 956 2778 ,ν
1214 2716 1408 2793 mationem,
1427 2718 1472 2778 uti
1489 2723 1578 2779 lieret
1596 2716 1780 2779 domocuius
1799 2718 1979 2781 viridarium

422 2822 423 2826 ¹
450 2796 540 2860 Circa
567 2818 644 2861 vero
666 2794 812 2873 expensas
833 2820 906 2874 quas
931 2792 1076 2875 possessor
1092 2795 1179 2860 bonae
1214 2794 1266 2859 vel
1284 2795 1389 2859 hortus
1410 2792 1503 2859 suerit
1525 2795 1707 2873 plantatus,
1728 2815 1768 2860 ex
1789 2818 1849 2872 qua
1869 2798 1979 2861 melio-

410 2874 481 2940 fidei
504 2898 526 2941 a
551 2879 677 2943 domino
704 2881 747 2941 rei
769 2879 890 2957 exigere
918 2876 1038 2957 potest,
1057 2893 1186 2939 certum·
1214 2876 1336 2938 ratione
1352 2875 1440 2939 valor
1462 2875 1572 2937 doinus
1587 2876 1676 2952 plane
1696 2889 1879 2955 augeretur,
1900 2879 1978 2941 tales

409 2955 454 3019 esi
475 2957 632 3022 dominum
649 2959 693 3023 rei
721 2961 875 3034 quandoa
898 2956 1061 3036 possessore
1090 2954 1178 3021 bonae
1213 2957 1352 3033 expensae
1377 2952 1541 3019 secundum
1575 2954 1649 3018 uu·
1668 2956 1849 3022 deducendae
1881 2959 1983 3023 essent

410 3035 487 3099 fidei
504 3058 569 3100 reni
586 3038 668 3102 suam
691 3053 853 3114 recuperat
869 3042 966 3102 teneri
990 3038 1076 3100 illurn
1096 3057 1186 3100 com*
1215 3038 1329 3098 iudicio
1353 3037 1535 3112 prudentum
1555 3054 1572 3097 a
1593 3037 1755 3113 possessore
1773 3056 1840 3102 turri
1861 3037 1950 3104 bosia
1967 3076 1981 3116 ,-

409 3113 534 3193 pensare
555 3138 608 3193 pro
622 3118 761 3182 omnibus
780 3119 916 3194 expensis
941 3117 980 3181 ab
1009 3116 1118 3181 eodem
1133 3114 1179 3181 fa*
1215 3133 1283 3179 tum
1302 3115 1393 3179 malae
1408 3113 1495 3176 sides.
1520 3115 1593 3178 Non
1614 3138 1721 3182 omnes
1745 3137 1850 3185 tamen
1879 3121 1977 3182 domi·

409 3192 467 3257 siis
491 3195 528 3258 ad
553 3216 618 3258 rem
648 3194 923 3274 conservandam,
942 3197 991 3262 vel
1020 3197 1180 3259 meliorari·
1213 3214 1272 3257 nus
1290 3192 1408 3281 solvere
1428 3212 1586 3259 teneretur
1600 3218 1671 3261 cum
1684 3201 1836 3278 cogendus
1855 3219 1920 3262 non
1940 3197 1979 3264 sit

402 3274 479 3340 dan
491 3320 506 3352 ,»
520 3274 595 3337 idest
613 3297 665 3353 pro
682 3275 820 3352 expensis
850 3277 1022 3341 necessariis
1042 3326 1049 3353 ,
1069 3274 1103 3340 ἀ
1121 3279 1184 3340 uti·
1215 3277 1265 3339 vel
1287 3277 1370 3338 suam
1386 3295 1449 3338 rem
1466 3294 1580 3353 onere,
1601 3280 1651 3342 vel
1669 3281 1763 3343 talem
1781 3282 1979 3356 voluptatem

407 3352 519 3417 libuss
544 3353 610 3419 lmo
639 3353 785 3432 possessor
826 3354 920 3422 bonae'
942 3356 1015 3419 fidei
1040 3374 1178 3434 repetere
1214 3359 1325 3432 praetio
1356 3375 1536 3432 comparare
1552 3390 1569 3440 ·‡
1585 3357 1614 3418 Si
1640 3365 1745 3422 aut'eni
1769 3360 1906 3425 valorem
1935 3361 1979 3424 rei

391 3445 397 3453 ’
408 3433 508 3512 potest
524 3454 575 3498 eas
603 3439 699 3499 etiam
726 3457 768 3500 ex
798 3436 842 3500 his
867 3435 1022 3516 expensis,
1036 3452 1104 3512 quae
1125 3456 1178 3515 pe·
1214 3450 1275 3499 non
1292 3451 1442 3513 augeant,
1461 3437 1601 3512 possessor
1615 3443 1710 3503 etiam
1727 3441 1814 3504 bonae
1832 3441 1904 3503 sidei
1925 3439 1984 3503 da··

407 3518 544 3580 aierunt.
563 3515 642 3580 Haec
663 3519 745 3580 enim
761 3514 803 3578 ess
824 3514 1001 3581 differentia·
1019 3520 1103 3579 inter
1115 3515 1180 3593 pos·
1214 3532 1319 3578 mnum
1335 3517 1392 3579 hoc
1409 3520 1479 3592 pati·
1491 3515 1580 3581 debet
1591 3555 1604 3594 ,·
1618 3540 1688 3582 cum
1707 3521 1846 3586 dominus
1865 3540 1977 3598 eogen-

407 3590 552 3671 sessorem
568 3593 675 3673 bonae,
693 3595 725 3661 dt
743 3598 831 3660 malae
848 3596 919 3661 fidei
955 3597 1060 3672 ,quod
1084 3594 1179 3676 poses-
1213 3597 1267 3660 dus
1284 3616 1344 3659 nori
1362 3596 1484 3659 siteam
1508 3598 1704 3675 voluptatem
1731 3605 1832 3678 pretio
1854 3620 1923 3665 com
1945 3621 1977 3664 a·

402 3673 454 3754 lor
473 3671 553 3738 boriae
564 3676 640 3752 fidei
655 3677 817 3739 omnimode
831 3678 924 3756 imperi
940 3699 975 3738 cr
999 3677 1126 3740 dediscas
1141 3678 1178 3739 li'·
1214 3691 1282 3739 rare
1302 3691 1339 3740 ut
1356 3695 1398 3742 ex
1417 3676 1438 3740 l.
1455 3686 1503 3756 2'7.
1531 3685 1557 3742 5.
1583 3678 1619 3741 de
1643 3693 1737 3761 negot.
1754 3684 1819 3762 gest.
1838 3680 1888 3748 ubi
1924 3702 1951 3743 ic
1965 3716 1980 3742 .-

407 3766 463 3819 ces·
481 3776 526 3819 res
556 3778 617 3821 non·
635 3756 740 3839 existas
763 3758 796 3820 i'n
819 3779 876 3835 qua
894 3779 942 3821 ear
955 3756 1058 3836 fecis3=
1076 3757 1179 3834 prado
1213 3758 1284 3820 Nori
1299 3756 1379 3821 enim
1399 3770 1515 3821 senetur
1530 3759 1666 3822 domimo
1684 3762 1729 3824 rei'
1739 3769 1872 3842 sumptui
1892 3761 1975 3823 nulla

407 3847 511 3897 autem
522 3883 531 3911 ,
541 3833 596 3913 seu
616 3838 703 3900 mala·
714 3838 789 3917 fidei
800 3837 944 3919 poffeffor,
961 3858 1017 3899 non
1033 3838 1178 3901 alliarias
1213 3857 1244 3900 re
1265 3851 1383 3924 urgente
1402 3836 1472 3917 -scd
1487 3840 1653 3918 voluptatis
1672 3843 1764 3926 cauffo
1772 3841 1870 3925 scissas
1886 3839 1983 3919 equs·

407 3914 533 3978 deducar
556 3962 565 3991 ,
589 3936 680 3992 quim¹
696 3920 728 3998 β
754 3938 799 3982 res
825 3920 927 3982 melior
943 3915 995 3997 effe
1009 3915 1181 3998 perseveres
1213 3914 1264 3980 diis
1286 3920 1344 3998 ipse
1365 3888 1553 4002 adstinuiffet,
1565 3917 1703 3998 solvere.

408 3992 429 4056 l.
452 3993 499 4072 38.
518 3999 546 4058 §·
559 3993 596 4058 de
612 3995 732 4061 haered·
748 4015 808 4074 pet.
833 3998 959 4062 Toum.-

447 4073 563 4136 Verum
583 4074 656 4138 licet
676 4076 814 4141 dominus
838 4081 887 4155 qui
909 4097 973 4142 rem
994 4074 1177 4155 suamrepe*
1540 4080 1567 4148 5·
1608 4083 1653 4146 X.-

407 4154 1184 4244 titteneaturtompensarevaloremexpensarum
1379 4195 1406 4261 D
1675 4192 1678 4199 =

405 4233 1177 4316 meliorationis,nontenerurtamencompensare
1406 4221 1422 4264 ε
1444 4196 1586 4282 ΡΟΜΜ
1608 4202 1698 4266 ''²⁴¹²“
1711 4200 1803 4279 fidu·

407 4314 545 4378 valorem
563 4316 810 4381 meliorationis.
829 4319 916 4397 Saepe
934 4321 1017 4382 enim
1037 4319 1181 4383 meliora«
1250 4312 1399 4377 Possessor
1417 4319 1510 4382 malae·
1526 4317 1596 4381 fidei
1619 4320 1671 4382 ille
1701 4317 1910 4398 intelligitur,-
1923 4316 1975 4392 qui
1988 4333 2048 4408 Qui

406 4393 454 4455 tio
482 4397 527 4456 rei
557 4394 622 4472 plus
651 4395 742 4460 valet
765 4418 855 4475 quani
874 4396 1012 4476 expensae
1039 4397 1124 4463 sastae
1146 4402 1182 4461 in
1212 4394 1422 4459 remalienam
1448 4398 1704 4478 itiinlieaccepi't,
1723 4401 1972 4474 arretinet‚aut
1989 4403 2048 4458 letio

406 4490 440 4535 re
456 4473 669 4539 melioranda.
701 4475 758 4541 Ille
784 4496 889 4543 autem
912 4484 1010 4543 maior
1030 4480 1119 4543 valor
1140 4478 1181 4543 ad·
1210 4470 1412 4550 consumpsit,
1432 4480 1483 4541 vei
1510 4480 1662 4546 alienavit
1685 4498 1798 4557 putans
1811 4478 1879 4542 eise
1899 4479 1973 4542 alie·
1990 4476 2048 4576 ’Ἣ

402 4553 564 4617 dominum
588 4553 700 4632 spettat
717 4560 762 4621 rei
781 4601 794 4618 .⁴
810 4561 910 4636 igitur
927 4558 1016 4624 debet
1035 4559 1177 4624 dominus
1212 4573 1302 4647 nain,
1318 4557 1368 4618 vel
1385 4556 1415 4619 se
1432 4577 1501 4623 eam
1518 4561 1653 4640 legitime
1671 4582 1730 4624 non
1741 4558 1887 4637 possidere
1898 4604 1913 4637 ,-
1924 4557 1975 4624 vel
2007 4549 2047 4643 ‘id

405 4629 567 4698 refundere
584 4635 620 4699 ad
641 4638 850 4713 aequalitatem
866 4661 921 4716 pro
939 4639 1094 4718 expensis,
1115 4660 1176 4702 uon
1211 4653 1250 4696 ex
1268 4641 1591 4724 ignorantiagraviter
1604 4641 1746 4719 culpabili
1758 4641 1899 4704 iudicans·
1915 4641 1979 4705 csse
1989 4665 2047 4714 mi

406 4730 484 4777 vero
505 4735 564 4790 pro
579 4713 668 4805 ipsius
688 4720 732 4807 rei
756 4721 884 4784 valore.
905 4718 955 4783 Sic
968 4742 1009 4785 ex
1022 4721 1045 4784 s.
1062 4719 1178 4802 infieri·
1212 4713 1297 4779 suam
1310 4718 1473 4785 .P0ssesior
1483 4723 1574 4788 malae
1585 4722 1656 4785 fidei
1676 4738 1872 4786 teneturrem
1882 4721 1975 4798 ipsam

406 4792 442 4856 do
461 4799 485 4858 s.
509 4795 544 4858 de
564 4815 593 4882 re
614 4798 727 4862 vindic.
750 4799 780 4860 Si
798 4802 941 4875 expensae
963 4800 1104 4877 superent
1124 4821 1178 4864 va·
1212 4795 1370 4860 restituere
1388 4796 1413 4860 si
1430 4819 1538 4881 extet,
1558 4803 1609 4868 sel
1627 4801 1647 4864 si
1665 4799 1877 4878 consumpsit,
1901 4821 1982 4865 ven-¹

406 4872 505 4937 iorem
528 4875 771 4954 meliorationis,
792 4880 932 4943 dominus
949 4885 993 4945 rei
1014 4899 1077 4944 nou
1093 4896 1175 4943 tene·
1211 4876 1315 4953 didit,
1342 4879 1394 4941 vel
1423 4881 1552 4947 donavit
1577 4887 1727 4960 Praetium
1747 4888 1812 4948 eius
1840 4885 1981 4957 aequivr·

410 4968 462 5015 tur
481 4955 648 5019 retribuere
669 4959 782 5035 aliquid
804 4981 859 5037 pro
876 4959 1084 5038 hocexcessu,
1102 4961 1177 5025 alias
1213 4958 1294 5035 lens,
1327 4958 1362 5022 dt
1387 4961 1424 5025 ad
1447 4961 1504 5026 hoc
1530 4980 1657 5027 tenetur
1680 4960 1800 5027 etiamsi·
1824 4965 1972 5039 perierit,

408 5047 573 5124 teneretur
597 5038 737 5103 dominus
762 5056 827 5103 rem
851 5038 934 5104 suam
962 5058 1067 5103 emere·
1091 5039 1178 5118 super
1214 5056 1268 5102 aut
1288 5035 1325 5101 ab
1344 5040 1408 5105 alio
1427 5045 1455 5104 ei
1472 5041 1636 5123 rapta-fit,
1656 5043 1690 5110 dc
1710 5048 1793 5108 ratio
1813 5041 1857 5107 esl
1877 5044 1981 5104 mani·

405 5129 472 5177 cius
491 5116 656 5195 valorem,
677 5119 757 5197 quod
777 5115 935 5186 absurdum
949 5118 1009 5185 esi.
1030 5120 1061 5184 Si
1084 5121 1178 5187 dosui-
1196 5116 1303 5197 ‚setin
1327 5124 1506 5197 ‹iiiia-nenio
1520 5143 1562 5190 eir
1581 5144 1614 5191 re
1630 5126 1730 5192 aliena
1745 5122 1820 5190 ideis
1839 5140 1910 5215 cum
1930 5123 1981 5186 al·

1652 5223 1655 5228 ’
1838 5221 1943 5269 terius
