4425 6000
404 584 406 587 .
492 515 665 588 Tener.
688 533 746 584 na
774 511 1029 582 vincieris
1057 506 1279 583 Dicimur
1308 510 1414 578 cir.
1445 508 1507 578 ill.
1664 533 1736 604 331

220 639 267 694 na
284 621 336 687 sui
351 620 385 681 ,in
403 618 471 691 pias
494 610 716 697 profundentes·
729 605 939 695 sundatipnes,
956 605 1010 672 &¹
1030 603 1205 696 suetudines
1241 606 1379 672 locorum
1401 649 1409 667 .
1440 603 1594 670 Haueris
1622 606 1662 674 sic
1700 612 1794 675 Cuni-

222 698 424 776 recitamus
447 690 751 757 liberishonclleleu
766 688 992 764 decenterpro·
1028 687 1141 751 liaeus.

225 755 335 850 uidete
355 798 419 841 non
440 777 564 839 valent.
1065 770 1213 830 Parentes
1227 765 1354 830 tandein
1371 761 1747 842 ptaetetsullentationem
1758 769 1793 836 dt
1808 801 1846 849 ῃ,
1865 798 1934 851 deii.

226 889 231 897 ·
268 864 345 926 Non
363 856 443 920 secus
466 876 500 918 ac
516 852 652 917 debitum
675 847 867 925 relinquendi
886 844 1002 924 legiti-¹
1026 846 1241 909 educationem
1260 848 1404 920 civilem,
1427 845 1464 909 de
1488 847 1595 924 quibus
1618 850 1763 915 hasiensis
1781 902 1789 927 ,
1810 868 1935 914 roraret.

231 965 315 1009 mam
332 939 456 1016 pueris,
483 932 629 996 incumbit
651 928 842 1007 genitoribus
867 947 910 991 ex
922 929 994 988 iure
1029 943 1175 989 tenentur
1193 925 1323 989 educare
1340 924 1421 989 filios
1443 928 1474 987 in
1495 932 1560 991 vita
1582 929 1733 1008 spirituali
1756 930 1792 997 &
1812 941 1874 1003 ΝΜ,
1887 939 1935 1002 930

226 1026 348 1102 paritet
374 1015 511 1080 naturali
534 1018 760 1088 competentem
784 1009 892 1072 dotem
918 1006 995 1068 date
1026 1003 1225 1068 Christiana.
1259 1007 1299 1070 Et
1321 1005 1386 1068 haec
1406 1004 1449 1068 ell
1479 1007 1687 1085 urgentissima
1713 1012 1791 1075 obli-
1853 990 1934 1105 ‘'tif'‘

224 1102 370 1172 filiabus,
387 1095 506 1171 quando
522 1092 634 1156 nubere
650 1089 777 1164 uelint,
795 1109 866 1151 cum
886 1084 993 1149 doslo·
1030 1088 1116 1162 gatio
1137 1106 1211 1174 quie
1237 1086 1303 1173 ipsis
1321 1085 1486 1174 incumbit,
1513 1105 1547 1151 ut
1578 1087 1730 1170 Ephesior,
1759 1094 1789 1153 6.
1809 1070 1937 1169 2⁸„ssss

222 1205 300 1249 cum
327 1176 439 1243 habeat
463 1175 704 1241 alimentorum,
724 1188 792 1242 quie
810 1185 902 1243 patet
922 1166 991 1227 iure
1023 1164 1161 1254 Educere
1182 1166 1248 1227 illos
1269 1186 1300 1227 iri
1321 1163 1533 1255 disciplina&
1550 1168 1724 1248 correptione
1735 1176 1792 1233 Do·
1806 1185 1929 1236 cirione.

230 1280 351 1328 natutae
373 1256 464 1322 debet
492 1252 552 1316 luae
581 1249 685 1327 proli..
716 1247 759 1310 Et
789 1243 937 1324 quidquid
952 1240 994 1306 sit
1027 1242 1178 1320 merim&
1198 1242 1315 1308 Eccles.
1330 1264 1356 1321 7.
1375 1247 1445 1308 Filii
1465 1242 1517 1310 ribi
1530 1244 1631 1325 sunu
1651 1251 1737 1313 nudi
1758 1250 1794 1313 il·

227 1363 304 1407 num
319 1335 427 1403 alicubi
444 1336 475 1395 in
492 1331 564 1396 soto
580 1345 711 1393 externo
724 1343 873 1390 vteneatur
888 1324 993 1388 dotem
1022 1324 1087 1386 ¹los.
1108 1325 1202 1400 Quod
1228 1347 1297 1387 cum
1317 1324 1412 1390 tribus
1432 1326 1528 1389 modis
1543 1327 1611 1390 fieri
1629 1328 1734 1407 possit,
1757 1349 1793 1395 ut

223 1424 302 1486 clare
320 1416 395 1482 sillae
413 1435 484 1492 quae
503 1411 563 1474 sine
577 1406 632 1474 suo
646 1403 793 1473 consensu
812 1402 914 1481 nupsit
932 1405 994 1467 mi·
1028 1403 1099 1465 liuic
1121 1402 1302 1482 grauissimo
1322 1406 1408 1467 oneri
1438 1408 1526 1481 plene
1544 1453 1554 1483 ,
1572 1407 1716 1485 digneque
1742 1409 1757 1473 s
1774 1441 1789 1458 ·

229 1521 286 1565 nor
302 1518 349 1576 ²5·
361 1498 469 1569 annis;
489 1489 649 1555 secundum
664 1506 771 1551 tamen
791 1488 994 1559 Bonacinam,
1025 1479 1207 1570 tissaciant,
1231 1490 1292 1549 tria
1308 1484 1453 1563 praellare
1473 1503 1621 1549 tenentur
1639 1508 1665 1549 1.
1682 1509 1792 1567 nempe

227 1583 315 1645 'cuius
334 1574 496 1640 sententiae
517 1590 584 1646 quae
603 1568 679 1630 mihi
706 1564 834 1631 >uidetur
854 1563 994 1643 probabi·
1022 1582 1079 1627 eos
1094 1562 1222 1629 solicite
1239 1585 1298 1643 per
1317 1565 1347 1627 se
1368 1566 1417 1625 uel
1440 1585 1491 1639 pet
1506 1565 1581 1629 alios
1601 1569 1792 1633 edocerent·
1846 1615 1850 1622 -

227 1662 292 1723 :lior
307 1657 345 1720 ob
367 1652 587 1730 indulgentiam
612 1646 749 1711 debitam
764 1641 926 1724 fragilitati
949 1639 995 1705 se·
1026 1641 1154 1706 cesl‘atia
1178 1643 1220 1707 ad
1254 1662 1405 1708 aeternam
1438 1643 1596 1722 salutem,
1627 1652 1789 1726 vitamque

232 1759 288 1802 xus
305 1736 339 1802 dt
360 1733 521 1810 imperitia·
534 1731 642 1792 aetatis
662 1725 771 1802 puellae
798 1725 926 1789 minoris
945 1742 993 1799 25.
1023 1719 1232 1786 Christianam
1258 1728 1406 1802 agendam
1426 1746 1435 1799 3
1458 1744 1485 1783 a.
1508 1745 1571 1788 non
1601 1726 1697 1790 solum
1717 1749 1789 1793 ver·

231 1837 402 1894 annorum,
423 1802 822 1876 adliaetendumexillimoin
836 1801 993 1867 sorocon·
1022 1802 1091 1879 bis,
1105 1799 1159 1864 sed
1174 1806 1274 1865 etiam
1293 1804 1433 1877 extmplo
1455 1805 1629 1870 admotum
1650 1805 1793 1874 sanilita·

225 1895 389 1971 scientiae,
405 1908 528 1957 tenetur
548 1905 633 1963 patet
657 1885 771 1949 >dotare
795 1883 910 1961 filiam,
924 1901 993 1957 quae
1026 1899 1092 1944 tem
1124 1883 1312 1959 perducere,-
1342 1898 1370 1959 3.
1401 1880 1610 1959 delinquentes
1640 1890 1792 1965 corrigere

227 1978 262 2039 in
281 1975 336 2038 tali
357 1973 465 2035 minori
485 1985 582 2034 aetate
599 1968 694 2030 nubat
716 1964 778 2040 ipso
793 1965 921 2038 invito,
939 1977 992 2025 aut
1021 1962 1236 2039 obiurgando,
1250 1959 1290 2026 ἀ
1310 1984 1380 2025 curn
1399 1980 1543 2038 oportet,
1563 1964 1722 2029 moderate
1740 1988 1793 2043 pu·

231 2054 329 2119 nubat
351 2050 493 2127 indigno,
510 2051 539 2110 ei
557 2044 672 2108 scilicet
684 2093 691 2117 ,
705 2048 755 2107 cui
776 2043 815 2106 ob
842 2043 991 2116 depraua-
1029 2042 1160 2129 rtiendo,
1179 2040 1323 2105 Proverb.
1341 2057 1390 2120 23.
1411 2042 1487 2106 Noli
1500 2041 1671 2120 subtrahere
1689 2053 1712 2106 α’
1721 2062 1794 2124 prce·

226 2152 282 2197 *tos
299 2135 364 2194 eius
376 2147 505 2200 mores,
529 2144 588 2189 aut
608 2123 766 2187 uilitatem
790 2126 910 2201 generis
943 2120 990 2183 vel
1027 2141 1060 2182 ro
1080 2118 1283 2206 disciplinam.
1300 2121 1410 2199 Qioad
1432 2125 1560 2197 primuni
1578 2141 1723 2189 tenentur
1742 2147 1795 2204 pa·

226 2212 380 2276 bonorum
401 2205 609 2283 disparitatem
626 2202 746 2265 nonnisi
774 2203 918 2265 indecore
935 2221 992 2262 nu·
1028 2218 1130 2262 rentes
1150 2202 1252 2263 sedulo
1274 2222 1379 2265 curare
1401 2201 1451 2265 vel
1474 2222 1524 2277 per
1545 2197 1719 2280 semetipsos
1738 2205 1789 2269 vel

226 2290 304 2353 bere
320 2286 429 2366 poffir.
448 2284 540 2360 Quod
557 2283 599 2346 de
619 2281 700 2346 dote
726 2281 860 2357 nuptiali
884 2280 993 2343 diilum
1029 2299 1079 2354 pet
1102 2280 1180 2343 alios
1202 2280 1326 2343 idoneos
1347 2302 1381 2344 ac
1404 2280 1509 2356 probos
1531 2279 1793 2362 instruiturque

225 2368 293 2446 ell,
309 2368 541 2444 intelligendum
560 2364 654 2426 etiam
668 2360 706 2425 de
725 2362 797 2424 dote
814 2360 851 2423 ad
878 2358 989 2445 ingres·
1024 2361 1148 2437 pueruli
1168 2358 1275 2421 slatini
1293 2382 1327 2422 ac
1345 2359 1412 2423 lieri
1429 2360 1549 2438 potest,
1569 2360 1719 2444 mylleriis
1739 2363 1791 2425 Fi·

225 2444 568 2523 ‚sttm·Rtligionis.'Sic
601 2443 717 2506 Pontas
747 2441 784 2503 V.
803 2440 857 2504 dos
881 2443 939 2504 cal.
961 2440 989 2500 6.
1027 2438 1073 2500 dci
1094 2437 1288 2513 imbuantur,
1308 2438 1424 2503 discant
1446 2440 1631 2504 Orationem
1653 2444 1792 2506 Domini·

223 2530 346 2593 ,citatus
363 2526 410 2587 hic
431 2544 450 2586 a
472 2522 678 2586 Tourneleio.
999 2546 1002 2569 ι
1027 2537 1094 2581 cam
1114 2566 1123 2594 ,
1140 2519 1366 2584 Salutationem
1384 2521 1567 2597 Angelicam
1586 2570 1594 2595 ,
1614 2521 1794 2603 Symbolum

268 2605 427 2669 ceterum
446 2601 562 2666 dantur
574 2601 673 2674 aliqui
700 2599 788 2664 casus
835 2597 993 2676 inquibus
1025 2598 1264 2676 Apostolorum,
1284 2618 1436 2677 precepta
1456 2597 1739 2681 Dei&liccleliae,
1758 2601 1794 2669 dt

228 2685 309 2750 iulla
331 2681 411 2748 adell
434 2649 992 2760 ratio,utparentesiusleerrhaere·
1025 2674 1106 2753 saepe
1130 2682 1264 2755 experiri
1290 2680 1399 2743 debent
1423 2700 1461 2741 an
1489 2679 1541 2743 illa
1564 2679 1725 2747 didicerint
1755 2683 1790 2749 ὰ
1848 2695 1851 2699 ’

232 2765 304 2828 date
326 2762 434 2841 possint
455 2761 534 2824 filios
555 2808 563 2837 ,
584 2755 719 2834 filiasque
747 2760 820 2823 dote
850 2762 992 2835 privare3
1027 2761 1185 2821 memoriae
1201 2760 1433 2823 commendent.
1458 2758 1556 2836 item,
1575 2778 1612 2823 ut
1628 2765 1716 2825 iuxta
1736 2783 1791 2826 eo·

233 2861 300 2919 quie
322 2842 399 2906 iulla
421 2839 524 2906 caull'a
544 2843 581 2900 in
604 2837 791 2902 testamento
811 2861 828 2901 a
849 2841 993 2915 genitore
1029 2857 1094 2897 rum
1115 2852 1261 2915 atatem,
1280 2837 1314 2903 ἀ
1329 2855 1452 2911 captum
1474 2836 1664 2905 instruantur
1685 2844 1723 2904 de
1740 2862 1792 2904 ne·

229 2922 448 2988 exheredante
482 2917 677 2998 exprimenda
714 2915 784 2993 cll,
821 2935 927 2992 nempe
955 2914 1003 2978 ob'
1027 2914 1184 2994 retiariis,
1202 2915 1237 2980 dt
1258 2916 1406 2993 requisitis
1429 2917 1465 2980 ad
1481 2918 1679 2984 Sacramenta
1700 2920 1793 3001 digne

231 3022 357 3084 gravem
387 3003 548 3079 culpam,
594 2996 847 3076 ingratitudinem
885 3013 993 3060 contra
1029 3016 1063 3058 ac
1082 2991 1236 3061 fniumse
1255 2998 1448 3075 recipienda3
1474 2996 1575 3063 &ubi
1595 3004 1676 3076 prior
1701 3005 1795 3065 ratio·

228 3081 309 3161 ipsos
336 3084 488 3160 genitores
513 3078 692 3156 admissam,
716 3076 766 3141 vel
798 3077 992 3152 dilapidatio·
1028 3079 1075 3138 nis
1095 3075 1196 3141 radius
1216 3082 1259 3140 eis
1280 3076 1451 3155 affulserit,
1469 3077 1592 3142 sludere
1602 3099 1636 3144 ut
1647 3082 1682 3144 ad
1694 3081 1794 3145 ὓευω

228 3181 302 3226 uem
316 3161 471 3225 bonorum
492 3157 632 3235 familiae,
654 3159 704 3222 vel
731 3159 832 3222 vitam
856 3157 1002 3220 luxurio<
1026 3176 1080 3232 per
1095 3174 1235 3220 amorem
1255 3155 1285 3221 se
1312 3175 1523 3234 convertant,
1544 3179 1686 3224 accurate
1715 3158 1795 3225 sata·

231 3238 295 3307 sam
315 3241 407 3320 liliae,
427 3242 498 3318 quia
517 3257 590 3305 tunc
611 3238 814 3303 huiuscemodi
839 3236 993 3314 pienadi·
1027 3234 1126 3313 gendo
1152 3252 1188 3300 ue
1216 3258 1285 3302 cam
1311 3238 1397 3302 Fidei
1427 3238 1607 3302 rudimentis
1639 3238 1794 3306 instrudlio

226 3327 281 3398 gni
298 3317 385 3385 sunt..
1000 3340 1003 3380 ;
1028 3317 1211 3394 adiungatur
1225 3319 1263 3380 de
1280 3321 1423 3394 agendis,
1441 3335 1477 3382 ut
1495 3317 1615 3383 solicite
1631 3320 1795 3385 Ecclesiam

177 3399 209 3451 ¹1⁸
260 3400 518 3478 Qundoautem
539 3417 625 3476 pater
644 3399 723 3461 bona
745 3397 903 3472 dissipavit
918 3417 993 3460 cum
1029 3395 1275 3473 frequentent&
1296 3401 1510 3474 Sacramenta,
1531 3415 1565 3460 ut
1583 3400 1794 3466 Catechesibus

177 3475 202 3511 Ὦ·
225 3478 346 3545 iaslura
369 3480 516 3558 legitimae
537 3477 608 3541 filiis
625 3478 755 3555 debitae,
774 3476 829 3539 nili
852 3477 908 3540 lroc
928 3479 993 3540 ani·
1028 3477 1171 3541 intersint
1191 3475 1224 3540 dt
1247 3478 1460 3543 concionibus.
1484 3476 1652 3555 Invigilare
1679 3485 1793 3557 paritet

207 3559 281 3623 'mo
301 3557 488 3633 diffiniverit
516 3575 551 3620 ut
576 3560 643 3620 illos
671 3558 807 3635 legitima
830 3559 992 3631 privaret,
1028 3557 1138 3620 debent
1163 3574 1199 3619 ut
1220 3578 1238 3621 a
1263 3561 1349 3623 vitiis
1378 3561 1468 3622 aetati
1493 3559 1794 3634 correspondentibus

222 3650 289 3702 tlon
317 3642 435 3714 poterit
459 3635 541 3698 filius
568 3639 717 3711 integram
748 3635 913 3710 legitimam
941 3651 993 3708 pe-
1029 3639 1265 3711 deterreantur,·
1286 3640 1364 3700 item
1383 3635 1501 3699 solicite
1517 3658 1625 3699 curate
1646 3655 1682 3701 ut
1703 3638 1794 3717 longe

226 3736 318 3794 tete,
337 3712 411 3792 ¹quae
438 3713 490 3778 sibi
511 3717 691 3792 contingere
720 3712 862 3774 deberet.
885 3713 915 3772 Si
935 3711 992 3772 filii
1027 3713 1107 3777 slent
1130 3734 1148 3774 a
1168 3710 1380 3782 familiaritate
1403 3737 1440 3778 ac
1465 3715 1705 3780 conversatione
1725 3740 1795 3781 cum

225 3797 340 3860 cedant
359 3796 436 3870 patri
458 3795 608 3871 petenti,
629 3794 779 3867 propriam
799 3791 994 3878 legitimam,
1027 3791 1178 3858 sodalibus
1197 3793 1313 3858 discolis
1332 3794 1366 3859 ἃ
1388 3791 1590 3872 scandalolis;
1611 3817 1683 3860 nam
1705 3795 1796 3861 huiu-

225 3875 262 3938 δι
281 3873 413 3949 dotem,
436 3870 470 3936 dt
487 3890 625 3947 tempore
643 3870 706 3934 suae
722 3872 833 3933 mortis
854 3871 993 3945 acquilie·
1029 3870 1157 3937 icemodi
1179 3872 1331 3938 consortia
1349 3878 1496 3936 iuvenum
1515 3893 1633 3940 urentes
1651 3875 1794 3941 inficiunt
1864 3944 1866 3948 ,

219 3957 268 4016 tit
284 3951 361 4016 bona
391 3950 599 4028 sufficientia,
623 3968 769 4028 poterunt
794 3946 851 4012 filii
872 3948 906 4014 ἀ
922 3948 992 4016 filiae
1025 3951 1062 4017 dt
1086 3952 1258 4029 depravant
1286 3956 1377 4016 iuxta
1402 3953 1477 4014 illud
1508 3950 1611 4030 psalm.
1640 3976 1688 4036 17·
1718 3960 1795 4021 curn

225 4050 332 4109 petere
352 4033 431 4106 quod
453 4030 629 4108 cesserunt,
645 4034 717 4107 quia
737 4028 902 4107 prudenter
919 4050 993 4094 cen·
1024 4031 1122 4112 sancio
1138 4030 1259 4112 sendus
1279 4032 1356 4109 err'r,
1376 4030 1417 4099 Φ
1433 4051 1501 4094 cum
1516 4035 1656 4117 perverso
1674 4054 1793 4113 perter-

225 4108 460 4175 senturcelsrlse
477 4112 533 4175 hac
551 4112 752 4187 conditione,
769 4107 825 4171 nisi
841 4108 921 4172 bona
939 4129 991 4171 ex·
1027 4113 1116 4176 rrrr'r.
1142 4113 1283 4178 Tandem
1305 4130 1450 4176 tenentur
1470 4134 1522 4176 eos
1543 4115 1691 4181 inllruere
1706 4117 1795 4179 Cliti·

225 4194 371 4256 titerint.
393 4192 529 4267 Qtando
549 4189 622 4254 filia·
645 4209 769 4267 accepta
791 4191 864 4276 dote
881 4190 992 4253 Matri·
1028 4194 1130 4257 silanis
1159 4194 1359 4258 documentis·
1379 4195 1460 4257 circa
1488 4213 1612 4268 peccata
1637 4197 1794 4272 vitanda,

226 4272 365 4333 monium
385 4274 494 4335 ineunt
517 4319 526 4349 ,
558 4272 590 4335 oc
613 4270 774 4334 cessionem
793 4272 913 4333 iaciunt
943 4291 994 4332 cu·
1025 4293 1192 4348 eorumque
1211 4271 1382 4337 cccasiones
1409 4268 1583 4351 fugiendas,
1604 4277 1796 4351 virtutesque

225 4348 400 4425 iustumque
422 4354 497 4413 iuris
519 4350 557 4414 ad
572 4350 650 4413 bona
672 4366 798 4427 paterna
815 4347 993 4413 &elihanc
1024 4353 1214 4417 Chrillianas
1243 4352 1427 4415 exercendas
1449 4401 1457 4427 ‚
1483 4374 1635 4431 operaque
1668 4359 1794 4430 pietatis

221 4427 387 4492 cessionem
400 4427 518 4492 saciant
535 4430 665 4493 indque
688 4426 812 4506 sraude,
836 4430 991 4509 vi,dolo,
1026 4433 1225 4509 excolenda3
1256 4429 1381 4506 ipsisque
1413 4432 1561 4495 instillare
1588 4439 1731 4500 timorem
1760 4437 1794 4498 dt

222 4511 410 4586 importunis
427 4506 585 4585 precibus,
605 4526 751 4584 poterunt
776 4528 793 4570 a
811 4507 866 4571 tali
886 4507 992 4572 cellro-
1024 4532 1162 4576 amorem
1181 4533 1251 4574 crea
1271 4511 1390 4589 Deum,
1409 4511 1609 4577 devotionem
1631 4535 1701 4594 erga
1720 4513 1793 4576 Dci-

179 4642 182 4647 .
226 4605 269 4650 ne
299 4591 522 4651 relaxationem
558 4587 610 4651 seu
640 4585 839 4652 rescissionem
862 4605 990 4666 petere⁴
1027 4613 1131 4667 param
1154 4592 1188 4656 dt
1210 4591 1348 4668 Sanilos,
1365 4614 1402 4655 ac
1424 4591 1578 4657 horrorem
1605 4597 1725 4671 peccati
1750 4593 1795 4656 le·

226 4665 425 4732 lunerirnrsi
448 4666 541 4732 talem
561 4665 723 4732 cessionem
742 4668 857 4745 libere,
876 4668 991 4732 &nul
1028 4674 1146 4735 thalis.
1179 4670 1344 4734 Tenentur
1365 4673 1401 4734 ad
1432 4669 1589 4748 specialem
1618 4694 1690 4755 erga
1711 4674 1792 4741 filias

224 4746 257 4812 la
278 4748 506 4812 interveniente
518 4744 650 4823 fraude,
667 4746 992 4826 vi,dolo,·&c.sece·
1027 4751 1195 4816 custodiam
1240 4753 1274 4816 dc
1296 4774 1386 4827 quain
1409 4756 1540 4816 maxine
1566 4757 1726 4833 invigilare
1755 4773 1794 4816 ne

221 4828 291 4891 rint
310 4847 380 4893 cum
398 4834 553 4909 proprio,
581 4827 773 4904 liliorumque
795 4827 994 4904 praeiudicio,
1028 4836 1178 4896 inverecu
1219 4831 1287 4893 ese
1306 4852 1418 4897 ornent
1466 4854 1505 4896 ue
1526 4854 1639 4897 vanam
1658 4833 1794 4914 pulchri·

219 4905 322 4972 adlurc
343 4927 361 4969 a
378 4909 443 4971 iure
465 4909 552 4972 irrita
574 4928 610 4973 ac
626 4907 914 4971 nulladeclaratur.
933 4909 993 4969 Ve-
1029 4911 1168 4974 tudinem
1184 4908 1346 4989 mitilene,
1366 4935 1405 4976 ne
1427 4880 1600 4979 senelirissc
1615 4933 1794 4996 exponant,

221 5007 294 5051 rum
315 4983 403 5064 supet
424 4985 481 5052 boc
500 4986 712 5065 consulendae,
732 4985 766 5051 ὅ(
795 4986 991 5052 attendendae
1027 5012 1066 5053 ne
1093 4992 1245 5054 amicitias
1276 5013 1347 5055 cum
1381 4992 1514 5070 personis
1542 4992 1667 5061 alterius
1705 4993 1792 5062 sexus

222 5064 294 5131 sunt
315 5066 517 5146 municipales
537 5066 644 5147 leges,
666 5065 889 5145 peculiaresque
917 5087 990 5132 con·
1027 5074 1151 5148 ineant,
1174 5090 1214 5136 ne
1231 5068 1297 5136 ‚sine
1317 5069 1392 5137 lulla
1409 5094 1445 5140 ac
1461 5074 1581 5152 urgenti
1613 5078 1733 5148 ratione
1758 5080 1794 5143 in

1699 5177 1754 5235 pu·
