4425 6000
471 538 544 618 128
695 529 1717 612 'stanneaitriurrtt&c.cae.uirio.

414 639 456 704 iit
466 633 577 715 copula
596 631 683 702 sibit
703 630 808 712 puella
821 632 962 697 concessa
975 630 1175 713 deprehendit
1211 650 1401 704 eventurum
1416 636 1637 703 inconveniens
1652 655 1692 701 ex
1720 632 1775 700 tali
1803 642 1984 719 neptim

410 739 482 795 nm
501 737 564 782 oon
581 717 643 779 effe
664 716 813 795 virginem
833 710 1004 787 scuticam
1024 711 1178 785 existim-
1209 712 1368 785 contractu
1386 735 1395 790 3
1415 717 1487 794 quia
1507 714 1597 781 nulla
1621 714 1701 780 adesi
1727 713 1806 783 iulia
1823 724 1907 787 tatio
1930 723 1982 794 seu

410 798 465 866 bat
481 846 491 879 ,
509 795 543 865 dt
565 814 767 867 cummuniter
783 792 976 874 hibebnn,
1005 814 1068 858 riori
1088 811 1177 858 tene·
1209 790 1340 870 caussa,
1367 813 1480 873 quaea
1512 794 1568 858 tali
1595 793 1698 860 debito
1725 815 1797 860 eum
1820 800 1987 882 absolvat,

413 896 467 945 tor
487 882 519 941 in
538 875 608 942 soro
620 876 814 947 conscientia
835 870 912 937 liare
928 871 1118 949 promissioni
1139 871 1177 945 de
1208 872 1301 951 Qiod
1321 874 1343 935 li
1358 875 1539 940 conditione
1558 875 1718 941 mulierem
1738 878 1919 947 notabiliter
1927 904 1983 949 ex·

414 960 613 1032 matrimonio
632 980 642 1035 ;
669 960 741 1034 quia
759 976 829 1020 curn
850 951 958 1019 adhoc
974 949 1005 1019 se
1022 953 1177 1033 obligave-
1206 951 1299 1021 cedat
1317 1002 1327 1033 ,
1344 951 1417 1018 latis
1432 956 1492 1019 erit
1514 971 1550 1019 ut
1566 975 1661 1033 eam,
1688 950 1777 1020 sicuti
1807 959 1883 1027 aliar
1901 962 1983 1029 dixi·

416 1031 459 1105 rit
475 1042 507 1102 in
522 1033 803 1115 compensatiouem
829 1033 955 1110 violato
985 1036 1178 1113 virginitatit
1211 1054 1277 1098 mut
1297 1035 1334 1099 de
1354 1029 1559 1110 defloratore,
1578 1032 1750 1113 compenset
1760 1057 1773 1114 ,·
1792 1036 1883 1107 &ita
1899 1048 1986 1121 pari·

413 1118 472 1185 hac
488 1139 542 1196 per
561 1137 629 1183 eim
644 1115 784 1194 copulam
801 1133 862 1178 tion
884 1111 1011 1198 amissa,
1027 1133 1090 1178 nori
1110 1111 1179 1177 sub·
1212 1130 1260 1178 tet
1275 1111 1435 1181 dicendum
1455 1113 1477 1186 si
1498 1115 1556 1182 boc
1572 1130 1676 1185 tentet
1692 1135 1763 1180 cum
1789 1118 1916 1187 bonella
1932 1126 1984 1193 vi·

415 1200 519 1265 licitur
545 1200 629 1266 oneri
660 1197 735 1261 adeo
760 1195 875 1274 gravi3
911 1214 973 1258 non
1006 1191 1177 1260 absolvitur
1210 1191 1289 1267 dua,
1322 1192 1389 1260 lmu
1417 1194 1514 1259 talem
1536 1193 1735 1261 contraheret
1762 1196 1984 1281 obligationem

415 1295 520 1345 tamen
540 1301 559 1346 a
578 1277 679 1342 debito
700 1275 953 1351 compensationis
974 1270 1088 1338 debitae
1111 1272 1177 1339 usui
1210 1275 1261 1352 qui
1289 1294 1360 1356 erga
1385 1274 1565 1354 virginem,
1594 1273 1646 1338 vel
1677 1274 1835 1346 honestam
1854 1281 1984 1356 viduam

414 1358 529 1425 carnali
551 1358 685 1437 persono
702 1376 766 1423 non
788 1356 914 1433 virgini.
937 1351 1178 1418 Verumsrcom·
1211 1351 1309 1434 gellus
1340 1354 1419 1426 talei
1449 1374 1553 1419 coram
1574 1352 1643 1419 aliis
1675 1351 1823 1438 faceret,
1850 1359 1985 1438 ipsane·

413 1442 551 1504 munirer
570 1437 764 1507 habeaturut
776 1436 888 1514 virgo,
908 1433 1180 1510 &ertalicarnali
1210 1452 1344 1512 nuente,
1364 1454 1446 1513 aegre
1462 1430 1579 1515 serente
1598 1482 1607 1511 ,
1624 1453 1660 1499 ac
1676 1432 1752 1504 serio
1772 1440 1983 1524 reprobante,

412 1518 467 1585 usu
487 1515 674 1590 infametur,
695 1515 745 1579 vel
770 1517 842 1591 quia
857 1516 1037 1592 concipiat,
1068 1513 1178 1582 veleri
1212 1531 1248 1580 ut
1277 1533 1317 1577 eii
1348 1514 1462 1579 talibus
1487 1510 1620 1593 gestibus
1656 1518 1795 1590 vident„
1819 1526 1984 1601 concipe„

412 1599 478 1666 elio
494 1603 635 1675 motivo,
656 1613 692 1660 ut
706 1592 938 1660 aestimationem
956 1593 1114 1673 virginalis
1126 1593 1178 1657 de·
1213 1590 1334 1673 possent
1350 1587 1547 1671 suspicionem
1566 1594 1604 1656 de
1625 1593 1729 1673 aliquo
1746 1602 1878 1664 crimine
1897 1623 1984 1674 conrq

413 1680 493 1745 noris
513 1681 640 1744 amittat
661 1724 669 1753 ,
689 1670 846 1761 infamiam
868 1674 977 1749 puella
998 1721 1007 1752 ,
1032 1695 1124 1751 quam
1138 1694 1178 1737 ex
1212 1674 1319 1750 misle,
1340 1673 1390 1737 vel
1409 1670 1653 1749 committendo,
1672 1676 1833 1749 &exinde
1855 1700 1983 1760 propter·

414 1756 469 1825 suo
487 1757 605 1826 carnali
624 1756 784 1833 contreiiu
799 1754 968 1829 praevidere
985 1769 1108 1831 poterat
1131 1748 1179 1817 su·
1213 1751 1426 1831 praeiudicium
1445 1753 1523 1830 quod
1543 1749 1654 1819 subiret
1680 1757 1857 1829 earundem
1873 1757 1981 1842 fania,

415 1856 536 1917 turam,
557 1837 659 1909 aliquo
678 1832 805 1900 honeslo
822 1830 914 1897 modo
933 1853 1077 1909 reparate
1094 1848 1178 1896 tene·
1211 1834 1356 1897 damnum
1373 1832 1454 1909 quod
1479 1829 1547 1908 ipsit
1564 1880 1574 1911 ,
1601 1834 1653 1897 vel
1679 1832 1739 1904 suit
1772 1834 1952 1920 sequeretur
1969 1861 1983 1921 3

412 1914 515 1998 bitur,
532 1917 675 1982 videlicet
691 1934 755 1977 non
775 1912 946 1984 revelando
960 1910 1107 1977 defessum
1117 1910 1177 1977 suae
1212 1932 1319 1989 nempe
1336 1929 1446 1989 utpote
1467 1910 1577 1977 iniussa
1598 1914 1701 1983 caussa
1719 1916 1790 1989 talir
1809 1917 1914 1984 damni
1935 1936 1984 1983 te·

413 1998 708 2077 virginitatirfqui
726 2010 793 2068 erat
816 1990 893 2070 cnud
922 2012 1026 2061 omnes
1043 1994 1178 2071 incogni-
1212 2009 1339 2066 neretut
1359 1990 1411 2064 vel
1424 1994 1648 2068 matrimonio,
1670 1995 1720 2063 vei
1741 1997 1804 2065 alio
1819 1998 1913 2066 modo
1931 2019 1984 2079 te·

414 2093 487 2156 tiit,
508 2096 546 2145 ne
566 2078 660 2154 magia
681 2070 865 2149 infametur,
886 2068 996 2138 sedvel
1013 2069 1177 2137 sufficienti
1214 2068 1593 2148 sliculatorcompensare.
1615 2073 1708 2139 Secur
1722 2096 1800 2141 vero
1818 2076 1983 2143 dicendum

413 2155 487 2223 dore
508 2174 543 2222 ut
559 2155 649 2226 alteri
669 2148 785 2218 nubere
810 2149 896 2233 possit
916 2172 985 2216 eam
1014 2150 1178 2230 providen-
1212 2147 1374 2216 sisaemina
1390 2147 1494 2228 iisdem
1514 2148 1643 2229 gestibus
1674 2153 1927 2249 corresponderet
1947 2178 1985 2226 rc

413 2236 470 2314 do,
490 2236 542 2308 vel
558 2238 680 2313 nuptias
701 2252 773 2297 cum
791 2251 829 2298 ea
848 2231 1079 2310 contrahendo‚·
1105 2250 1179 2303 nam
1213 2233 1244 2292 in
1265 2231 1332 2296 illos
1352 2228 1556 2307 conspiraret.
1575 2230 1656 2295 Nam
1673 2236 1704 2296 in
1723 2236 1781 2299 tali
1799 2238 1892 2316 casii,
1911 2259 1984 2310 cum

413 2314 468 2394 sup
530 2318 592 2382 itur
608 2335 676 2378 eam
696 2310 725 2377 se
746 2312 894 2391 virginem
914 2309 1050 2385 finxisse,
1214 2310 1299 2376 nulla
1319 2313 1348 2374 ei
1371 2310 1514 2389 volenti,
1544 2308 1804 2381 &consentienti
1826 2315 1885 2383 fiat
1902 2320 1986 2383 iniu-

454 2337 549 2475 (lbnod
580 2412 685 2459 aurem
708 2391 820 2458 dicitur
848 2391 886 2455 de
915 2394 1032 2470 virgine
1053 2390 1109 2456 boc
1130 2391 1179 2453 ino
1214 2390 1389 2468 ria,nulla
1411 2391 1522 2454 idcirco
1546 2395 1577 2454 ei
1606 2390 1734 2458 debetur
1753 2395 1983 2476 compensatio,

414 2473 613 2557 telligendum
628 2490 747 2552 quoque
766 2469 802 2534 de
824 2491 1014 2550 quacumque
1043 2470 1104 2536 alia
1124 2470 1180 2534 ho·
1213 2470 1291 2536 bene
1311 2489 1386 2535 vero
1406 2470 1579 2548 patentibus
1604 2467 1657 2537 sub
1687 2493 1816 2552 quorum
1844 2496 1923 2546 cura
1947 2496 1986 2549 at

413 2552 495 2622 nesle
515 2552 654 2621 saemina.
677 2550 767 2614 Unde
783 2548 949 2615 sollicitans
967 2549 1122 2615 honestam
1132 2553 1179 2613 vi·
1213 2548 1349 2625 custodia
1364 2550 1468 2631 degit.

411 2638 506 2703 duam
529 2634 567 2702 ad
580 2632 734 2702 carnalem
755 2629 896 2707 copulam
921 2627 972 2694 sub
990 2627 1181 2707 promiffione

412 2715 600 2808 matrimonii
621 2710 684 2776 sive
706 2707 883 2804 l⁶l²ts¹V⁹
904 2709 989 2853 slidia,
1008 2708 1180 2852 terdreturad
1542 2718 1568 2780 ς.
1614 2713 1653 2778 v,

412 2791 840 2955 retinniunt
865 2810 1180 2963 intenti}
1292 2833 1340 2893 n
1501 2830 1761 2975 ,245qu
1784 2848 1965 2917 nn.

414 2954 530 3033 aliquid
551 2947 729 3026 adversetur
746 2967 820 3028 puta
835 2948 876 3014 ob
893 2951 1181 3029 disparitatemgra·
1282 3026 1289 3041 ⁹
1435 3025 1442 3041 .
1500 3025 1508 3042 .
1691 2957 1700 2974 ·

417 3035 491 3117 dui,
514 3035 594 3107 unde
611 3035 718 3112 gravia
738 3031 929 3095 incommoda
944 3052 983 3102 eii
994 3031 1102 3105 impari
1115 3050 1181 3103 ma·
1252 3023 1345 3092 Circa
1380 3022 1584 3104 obligationes
1616 3050 1687 3106 quae
1717 3031 1749 3095 in
1783 3033 1841 3099 tali
1869 3035 1989 3121 lnior.

417 3117 565 3183 trimonio
581 3114 654 3181 oriri
674 3109 818 3185 pollent,
847 3107 933 3174 sicuti
955 3114 1016 3174 iam
1031 3126 1181 3183 notatum
1215 3108 1353 3180 proximo
1374 3100 1533 3171 inserenda
1548 3109 1687 3174 contrahi
1706 3111 1827 3186 poliunt
1847 3115 1989 3195 ,viden-

415 3191 460 3259 esl
481 3199 513 3259 in
532 3189 602 3259 casu
617 3191 653 3254 de
669 3190 812 3267 Virgine,
828 3209 879 3264 per
887 3189 997 3266 aliquid
1008 3188 1088 3252 aliud
1097 3210 1181 3254 corn-
1213 3184 1345 3248 dum'ari
1364 3183 1548 3250 adulterium
1570 3187 1739 3259 innotescat
1768 3197 1885 3261 marito
1903 3242 1914 3272 ,
1932 3195 1989 3267 a&

416 3274 569 3352 pensando
587 3271 729 3334 iniuriam
750 3265 800 3345 ipsi
822 3269 939 3333 illatam
967 3267 1017 3342 vel
1038 3288 1105 3333 earn
1124 3269 1181 3333 do·
1215 3265 1312 3341 proles
1333 3268 1428 3330 etiam
1448 3261 1608 3341 sequatur.
1636 3268 1666 3332 Si
1697 3275 1779 3336 enim
1800 3274 1898 3352 proles
1919 3295 1988 3353 nep

417 3353 540 3430 tando,
570 3352 620 3416 vel
645 3369 714 3414 eam
734 3349 944 3425 providendo,
971 3367 1006 3412 ut
1037 3349 1182 3425 decenter
1215 3341 1377 3437 sequatur,
1397 3341 1448 3408 sed
1465 3349 1680 3414 tantummodo
1701 3354 1811 3417 iniuria
1832 3371 1907 3418 nota
1926 3355 1990 3432 liat

419 3438 529 3502 tinere
548 3448 641 3512 queat
661 3426 821 3505 secundum
837 3431 901 3503 eius
916 3429 1099 3506 conditionis
1121 3427 1182 3506 sia·
1215 3441 1327 3493 riiarito
1347 3471 1356 3502 ,
1379 3442 1454 3490 tunc
1483 3440 1630 3491 tenentur
1657 3429 1755 3495 solum
1778 3432 1915 3499 adulteri
1946 3431 1990 3501 ad

419 3531 504 3585 tum,
1215 3503 1412 3577 honorariam
1431 3500 1686 3589 satissadlionem,
1704 3512 1826 3575 veniam
1843 3533 1897 3590 pet
1911 3533 1989 3579 con.

458 3595 488 3661 Si
518 3592 586 3672 quii
613 3589 756 3658 violasset
778 3585 1060 3666 consanguineam,
1087 3610 1182 3667 copu-
1215 3583 1508 3677 gruostmediatorer
1529 3588 1684 3668 petendo;
1706 3590 1988 3674 adnihilumvero,

420 3675 482 3741 lam
501 3671 655 3741 carnalem
676 3667 751 3748 ,suh
770 3665 818 3744 spe
835 3670 1024 3732 matrimonii
1044 3666 1107 3734 live
1128 3688 1182 3732 ve·
1215 3666 1237 3729 li
1259 3661 1296 3727 ab
1314 3662 1369 3727 illu
1390 3665 1567 3743 ignoretur,
1588 3687 1645 3731 nec
1665 3669 1809 3741 damnum
1830 3668 1989 3739 ullumse-

416 3775 451 3822 re
470 3803 480 3835 ,
498 3754 562 3819 sive
583 3749 650 3816 filie
670 3747 881 3824 extorquendo
907 3746 941 3814 dr
968 3745 1071 3812 inste
1087 3746 1184 3812 fittin-
1216 3758 1354 3819 quatur,
1380 3739 1435 3836 nisi
1455 3763 1491 3809 ut
1509 3765 1526 3811 a
1544 3745 1611 3812 Deo
1636 3752 1757 3812 veniam
1787 3769 1924 3831 petant,
1950 3750 1989 3820 ἀ

417 3856 489 3903 nem
507 3829 728 3909 deprehendere
750 3828 802 3890 illa
823 3827 1058 3905 nonpntuiliet‚
1078 3824 1181 3892 aesini
1215 3838 1305 3886 urent
1327 3843 1381 3898 pro
1401 3841 1591 3902 innocente,
1618 3823 1654 3891 dr
1679 3847 1841 3905 procurent
1869 3833 1907 3896 nt
1940 3836 1987 3896 in.

416 3921 449 3980 in
472 3911 566 3996 gradu
595 3906 809 3989 dispensabili,
836 3905 924 3971 sicuti
949 3924 1043 3972 antea
1071 3905 1182 3970 clidium
1217 3920 1329 3993 nocens
1348 3905 1476 3992 maritut
1492 3906 1524 3966 in
1551 3903 1639 3969 bonis
1658 3927 1807 3987 augeatur
1831 3909 1925 3989 ,sive
1944 3913 1988 3977 'in

414 3995 459 4062 eli
478 3990 638 4070 decoqui
654 3985 876 4054 antecedenter
906 3985 944 4053 ad
972 3985 1113 4062 copulam
1130 3983 1182 4049 sub
1216 3977 1352 4073 officiis,
1381 3978 1445 4054 sive
1464 4002 1497 4045 in
1515 3983 1684 4064 dignitate,
1699 4009 1771 4057 cum
1787 3989 1879 4054 alteri
1901 4013 1988 4059 com·

415 4075 474 4143 tali
512 4066 686 4150 remissione
706 4087 776 4146 cum
806 4066 923 4143 virgine
939 4083 1049 4131 votum
1072 4064 1182 4129 habeat
1218 4055 1386 4138 pensatioui
1408 4062 1489 4128 locus
1508 4083 1572 4131 uon
1590 4085 1761 4139 remaneat.
1782 4067 1905 4135 Slvere
1919 4091 1988 4147 pro·

414 4095 539 4230 simplex
554 4146 729 4227 castitatis,
749 4161 908 4209 teneretur
924 4142 1183 4231 dispensationem
1218 4142 1260 4204 les
1288 4159 1327 4203 ert
1350 4137 1502 4206 adulterio
1517 4144 1637 4213 oriatur
1664 4145 1805 4215 adultero
1835 4150 1987 4216 incumbit

369 4256 373 4265 ·
413 4222 578 4315 impetrare
603 4249 639 4296 ac
667 4247 737 4306 eam
758 4224 886 4289 ducere.
903 4223 997 4301 Quod
1026 4221 1047 4285 si
1076 4224 1183 4300 tradiit
1217 4239 1285 4283 eam
1300 4217 1383 4282 alere
1400 4217 1464 4298 poll
1492 4241 1606 4286 annum
1637 4227 1793 4306 tertium,
1817 4227 1915 4295 donec
1931 4229 1986 4294 ali·

406 4305 701 4392 'consanguinitatis
741 4324 803 4368 non
834 4303 913 4368 esset
928 4308 931 4313 '
949 4299 1157 4387 dispensabilis
1176 4348 1184 4378 ,
1218 4315 1325 4372 menta
1344 4295 1397 4366 sibi
1418 4300 1577 4375 providere
1595 4304 1718 4374 valeat.

415 4415 473 4462 nec
499 4391 610 4459 mulier
638 4385 695 4452 boc
725 4384 893 4462 praevidere
919 4383 1065 4458 potuisset
1094 4401 1130 4447 ac
1145 4401 1183 4446 eii
1259 4379 1350 4443 Licet
1371 4398 1448 4449 vero
1463 4400 1517 4458 per
1534 4385 1702 4452 triennium
1714 4383 1751 4449 sit
1766 4384 1904 4466 obligata
1920 4406 1987 4452 ma·

415 4475 475 4541 bac
492 4462 601 4550 copula
625 4464 749 4543 aliquod
779 4461 1005 4532 incommodum
1032 4459 1084 4525 vel
1115 4463 1185 4537 quia
1220 4475 1268 4527 ter
1285 4456 1322 4522 de
1342 4455 1485 4550 alimonia
1515 4460 1631 4533 prolem
1657 4463 1736 4528 lianc
1761 4462 1892 4542 spuriam
1916 4487 1988 4543 pro,-

414 4552 539 4636 ttavida
559 4562 736 4623 remaneret
754 4541 805 4618 vel
825 4563 864 4605 ex
884 4541 946 4613 alio
970 4541 1071 4619 capite
1092 4541 1120 4602 ei
1141 4537 1186 4602 se·
1220 4537 1345 4629 videre,
1366 4533 1636 4630 indestdiutamen
1649 4542 1864 4609 illiustenetur
1881 4564 1989 4624 pater,

415 4649 589 4713 queretur,
616 4643 775 4702 teneretur
803 4641 871 4685 eam
899 4620 1039 4697 dotare,
1068 4618 1120 4694 tel
1147 4617 1186 4692 ad
1219 4614 1252 4683 dr
1274 4611 1418 4681 vicissim.
1442 4616 1492 4680 Sic
1515 4638 1555 4681 ex
1571 4623 1639 4685 iure
1663 4621 1779 4686 Canon.
1806 4643 1844 4688 ex
1870 4642 1933 4703 cap.
1953 4623 1991 4693 ά

415 4710 540 4780 honeste
555 4699 762 4783 decenterque
783 4697 953 4774 vivendum
975 4696 1158 4776 providete.
1220 4693 1351 4788 conuers.
1372 4697 1487 4775 infidel.
1517 4697 1679 4781 Adulter,
1708 4701 1742 4766 δι
1768 4703 1921 4773 Adultera
1939 4724 1991 4769 κ.

343 4807 346 4813 ’
457 4784 569 4858 Debita
593 4805 699 4864 autem
715 4775 863 4863 recensita
874 4780 1103 4857 incurritquia
1123 4779 1187 4843 vir·
1222 4774 1330 4839 sarcire
1352 4791 1500 4840 tenentur
1531 4798 1571 4841 eti
1598 4799 1688 4857 aequo
1706 4781 1818 4847 damna
1834 4803 1989 4861 quaerim-

415 4869 560 4953 gine'sub
577 4863 768 4932 matrimonii
801 4854 995 4939 promisfione
1011 4851 1188 4927 uunsolum
1221 4875 1278 4931 que
1293 4874 1332 4921 eri
1353 4854 1494 4947 adultera
1511 4857 1597 4936 prole
1617 4862 1728 4925 marito
1746 4860 1898 4930 irhveuire
1921 4860 1989 4940 pos·

419 4949 564 5029 copulam
578 4995 587 5024 ,
601 4942 819 5013 verumetiam
835 4936 909 5003 alios
930 4931 1187 5014 impudicoiaiius
1223 4934 1328 4997 sintin
1350 4936 1443 5012 prolis
1468 4935 1551 5000 illiue
1578 4935 1800 5006 sustentatione
1829 4965 1865 5011 ac
1888 4942 1994 5022 legiti-

419 5046 586 5106 extotquet
615 5072 624 5104 ,
652 5019 732 5090 sisit
750 5016 876 5096 oequalit
894 5019 1020 5083 circiter
1039 5013 1188 5081 conditio·
1223 5017 1279 5106 mii
1299 5012 1371 5080 filiis
1392 5017 1425 5078 in
1450 5013 1600 5082 bonorum
1631 5022 1799 5098 partitione
1822 5046 1896 5089 cum
1921 5025 1994 5089 illa·

420 5115 467 5178 iiis
482 5108 625 5192 trador,
656 5106 703 5173 ita
720 5116 756 5172 ut
771 5097 891 5165 nullum
909 5094 1072 5181 ptaerideri
1091 5091 1190 5176 posset
1220 5096 1333 5179 giumo
1351 5113 1472 5163 otcuon
1490 5096 1524 5170 in
1547 5093 1684 5179 legium
1706 5121 1744 5167 at
1773 5101 1992 5180 moatmnibm

1892 5207 1963 5266 pro·
