4425 6000
472 543 543 618 300
732 516 937 588 Tnacr.
964 535 1028 586 ue
1055 512 1382 590 Couruacr.
1408 511 1690 591 crnxvllis

419 620 550 701 gaudum
569 615 597 675 ei
614 633 680 691 quae
696 610 807 689 semel,
827 631 880 676 aut
898 617 1009 676 iterum
1025 611 1181 691 deliquit,
1218 606 1431 688 praeserendae,
1450 615 1518 688 quia
1539 612 1577 677 lic
1598 617 1705 679 melius
1725 610 1864 685 salvatur
1876 627 1990 690 interr·-

420 703 493 776 quja
517 715 557 759 ex
583 696 736 759 communi
761 693 850 755 niodo
875 693 1016 769 loquendi
1038 693 1090 756 illa
1121 713 1181 755 non
1218 693 1264 754 tio
1284 687 1456 768 tellatoris,
1477 693 1596 767 eiusque
1617 696 1759 760 voluntas
1782 704 1947 776 impletur.

418 780 532 843 dicitur
565 772 720 837 inhonelle
750 773 884 846 vivere,
916 791 984 844 quae
1014 769 1103 838 semel
1125 789 1181 836 aut
1258 771 1411 847 Legatum
1431 769 1565 835 relislum
1587 776 1765 840 maritandis
1785 786 1975 853 particulari·

413 863 532 920 joemm
559 850 638 930 lapsa
664 850 701 916 srt
726 853 760 913 in
784 850 951 914 huiusmodi
973 851 1100 926 culpas.
1132 851 1179 915 lta
1217 866 1282 924 ter,
1303 848 1374 911 idest
1385 870 1438 924 pro
1448 850 1558 914 talibus
1578 852 1734 918 destinatis
1757 859 1884 939 puellis,
1905 863 1975 926 dan·

418 936 526 1001 Sanch.
544 937 593 997 cui
610 930 684 994 milri
706 929 827 994 videtur
842 930 1056 995 adhaerendum
1076 935 1180 1007 praeci·
1216 927 1285 990 dum
1305 925 1348 991 est
1363 928 1480 991 etiamst
1497 933 1559 994 iam
1579 920 1735 1006 nupserint
1757 984 1766 1013 r
1788 944 1861 1014 quia
1888 943 1979 1005 credi

418 1036 478 1093 pue
495 1014 516 1076 sr
535 1017 601 1076 eius
617 1010 705 1087 culpa
725 1010 848 1074 occulta
868 1008 927 1086 srt,
947 1027 983 1072 ut
1011 1013 1074 1074 iam
1096 1032 1181 1074 com-
1216 1025 1268 1070 tut
1290 1007 1352 1069 tale
1372 1007 1508 1084 legatum
1529 1010 1573 1073 his
1596 1010 1731 1076 relietum
1755 1018 1817 1080 elle
1844 1041 1863 1085 a
1890 1020 1978 1085 tella·

418 1098 555 1159 “uniter
573 1090 720 1154 habeatur
738 1110 789 1166 pro
807 1087 949 1153 bonella.
1216 1104 1306 1161 tore,
1331 1089 1403 1161 quia
1426 1089 1563 1153 voluerit
1585 1095 1628 1153 eis
1650 1091 1867 1164 subvenirent
1890 1100 1981 1166 nube·
2009 1104 2012 1109 ’

458 1177 607 1251 Legatum
634 1168 771 1235 reliiium
800 1189 854 1244 pto
882 1167 1027 1233 nubendis
1055 1169 1104 1233 vir
1126 1170 1180 1232 ini·
1216 1184 1303 1244 rent,
1324 1165 1375 1229 vel
1395 1184 1429 1230 ut
1447 1167 1605 1233 decentem
1629 1173 1726 1238 vitam
1749 1177 1978 1257 transigerent.

418 1254 493 1331 bus,
512 1252 611 1314 viduis
631 1297 640 1325 ,
668 1247 701 1312 &
721 1246 867 1322 orphanis
889 1295 898 1325 ,
926 1247 1058 1312 dandum
1078 1191 1123 1312 eff
1149 1251 1179 1312 ei
1213 1245 1242 1306 Si
1257 1264 1332 1309 vero
1347 1242 1536 1338 sit-relistutn
1553 1248 1680 1314 feminis
1698 1255 1729 1317 in
1746 1259 1904 1334 generali,
1923 1279 1980 1323 nnn

418 1351 558 1412 quoque,
597 1349 644 1393 ηε
674 1325 786 1406 ingredi
815 1326 883 1391 vult
913 1328 1112 1406 religionem,
1135 1346 1180 1393 ta·
1214 1323 1310 1400 potest
1331 1322 1396 1388 datr
1417 1327 1619 1405 iamnuptis.
1641 1334 1712 1407 quia
1729 1336 1872 1402 intentio
1890 1336 1977 1402 tella-

417 1409 503 1475 rnetsr
517 1353 673 1475 conseret
692 1408 729 1471 de
744 1424 847 1470 mente
865 1405 1019 1471 tellatoris
1040 1408 1122 1472 nolle
1134 1407 1178 1471 le·
1215 1398 1367 1496 torisflluit
1381 1403 1592 1497 ‚huiuscemodi
1613 1407 1744 1475 feminis
1766 1419 1931 1493 providere
1944 1419 1978 1481 de

362 1530 370 1546 ,
418 1510 524 1570 gamm
547 1488 717 1566 relinquere
736 1484 928 1564 Religionem
947 1487 1119 1564 ingressuris
1133 1507 1178 1550 ex
1213 1502 1408 1547 matrimonio
1435 1484 1472 1548 ad
1493 1485 1579 1561 plura
1606 1492 1752 1556 evitanda
1775 1542 1783 1569 ,
1805 1494 1899 1561 &sac
1919 1518 1977 1561 uon

416 1569 514 1636 Auth.
531 1570 630 1633 desa.
645 1565 735 1647 Epist·
765 1573 794 1633 5.
820 1563 861 1632 (5
880 1564 930 1633 hoc
952 1566 1105 1646 presenti,
1127 1565 1176 1631 ubi
1213 1562 1396 1639 adimpletur
1412 1560 1433 1623 sr
1449 1565 1539 1629 detur
1560 1571 1620 1630 iarn
1639 1575 1812 1636 maritatis.
1830 1574 1978 1639 Aliudes·

416 1644 501 1715 casus
516 1648 731 1734 deciditurerr
749 1642 832 1707 Glos.
853 1648 885 1707 in
901 1645 1052 1713 Clement.
1069 1645 1107 1710 de
1119 1651 1179 1718 Ro·
1213 1639 1298 1705 letsr
1325 1642 1460 1720 legatum
1488 1644 1621 1710 relillum
1646 1646 1745 1714 fuisset
1772 1652 1810 1715 ad
1831 1653 1977 1718 dotandar

415 1727 515 1793 marris
536 1725 618 1793 verb.
640 1744 745 1804 quouis
771 1725 854 1789 modo
873 1724 911 1789 de
929 1725 1006 1803 seni.
1037 1745 1176 1790 excomm.
1214 1719 1594 1799 virgines‚ve1iaemrnas
1624 1748 1768 1804 pauperes
1776 1753 1788 1806 ;
1811 1731 1872 1798 hoc
1900 1736 1977 1796 enim

313 1815 315 1818 ’
349 1839 351 1842 ·
416 1813 448 1871 in
468 1805 748 1874 6.&luilinianus
767 1806 823 1868 cit.
839 1803 934 1868 Auth.
952 1803 1004 1868 dat
1025 1808 1178 1870 rationem
1213 1799 1389 1875 daripoteli
1409 1805 1504 1866 etiam
1526 1805 1812 1886 nuptissrnedore,
1834 1813 1886 1876 vel
1906 1811 1976 1876 dote

415 1889 476 1952 l'uae
502 1886 793 1961 determinationis,
813 1885 884 1960 quia
906 1885 1004 1947 vitam
1032 1882 1178 1962 profiten·
1212 1882 1419 1957 competenti,
1438 1886 1509 1960 quia
1530 1883 1578 1950 hae
1607 1904 1679 1954 vere
1707 1908 1853 1966 pauperes
1881 1890 1976 1967 sunt,

416 1984 469 2031 tur
490 1960 679 2044 religiosam,
697 1962 732 2028 δι
754 1959 1021 2027 conversationem
1046 1962 1176 2040 eastern,
1212 1958 1245 2024 dc
1263 1959 1430 2032 indotatae.

416 2043 495 2109 uude
516 2046 598 2110 ratio
625 2043 712 2107 illum
737 2061 867 2108 movens
894 2041 931 2106 ad
960 2043 1005 2107 ita
1036 2042 1177 2107 deciden·
1252 2039 1402 2128 Legatum
1432 2041 1567 2106 relilium
1596 2065 1649 2120 pro
1681 2044 1802 2111 feminis
1829 2054 1974 2117 maritan-

416 2122 579 2204 domest,
606 2143 643 2187 ne
666 2120 820 2187 deseratur
845 2121 951 2186 melior
972 2120 1068 2187 slatus
1093 2122 1177 2185 Reli·
1211 2119 1282 2192 dis,
1311 2122 1331 2183 li
1360 2140 1422 2183 non
1444 2119 1500 2186 lint
1519 2123 1589 2186 aliae
1611 2122 1743 2190 faeminae
1770 2147 1869 2194 aetate
1890 2128 1973 2194 nubi.

415 2205 516 2285 gionis
539 2201 578 2267 ob
601 2201 846 2268 consecutionem
865 2202 957 2279 legati
985 2204 1017 2263 in
1037 2201 1093 2266 tali
1115 2197 1176 2265 sor·
1211 2196 1275 2277 les,
1292 2197 1368 2290 idell
1389 2221 1458 2274 quae
1478 2221 1541 2264 non
1566 2200 1625 2267 lint
1641 2204 1795 2285 puberes,
1820 2209 1886 2272 dari
1903 2229 1971 2286 pot·

414 2304 466 2349 rua
485 2279 602 2358 relisii,
622 2283 767 2345 nimitum
783 2302 836 2358 pro
855 2281 1052 2344 matrimonio
1066 2300 1177 2344 carna·
1211 2275 1253 2340 est
1283 2276 1380 2342 viduis
1410 2278 1635 2353 transeuntibus
1671 2284 1707 2348 ad
1737 2282 1883 2351 secundae
1919 2309 1970 2351 nu·

415 2366 455 2428 li.
477 2362 589 2427 Eadem
603 2376 710 2426 autem
730 2363 812 2425 ratio
826 2363 921 2424 currit
944 2355 1006 2424 sire
1023 2362 1055 2423 in
1082 2361 1175 2443 patti-
1212 2359 1309 2437 ptias,
1328 2360 1396 2446 quia
1413 2378 1489 2425 tunc
1510 2359 1648 2436 prael'umi
1669 2365 1764 2439 potest
1787 2366 1918 2432 voluisse
1939 2371 1978 2429 in¹

413 2443 512 2510 culari
571 2439 634 2507 srve
656 2443 689 2504 in
708 2440 842 2519 generali
869 2438 1085 2515 relinquatur,
1105 2441 1174 2514 quia
1211 2435 1266 2499 tali
1295 2438 1367 2503 calu
1391 2439 1471 2501 tradi
1497 2444 1594 2503 etiam
1620 2443 1743 2507 viduis.
1771 2445 1843 2509 Hoc
1869 2465 1970 2511 tamen

391 2548 395 2555 ·
412 2524 464 2587 nbi
484 2540 521 2586 ea
541 2541 590 2585 em
604 2518 720 2584 militat
736 2521 837 2597 ratio,
855 2519 960 2582 eadem
977 2518 1110 2583 militare
1126 2519 1174 2583 de·
1210 2513 1276 2581 fieri
1297 2520 1419 2595 nequit,
1441 2518 1461 2581 li
1483 2518 1618 2596 legatum
1639 2523 1774 2585 relisium
1790 2523 1828 2588 lit
1849 2545 1971 2598 proma·

413 2602 466 2666 bet
487 2603 563 2665 iuria
579 2596 733 2674 dispofitio
751 2599 825 2678 leg.
851 2597 929 2662 illud
948 2593 982 2662 ff.
1010 2599 1053 2663 ad
1070 2603 1176 2678 segem
1210 2596 1329 2661 ritanda
1349 2597 1402 2660 tali
1424 2599 1544 2674 puella;
1567 2619 1640 2664 tunc
1659 2604 1742 2664 enim
1756 2603 1972 2680 expellendum

414 2679 584 2760 Aquiliam.
606 2678 671 2743 Nec
695 2677 765 2743 ideo
783 2677 1011 2745 concedendurn
1034 2676 1176 2743 censetur
1209 2673 1252 2740 ell
1270 2674 1367 2741 donec
1382 2676 1437 2741 illa
1453 2681 1681 2742 matrimonium
1699 2685 1885 2758 contrabat,
1902 2686 1976 2759 quia

452 2757 549 2826 rsonae
570 2757 760 2836 Religionem
780 2757 964 2838 ingredienti
982 2758 1011 2821 le
1031 2775 1175 2822 atumre·
1211 2757 1281 2820 talis
1303 2755 1401 2833 puella
1430 2759 1473 2820 ius
1496 2756 1585 2820 habet
1603 2777 1637 2822 ut
1659 2759 1794 2837 legatum
1820 2766 1848 2824 ei
1881 2761 1969 2826 solra·

385 2916 389 2923 ,
426 2837 515 2904 illum
532 2859 586 2916 pro
602 2839 760 2916 nupturis,
780 2841 853 2914 quia
869 2839 919 2902 vel
949 2779 1149 2914 praesumatur
1211 2853 1262 2899 tur
1282 2838 1371 2900 iuxta
1392 2853 1527 2900 mentem
1550 2834 1723 2915 testatoris,
1740 2843 1791 2916 qui
1815 2861 1883 2912 eam
1912 2842 1968 2904 ele

412 2920 463 2987 vel
485 2918 624 2999 ptaelumi
644 2913 737 2998 polljt
762 2915 915 2983 tellatoris
936 2919 1101 2994 voluntas,
1124 2937 1163 2983 ve
1229 2917 1284 2993 it,
1310 2916 1344 2982 ἀ
1364 2913 1422 2978 defi
1444 2919 1532 2978 navit
1551 2962 1558 2976 .
1577 2916 1609 2979 Si
1639 2939 1715 2982 vcro
1737 2919 1872 2999 legatum
1900 2921 1967 2984 reli·

404 3018 475 3067 'non
503 2995 702 3076 presumatur
728 2995 896 3076 opposita;
927 2995 974 3060 sed
1007 2996 1175 3075 quietalis
1209 2937 1288 3061 {lum
1304 2992 1341 3060 srt
1361 2995 1400 3061 de
1423 2938 1554 3061 seminis
1571 2999 1767 3076 pauperibus,
1793 3018 1868 3064 tunc
1887 3021 1967 3071 coni·

413 3080 551 3144 conditio
573 3081 711 3144 relicitur
733 3099 751 3143 a
776 3082 840 3140 iure
861 3095 896 3143 ut
912 3079 1095 3157 impeditiva
1113 3076 1174 3141 lla·
1210 3074 1437 3152 prehenduntut
1462 3079 1558 3141 etiam
1577 3080 1701 3156 viduae,
1722 3083 1793 3155 quia
1827 3077 1911 3144 verbi
1938 3076 1971 3143 si·

310 3222 312 3225 ,
410 3158 644 3240 ωςΚεΙίνίοΓι,
676 3156 795 3223 acideo
816 3175 850 3220 ut
872 3159 989 3234 turpis,
1008 3157 1176 3220 &inhone-
1210 3155 1370 3234 gnificatio
1390 3158 1510 3231 utrique
1528 3160 1705 3222 convenit.
1726 3159 1881 3236 Legatum
1901 3160 1969 3224 rell·

402 3239 476 3310 ¹sla:
500 3206 580 3301 unde
603 3238 678 3301 sicut
700 3239 838 3301 reiicitur
863 3257 881 3299 a
911 3241 977 3325 iure
996 3236 1178 3315 conditioſs
1210 3234 1290 3302 ilum
1307 3256 1360 3313 pro
1386 3238 1507 3313 uirgine
1534 3233 1630 3309 potest
1652 3235 1717 3301 dari
1739 3241 1837 3303 etiam
1857 3237 1969 3314 secreto

413 3340 470 3383 narr
490 3315 641 3397 nupseris,
662 3319 705 3379 ita
723 3315 787 3379 baec
801 3318 829 3391 fi
845 3337 901 3381 non
930 3316 1105 3395 ingrediaris
1131 3336 1177 3381 re·
1212 3333 1386 3395 corruptae,
1406 3337 1477 3379 cum
1494 3311 1622 3378 sufficiat
1640 3336 1675 3380 ut
1697 3320 1729 3380 in
1745 3321 1899 3382 communi
1910 3318 1971 3394 opi·

376 3474 381 3478 ,
412 3397 563 3479 ligionem.
586 3395 633 3461 lta
654 3395 781 3459 Salmat.
1211 3400 1304 3460 niune
1325 3393 1590 3473 virgobabeatur,
1611 3396 1763 3473 quiatalis
1772 3417 1812 3461 ex
1821 3398 1971 3462 communi

453 3481 606 3555 Legatum
632 3473 763 3540 residium
784 3494 837 3551 pro
857 3475 1076 3555 naturalibus,
1103 3474 1175 3539 idell
1211 3475 1301 3541 modo
1326 3474 1469 3551 loquendi
1499 3476 1695 3553 appellatur,
1717 3478 1788 3554 Leg.
1811 3474 1924 3541 libror.
1947 3482 1974 3542 S·

414 3579 468 3635 pro
484 3556 688 3619 nationalibus
708 3554 836 3618 alicuius
861 3557 983 3634 oppidi,
1004 3554 1101 3635 potest
1128 3575 1176 3620 et·
1211 3555 1287 3636 qaod
1305 3568 1408 3619 autem
1429 3556 1558 3636 caffrur,
1579 3554 1762 3632 praecipucsi
1783 3556 1821 3618 ob
1847 3556 1974 3634 denega·

395 3643 475 3702 iam
495 3634 559 3702 dari
578 3637 643 3698 aliis
661 3635 732 3701 alibi
752 3637 852 3710 natis,
872 3634 944 3698 idest
974 3640 1000 3698 ei
1021 3640 1070 3712 qui
1102 3637 1175 3699 licet
1211 3641 1329 3701 tionem
1350 3636 1441 3712 legati
1471 3632 1699 3712 infamaretur,
1728 3637 1798 3712 quia
1819 3634 1858 3698 stc
1885 3635 1976 3700 debet

414 3737 476 3781 non
503 3716 700 3788 nationalis,
731 3713 767 3778 ab
787 3716 878 3778 initio
905 3716 1012 3779 habuit
1040 3718 1176 3778 animum
1211 3715 1350 3795 praelumi
1380 3719 1410 3777 in
1438 3714 1495 3777 tali
1517 3713 1587 3777 calu
1607 3714 1645 3776 de
1665 3733 1768 3778 mente
1794 3713 1975 3784 cenatoriae

414 3798 453 3865 ibi
475 3814 621 3873 perpetuo
643 3792 803 3867 manendi,
826 3816 885 3857 non
910 3796 1010 3870 alias,
1032 3793 1053 3856 sr
1073 3797 1177 3859 decem
1211 3797 1285 3859 alias
1306 3792 1381 3858 esset
1408 3791 1591 3872 inhumana,
1611 3790 1644 3857 dc
1667 3790 1705 3871 fic
1725 3796 1850 3857 minime
1873 3811 1976 3859 atten-

415 3881 502 3942 annis
531 3873 569 3937 ibi
590 3892 795 3937 commoratus
817 3869 929 3950 suerit;
950 3872 1031 3939 secus
1057 3871 1175 3939 verost
1211 3872 1471 3939 ‹lenda-'Addunt
1499 3890 1602 3937 tamen
1632 3872 1777 3937 Dnstores
1807 3895 1872 3938 non
1896 3873 1976 3949 polle

413 3976 476 4019 non
498 3954 605 4018 habuit
631 3956 765 4016 animum
787 3950 825 4015 ibi
853 3952 1087 4031 commorandi,
1106 3958 1176 4031 quia
1211 3958 1288 4019 banc
1307 3951 1455 4017 solicitare
1471 3969 1506 4016 ut
1524 3952 1662 4028 legatum
1677 3951 1727 4015 sabi
1744 3953 1836 4016 detur
1849 3955 1980 4030 provit-

415 4036 476 4099 srne
505 4033 559 4097 tali
588 4034 689 4095 animo
711 4053 771 4095 nou
802 4036 931 4108 acquirit
957 4034 1177 4110 domicilium,
1211 4034 1331 4115 ginibus
1353 4030 1506 4108 relillum,
1529 4031 1603 4097 licet
1619 4035 1685 4094 eius
1706 4027 1837 4095 defertur
1865 4030 1904 4101 srt
1926 4051 1979 4095 oc·

414 4114 462 4185 sed
482 4110 596 4189 semper
617 4132 671 4187 pro
691 4129 801 4175 extero
826 4111 974 4189 habetur,
993 4133 1056 4176 non
1079 4115 1108 4177 ei
1131 4113 1177 4176 la·
1209 4114 1338 4188 cultus,
1356 4113 1428 4188 quia
1445 4127 1594 4187 quantum
1615 4110 1682 4174 fieri
1701 4109 1818 4189 potest,
1841 4108 1980 4176 standum

414 4200 453 4260 tis
475 4189 517 4258 ell
540 4192 575 4253 ad
603 4192 814 4266 acquirendam
840 4194 1075 4256 naturalitatem
1094 4241 1104 4270 ,
1126 4190 1176 4254 seu
1211 4193 1253 4257 ell
1272 4194 1369 4257 menti
1391 4188 1563 4255 tellatoris.

414 4270 669 4339 nationalitatem
688 4275 888 4335 commoratio
914 4272 952 4335 ibi
974 4272 1146 4335 decennalis
1166 4318 1176 4349 ,
1250 4273 1370 4351 Legata
1388 4269 1532 4335 solvenda
1552 4267 1626 4336 sunt
1644 4292 1682 4335 co
1702 4268 1825 4345 ordine,
1847 4292 1884 4334 ac
1900 4269 1982 4333 debi·
1997 4255 2036 4366 ιζ*

416 4356 464 4419 sed
484 4353 646 4427 requiritur
667 4369 703 4414 ut
719 4355 816 4414 etiarn
837 4348 927 4427 usque
945 4349 981 4412 ab
1004 4354 1095 4415 initio
1113 4348 1178 4413 fue·
1213 4370 1246 4417 ta
1266 4374 1329 4415 non
1358 4348 1789 4428 privilegiata,videlicets1
1822 4348 1905 4412 bona
1931 4352 1981 4415 de·
2000 4395 2036 4432 m

415 4441 455 4498 ric
487 4436 604 4496 animus
632 4427 672 4491 ibi
702 4448 849 4505 perpetuo
877 4431 1111 4507 commorandi,
1143 4428 1177 4494 dc
1211 4428 1304 4495 sunsli
1329 4426 1399 4493 satis
1428 4450 1490 4492 non
1515 4427 1574 4493 srnt
1596 4453 1651 4507 pro
1676 4427 2036 4494 ibivendisomniburni

415 4533 488 4577 tunc
508 4516 603 4574 etiam
625 4509 661 4573 ab
679 4512 770 4572 initio
791 4508 892 4571 haberi
916 4508 1011 4585 potest
1030 4528 1065 4572 ut
1083 4528 1175 4574 natu·
1211 4511 1317 4591 legatis
1343 4506 1459 4573 solutio
1480 4509 1515 4570 ad
1543 4528 1643 4574 ratam
1662 4506 1800 4573 facienda
1824 4507 1892 4585 esl,
1911 4530 1982 4572 cum
1996 4521 2036 4558 π·

409 4593 504 4666 ralis,
523 4590 591 4666 quia
609 4587 646 4652 ab
671 4587 947 4676 initioacquisrvit
965 4588 1175 4666 domicilium,
1210 4593 1347 4655 omnium
1365 4588 1403 4652 fit
1420 4589 1546 4662 aequalis
1563 4591 1666 4665 ratio,
1685 4609 1722 4654 ac
1744 4589 1790 4652 ius
1810 4589 1901 4652 unius
1919 4607 1982 4665 prae

415 4679 484 4750 ιτς.
502 4689 529 4744 i·
546 4669 606 4738 cod.
633 4669 669 4732 de
689 4669 791 4732 incolis
809 4666 858 4729 lib.
879 4686 924 4728 12.
951 4670 1103 4748 Legatum
1129 4690 1177 4732 re·
1211 4670 1272 4748 auo
1290 4669 1484 4746 privilegium
1501 4688 1563 4731 non
1581 4668 1696 4732 habet.

412 4751 517 4816 lilium
533 4768 588 4823 pro
607 4745 748 4822 orphanis
771 4745 836 4808 dari
863 4746 959 4823 potest
985 4752 1014 4809 ei
1032 4770 1099 4824 quae
1122 4748 1176 4813 lia·
1250 4748 1386 4824 Qrando
1401 4750 1482 4811 circa
1508 4748 1610 4826 legata
1635 4767 1721 4811 rnens
1747 4743 1907 4812 testatoris
1936 4743 1984 4811 est·
2010 4713 2036 4778 α

414 4833 466 4898 bet
488 4845 605 4909 patrem
627 4825 791 4898 inutilem,
819 4826 868 4890 vel
888 4829 959 4902 quia
980 4825 1017 4892 sit
1039 4847 1176 4905 pauper,
1211 4828 1327 4903 dubia,
1354 4846 1416 4890 non
1457 4826 1589 4892 tamesi
1624 4826 1705 4891 locus
1738 4785 2036 4892 commutationi&

416 4911 465 4974 vel
485 4911 556 4985 quia
572 4907 602 4965 in
624 4902 720 4966 nihilo
736 4900 814 4967 filios
835 4908 942 4969 iuvare
969 4906 1055 4971 valet
1077 4954 1085 4982 ‚
1106 4927 1177 4969 narn
1210 4930 1299 4984 quam
1321 4910 1585 4985 interpretationi,
1604 4927 1696 4983 quam
1713 4905 1844 4982 quilibet
1865 4905 1983 4972 virdo·
1997 4913 2036 4968 Ρ

415 4990 492 5053 tales
513 5003 616 5064 patres
638 4980 725 5058 lunt,
746 4981 816 5046 aclr
837 4985 1030 5047 nonclsent.
1052 4985 1176 5051 incon·
1212 4984 1395 5052 iiusfacere
1416 4983 1514 5059 potest
1536 4986 1668 5050 attentis
1689 4984 1788 5049 verbis
1891 4985 1922 5064 i,
1944 4978 2036 5079 &2⁸52

403 5064 502 5136 eursu
523 5082 627 5130 tamen
649 5078 737 5138 patre
763 5081 901 5130 carentes
927 5064 1072 5143 orphana
1106 5062 1177 5131 sunt
1212 5067 1279 5135 aliis
1299 5060 1533 5134 circumstantiis
1558 5063 1820 5133 occurrentibut.
1915 5081 2036 5206 taur:
