<?xml version="1.0" encoding="UTF-8"?>
<!DOCTYPE html PUBLIC "-//W3C//DTD XHTML 1.0 Transitional//EN"
    "http://www.w3.org/TR/xhtml1/DTD/xhtml1-transitional.dtd">
<html xmlns="http://www.w3.org/1999/xhtml" xml:lang="en" lang="en">
 <head>
  <title>
</title>
<meta http-equiv="Content-Type" content="text/html;charset=utf-8" />
  <meta name='ocr-system' content='tesseract 3.04.00' />
  <meta name='ocr-capabilities' content='ocr_page ocr_carea ocr_par ocr_line ocrx_word'/>
</head>
<body>
  <div class='ocr_page' id='page_1' title='image "./institutionesth00boragoog_0298.png"; bbox 0 0 4425 6000; ppageno 0'>
   <div class='ocr_carea' id='block_1_1' title="bbox 318 527 1987 1043">
    <p class='ocr_par' dir='ltr' id='par_1_1' title="bbox 318 527 1987 1043">
     <span class='ocr_line' id='line_1_1' title="bbox 473 527 1710 629; baseline 0.006 -23"><span class='ocrx_word' id='word_1_1' title='bbox 473 538 551 629; x_wconf 82' lang='lat'>284</span> <span class='ocrx_word' id='word_1_2' title='bbox 730 538 940 608; x_wconf 81' lang='lat' dir='ltr'>Tnacr.</span> <span class='ocrx_word' id='word_1_3' title='bbox 969 556 1032 610; x_wconf 78' lang='lat' dir='ltr'>niz</span> <span class='ocrx_word' id='word_1_4' title='bbox 1061 527 1710 614; x_wconf 70' lang='lat' dir='ltr'>Caniniancinxvlll.</span> 
     </span>
     <span class='ocr_line' id='line_1_2' title="bbox 422 627 1985 722; baseline 0.009 -21"><span class='ocrx_word' id='word_1_5' title='bbox 422 647 474 715; x_wconf 79' lang='lat' dir='ltr'>per</span> <span class='ocrx_word' id='word_1_6' title='bbox 490 636 709 700; x_wconf 78' lang='lat' dir='ltr'>tellementum</span> <span class='ocrx_word' id='word_1_7' title='bbox 729 634 915 699; x_wconf 81' lang='lat' dir='ltr'>declaramus</span> <span class='ocrx_word' id='word_1_8' title='bbox 942 632 1012 710; x_wconf 91' lang='lat' dir='ltr'>quid</span> <span class='ocrx_word' id='word_1_9' title='bbox 1038 631 1102 699; x_wconf 80' lang='lat' dir='ltr'>lieri</span> <span class='ocrx_word' id='word_1_10' title='bbox 1129 655 1186 699; x_wconf 89' lang='lat' dir='ltr'>vo-</span> <span class='ocrx_word' id='word_1_11' title='bbox 1221 627 1273 693; x_wconf 77' lang='lat' dir='ltr'>lud</span> <span class='ocrx_word' id='word_1_12' title='bbox 1295 630 1414 705; x_wconf 71' lang='lat' dir='ltr'>Pr0l³¹l²</span> <span class='ocrx_word' id='word_1_13' title='bbox 1433 648 1526 722; x_wconf 71' lang='lat' dir='ltr'>manu</span> <span class='ocrx_word' id='word_1_14' title='bbox 1541 628 1701 715; x_wconf 87' lang='lat' dir='ltr'>scriberet,</span> <span class='ocrx_word' id='word_1_15' title='bbox 1721 635 1985 715; x_wconf 63' lang='lat' dir='ltr'>&amp;clauderetcol</span> 
     </span>
     <span class='ocr_line' id='line_1_3' title="bbox 422 706 1986 793; baseline 0.008 -13"><span class='ocrx_word' id='word_1_16' title='bbox 422 717 521 780; x_wconf 88' lang='lat' dir='ltr'>lumus</span> <span class='ocrx_word' id='word_1_17' title='bbox 545 715 688 778; x_wconf 86' lang='lat' dir='ltr'>derebus</span> <span class='ocrx_word' id='word_1_18' title='bbox 716 714 851 790; x_wconf 82' lang='lat' dir='ltr'>nostris,</span> <span class='ocrx_word' id='word_1_19' title='bbox 876 712 1031 790; x_wconf 88' lang='lat' dir='ltr'>pollquam</span> <span class='ocrx_word' id='word_1_20' title='bbox 1056 735 1096 777; x_wconf 83' lang='lat' dir='ltr'>ert</span> <span class='ocrx_word' id='word_1_21' title='bbox 1127 714 1183 779; x_wconf 89' lang='lat' dir='ltr'>hac</span> <span class='ocrx_word' id='word_1_22' title='bbox 1219 728 1283 772; x_wconf 89' lang='lat' dir='ltr'>ratri</span> <span class='ocrx_word' id='word_1_23' title='bbox 1305 707 1420 793; x_wconf 78' lang='lat' dir='ltr'>letem</span> <span class='ocrx_word' id='word_1_24' title='bbox 1438 706 1564 775; x_wconf 84' lang='lat' dir='ltr'>testibus</span> <span class='ocrx_word' id='word_1_25' title='bbox 1583 718 1626 776; x_wconf 88' lang='lat' dir='ltr'>eis</span> <span class='ocrx_word' id='word_1_26' title='bbox 1647 718 1828 785; x_wconf 86' lang='lat' dir='ltr'>declarando</span> <span class='ocrx_word' id='word_1_27' title='bbox 1850 728 1889 789; x_wconf 91' lang='lat' dir='ltr'>ibi</span> <span class='ocrx_word' id='word_1_28' title='bbox 1910 750 1986 791; x_wconf 88' lang='lat' dir='ltr'>coir·</span> 
     </span>
     <span class='ocr_line' id='line_1_4' title="bbox 420 730 1984 884; baseline 0.01 -28"><span class='ocrx_word' id='word_1_29' title='bbox 420 799 490 860; x_wconf 85' lang='lat' dir='ltr'>vita</span> <span class='ocrx_word' id='word_1_30' title='bbox 505 793 790 880; x_wconf 80' lang='lat' dir='ltr'>demigraverimus.</span> <span class='ocrx_word' id='word_1_31' title='bbox 813 791 863 857; x_wconf 88' lang='lat' dir='ltr'>lta</span> <span class='ocrx_word' id='word_1_32' title='bbox 884 795 915 855; x_wconf 93' lang='lat' dir='ltr'>in</span> <span class='ocrx_word' id='word_1_33' title='bbox 933 794 1181 877; x_wconf 76' lang='lat' dir='ltr'>principiolnslit.</span> <span class='ocrx_word' id='word_1_34' title='bbox 1219 789 1312 881; x_wconf 76' lang='lat' dir='ltr'>tineri</span> <span class='ocrx_word' id='word_1_35' title='bbox 1333 730 1419 852; x_wconf 85' lang='lat' dir='ltr'>llrum</span> <span class='ocrx_word' id='word_1_36' title='bbox 1440 786 1676 882; x_wconf 67' lang='lat' dir='ltr'>testamentum,</span> <span class='ocrx_word' id='word_1_37' title='bbox 1694 800 1746 872; x_wconf 90' lang='lat' dir='ltr'>qui</span> <span class='ocrx_word' id='word_1_38' title='bbox 1770 820 1875 867; x_wconf 88' lang='lat' dir='ltr'>omnes</span> <span class='ocrx_word' id='word_1_39' title='bbox 1897 803 1984 884; x_wconf 88' lang='lat' dir='ltr'>supra</span> 
     </span>
     <span class='ocr_line' id='line_1_5' title="bbox 416 868 1983 962; baseline 0.008 -25"><span class='ocrx_word' id='word_1_40' title='bbox 416 878 455 939; x_wconf 84' lang='lat' dir='ltr'>de</span> <span class='ocrx_word' id='word_1_41' title='bbox 474 875 583 950; x_wconf 78' lang='lat' dir='ltr'>tellam.</span> <span class='ocrx_word' id='word_1_42' title='bbox 605 874 698 938; x_wconf 87' lang='lat' dir='ltr'>ordiri.</span> <span class='ocrx_word' id='word_1_43' title='bbox 727 874 812 937; x_wconf 87' lang='lat' dir='ltr'>Hine</span> <span class='ocrx_word' id='word_1_44' title='bbox 832 872 870 936; x_wconf 88' lang='lat' dir='ltr'>fir</span> <span class='ocrx_word' id='word_1_45' title='bbox 895 891 932 936; x_wconf 92' lang='lat' dir='ltr'>ut</span> <span class='ocrx_word' id='word_1_46' title='bbox 958 871 1114 949; x_wconf 86' lang='lat' dir='ltr'>poslquam</span> <span class='ocrx_word' id='word_1_47' title='bbox 1139 875 1182 937; x_wconf 93' lang='lat' dir='ltr'>di·</span> <span class='ocrx_word' id='word_1_48' title='bbox 1218 885 1377 952; x_wconf 78' lang='lat' dir='ltr'>pagrnam,</span> <span class='ocrx_word' id='word_1_49' title='bbox 1397 887 1466 943; x_wconf 83' lang='lat' dir='ltr'>qiiae</span> <span class='ocrx_word' id='word_1_50' title='bbox 1485 868 1559 933; x_wconf 88' lang='lat' dir='ltr'>illud</span> <span class='ocrx_word' id='word_1_51' title='bbox 1578 872 1715 958; x_wconf 87' lang='lat' dir='ltr'>claulum</span> <span class='ocrx_word' id='word_1_52' title='bbox 1734 884 1932 962; x_wconf 86' lang='lat' dir='ltr'>continebat,</span> <span class='ocrx_word' id='word_1_53' title='bbox 1953 886 1983 951; x_wconf 86' lang='lat' dir='ltr'>le</span> 
     </span>
     <span class='ocr_line' id='line_1_6' title="bbox 318 944 1987 1043; baseline 0.007 -28"><span class='ocrx_word' id='word_1_54' title='bbox 318 1032 319 1036; x_wconf 7' lang='grc' dir='ltr'><strong>Ἰ</strong></span> <span class='ocrx_word' id='word_1_55' title='bbox 415 953 603 1019; x_wconf 85' lang='lat' dir='ltr'>scull&#39;erimus</span> <span class='ocrx_word' id='word_1_56' title='bbox 618 952 725 1020; x_wconf 85' lang='lat' dir='ltr'>modos</span> <span class='ocrx_word' id='word_1_57' title='bbox 747 950 946 1030; x_wconf 81' lang='lat' dir='ltr'>particulares</span> <span class='ocrx_word' id='word_1_58' title='bbox 963 952 1134 1029; x_wconf 89' lang='lat' dir='ltr'>acquirendi</span> <span class='ocrx_word' id='word_1_59' title='bbox 1144 953 1181 1016; x_wconf 91' lang='lat' dir='ltr'>de</span> <span class='ocrx_word' id='word_1_60' title='bbox 1218 944 1451 1022; x_wconf 70' lang='lat' dir='ltr'>lubstliberessti</span> <span class='ocrx_word' id='word_1_61' title='bbox 1472 945 1505 1013; x_wconf 70' lang='grc' dir='ltr'><strong>ἅ</strong></span> <span class='ocrx_word' id='word_1_62' title='bbox 1523 948 1721 1031; x_wconf 80' lang='lat' dir='ltr'>unusquilque</span> <span class='ocrx_word' id='word_1_63' title='bbox 1743 964 1866 1037; x_wconf 89' lang='lat' dir='ltr'>proprio</span> <span class='ocrx_word' id='word_1_64' title='bbox 1886 963 1987 1043; x_wconf 80' lang='lat' dir='ltr'>sigillo</span> 
     </span>
    </p>
   </div>
   <div class='ocr_carea' id='block_1_2' title="bbox 267 1024 2050 5246">
    <p class='ocr_par' dir='ltr' id='par_1_2' title="bbox 267 1024 2050 5246">
     <span class='ocr_line' id='line_1_7' title="bbox 416 1024 1987 1118; baseline 0.01 -23"><span class='ocrx_word' id='word_1_65' title='bbox 416 1034 485 1097; x_wconf 90' lang='lat' dir='ltr'>iure</span> <span class='ocrx_word' id='word_1_66' title='bbox 506 1033 611 1108; x_wconf 87' lang='lat' dir='ltr'>civili,</span> <span class='ocrx_word' id='word_1_67' title='bbox 632 1053 712 1096; x_wconf 89' lang='lat' dir='ltr'>nunc</span> <span class='ocrx_word' id='word_1_68' title='bbox 728 1052 851 1112; x_wconf 78' lang='lat' dir='ltr'>agamus</span> <span class='ocrx_word' id='word_1_69' title='bbox 871 1032 908 1095; x_wconf 89' lang='lat' dir='ltr'>de</span> <span class='ocrx_word' id='word_1_70' title='bbox 932 1031 1027 1095; x_wconf 89' lang='lat' dir='ltr'>modis</span> <span class='ocrx_word' id='word_1_71' title='bbox 1056 1035 1179 1096; x_wconf 87' lang='lat' dir='ltr'>uuiver-</span> <span class='ocrx_word' id='word_1_72' title='bbox 1218 1026 1292 1088; x_wconf 82' lang='lat' dir='ltr'>lllud</span> <span class='ocrx_word' id='word_1_73' title='bbox 1310 1024 1459 1118; x_wconf 66' lang='lat' dir='ltr'>lignatet·</span> <span class='ocrx_word' id='word_1_74' title='bbox 1490 1026 1723 1097; x_wconf 80' lang='lat' dir='ltr'>Testamentum</span> <span class='ocrx_word' id='word_1_75' title='bbox 1743 1056 1848 1104; x_wconf 89' lang='lat' dir='ltr'>tamen</span> <span class='ocrx_word' id='word_1_76' title='bbox 1868 1044 1987 1109; x_wconf 88' lang='lat' dir='ltr'>milita·</span> 
     </span>
     <span class='ocr_line' id='line_1_8' title="bbox 416 1104 1987 1199; baseline 0.008 -24"><span class='ocrx_word' id='word_1_77' title='bbox 416 1112 524 1176; x_wconf 83' lang='lat' dir='ltr'>salibus</span> <span class='ocrx_word' id='word_1_78' title='bbox 544 1111 739 1188; x_wconf 86' lang='lat' dir='ltr'>adipiscendi,</span> <span class='ocrx_word' id='word_1_79' title='bbox 759 1117 841 1175; x_wconf 90' lang='lat' dir='ltr'>inter</span> <span class='ocrx_word' id='word_1_80' title='bbox 870 1130 943 1198; x_wconf 85' lang='lat' dir='ltr'>quos</span> <span class='ocrx_word' id='word_1_81' title='bbox 963 1110 1006 1173; x_wconf 85' lang='lat' dir='ltr'>est</span> <span class='ocrx_word' id='word_1_82' title='bbox 1038 1108 1181 1175; x_wconf 80' lang='lat' dir='ltr'>successio</span> <span class='ocrx_word' id='word_1_83' title='bbox 1217 1104 1545 1199; x_wconf 67' lang='lat' dir='ltr'>lenonlubllclebatur</span> <span class='ocrx_word' id='word_1_84' title='bbox 1562 1107 1877 1197; x_wconf 83' lang='lat' dir='ltr'>totsormalitatibus,</span> <span class='ocrx_word' id='word_1_85' title='bbox 1899 1123 1987 1190; x_wconf 86' lang='lat' dir='ltr'>sicuti</span> 
     </span>
     <span class='ocr_line' id='line_1_9' title="bbox 415 1184 1987 1275; baseline 0.003 -20"><span class='ocrx_word' id='word_1_86' title='bbox 415 1212 456 1255; x_wconf 87' lang='lat' dir='ltr'>eit</span> <span class='ocrx_word' id='word_1_87' title='bbox 473 1190 656 1257; x_wconf 84' lang='lat' dir='ltr'>testamento</span> <span class='ocrx_word' id='word_1_88' title='bbox 677 1197 703 1256; x_wconf 72' lang='lat' dir='ltr'>s.</span> <span class='ocrx_word' id='word_1_89' title='bbox 712 1192 799 1270; x_wconf 80' lang='lat' dir='ltr'>final.</span> <span class='ocrx_word' id='word_1_90' title='bbox 820 1191 917 1271; x_wconf 74' lang='lat' dir='ltr'>lustu.</span> <span class='ocrx_word' id='word_1_91' title='bbox 941 1192 998 1253; x_wconf 83' lang='lat' dir='ltr'>Per</span> <span class='ocrx_word' id='word_1_92' title='bbox 1014 1210 1091 1268; x_wconf 85' lang='lat' dir='ltr'>qiiiis</span> <span class='ocrx_word' id='word_1_93' title='bbox 1113 1209 1179 1270; x_wconf 82' lang='lat' dir='ltr'>per·</span> <span class='ocrx_word' id='word_1_94' title='bbox 1216 1201 1311 1247; x_wconf 87' lang='lat' dir='ltr'>etiam</span> <span class='ocrx_word' id='word_1_95' title='bbox 1328 1200 1363 1275; x_wconf 82' lang='lat' dir='ltr'>ut</span> <span class='ocrx_word' id='word_1_96' title='bbox 1385 1184 1615 1274; x_wconf 74' lang='lat' dir='ltr'>privilegiatum</span> <span class='ocrx_word' id='word_1_97' title='bbox 1635 1190 1672 1254; x_wconf 93' lang='lat' dir='ltr'>ab</span> <span class='ocrx_word' id='word_1_98' title='bbox 1697 1191 1799 1259; x_wconf 87' lang='lat' dir='ltr'>iisdem</span> <span class='ocrx_word' id='word_1_99' title='bbox 1823 1204 1987 1269; x_wconf 68' lang='lat' dir='ltr'>ordinarii,</span> 
     </span>
     <span class='ocr_line' id='line_1_10' title="bbox 412 1259 1957 1350; baseline 0.01 -25"><span class='ocrx_word' id='word_1_100' title='bbox 412 1268 519 1350; x_wconf 68' lang='lat' dir='ltr'>sonas.</span> <span class='ocrx_word' id='word_1_101' title='bbox 1217 1259 1453 1328; x_wconf 86' lang='lat' dir='ltr'>formalitatibus</span> <span class='ocrx_word' id='word_1_102' title='bbox 1478 1264 1703 1342; x_wconf 88' lang='lat' dir='ltr'>dispensabatur</span> <span class='ocrx_word' id='word_1_103' title='bbox 1737 1275 1957 1346; x_wconf 83' lang='lat' dir='ltr'>testamentum</span> 
     </span>
     <span class='ocr_line' id='line_1_11' title="bbox 277 1342 1981 1438; baseline 0.002 -24"><span class='ocrx_word' id='word_1_104' title='bbox 277 1384 334 1433; x_wconf 75' lang='lat' dir='ltr'>v„</span> <span class='ocrx_word' id='word_1_105' title='bbox 349 1389 387 1428; x_wconf 54' lang='grc' dir='ltr'>κ,</span> <span class='ocrx_word' id='word_1_106' title='bbox 459 1353 528 1416; x_wconf 86' lang='lat' dir='ltr'>Vox</span> <span class='ocrx_word' id='word_1_107' title='bbox 548 1348 736 1414; x_wconf 84' lang='lat' dir='ltr'>Testamenti</span> <span class='ocrx_word' id='word_1_108' title='bbox 759 1350 924 1426; x_wconf 83' lang='lat' dir='ltr'>tripliciter</span> <span class='ocrx_word' id='word_1_109' title='bbox 946 1345 1095 1430; x_wconf 80' lang='lat' dir='ltr'>sumitur,</span> <span class='ocrx_word' id='word_1_110' title='bbox 1121 1354 1180 1428; x_wconf 91' lang='lat' dir='ltr'>pri·</span> <span class='ocrx_word' id='word_1_111' title='bbox 1216 1363 1276 1419; x_wconf 89' lang='lat' dir='ltr'>quo</span> <span class='ocrx_word' id='word_1_112' title='bbox 1286 1357 1373 1420; x_wconf 88' lang='lat' dir='ltr'>pater</span> <span class='ocrx_word' id='word_1_113' title='bbox 1385 1342 1519 1438; x_wconf 79' lang='lat' dir='ltr'>debonis</span> <span class='ocrx_word' id='word_1_114' title='bbox 1527 1349 1584 1410; x_wconf 83' lang='lat' dir='ltr'>luis</span> <span class='ocrx_word' id='word_1_115' title='bbox 1596 1352 1679 1413; x_wconf 93' lang='lat' dir='ltr'>inter</span> <span class='ocrx_word' id='word_1_116' title='bbox 1690 1350 1767 1417; x_wconf 84' lang='lat' dir='ltr'>filios</span> <span class='ocrx_word' id='word_1_117' title='bbox 1785 1356 1981 1434; x_wconf 61' lang='lat' dir='ltr'>disponebat,</span> 
     </span>
     <span class='ocr_line' id='line_1_12' title="bbox 278 1419 2050 1520; baseline 0.004 -23"><span class='ocrx_word' id='word_1_118' title='bbox 278 1440 399 1516; x_wconf 67' lang='lat' dir='ltr'>sinenti</span> <span class='ocrx_word' id='word_1_119' title='bbox 417 1452 468 1495; x_wconf 88' lang='lat' dir='ltr'>mo</span> <span class='ocrx_word' id='word_1_120' title='bbox 488 1428 648 1494; x_wconf 76' lang='lat' dir='ltr'>subieelive</span> <span class='ocrx_word' id='word_1_121' title='bbox 689 1449 723 1493; x_wconf 95' lang='lat' dir='ltr'>ro</span> <span class='ocrx_word' id='word_1_122' title='bbox 749 1428 880 1508; x_wconf 86' lang='lat' dir='ltr'>charra,</span> <span class='ocrx_word' id='word_1_123' title='bbox 899 1426 951 1492; x_wconf 90' lang='lat' dir='ltr'>seu</span> <span class='ocrx_word' id='word_1_124' title='bbox 978 1428 1180 1519; x_wconf 80' lang='lat' dir='ltr'>membrana,</span> <span class='ocrx_word' id='word_1_125' title='bbox 1258 1419 1877 1520; x_wconf 50' lang='lat' dir='ltr'>Tellamentumiiadefiniturin1230</span> <span class='ocrx_word' id='word_1_126' title='bbox 1905 1441 1983 1506; x_wconf 63' lang='grc' dir='ltr'>ιιι.</span> <span class='ocrx_word' id='word_1_127' title='bbox 2001 1461 2050 1514; x_wconf 62' lang='lat' dir='ltr'>pai</span> 
     </span>
     <span class='ocr_line' id='line_1_13' title="bbox 274 1450 2050 1647; baseline 0.005 -72"><span class='ocrx_word' id='word_1_128' title='bbox 274 1508 380 1623; x_wconf 38' lang='lat' dir='ltr'>melias</span> <span class='ocrx_word' id='word_1_129' title='bbox 412 1531 480 1586; x_wconf 83' lang='lat' dir='ltr'>quae</span> <span class='ocrx_word' id='word_1_130' title='bbox 497 1513 639 1574; x_wconf 89' lang='lat' dir='ltr'>continet</span> <span class='ocrx_word' id='word_1_131' title='bbox 660 1450 892 1574; x_wconf 77' lang='lat' dir='ltr'>‘lellamentum</span> <span class='ocrx_word' id='word_1_132' title='bbox 907 1506 1107 1575; x_wconf 55' lang='lat' dir='ltr'>Rubrsfftit.</span> <span class='ocrx_word' id='word_1_133' title='bbox 1122 1529 1145 1574; x_wconf 91' lang='lat' dir='ltr'>t.</span> <span class='ocrx_word' id='word_1_134' title='bbox 1157 1528 1178 1574; x_wconf 92' lang='lat' dir='ltr'>t.</span> <span class='ocrx_word' id='word_1_135' title='bbox 1214 1499 1243 1566; x_wconf 70' lang='lat' dir='ltr'>b·</span> <span class='ocrx_word' id='word_1_136' title='bbox 1265 1512 1294 1643; x_wconf 51' lang='lat' dir='ltr'>{e</span> <span class='ocrx_word' id='word_1_137' title='bbox 1308 1502 1524 1644; x_wconf 47' lang='lat' dir='ltr'>{fstzmriirum</span> <span class='ocrx_word' id='word_1_138' title='bbox 1539 1508 1577 1647; x_wconf 49' lang='lat' dir='ltr'>cg</span> <span class='ocrx_word' id='word_1_139' title='bbox 1592 1509 1759 1595; x_wconf 66' lang='lat' dir='ltr'>uoluntatis</span> <span class='ocrx_word' id='word_1_140' title='bbox 1783 1519 1882 1595; x_wconf 70' lang='lat' dir='ltr'>nostre</span> <span class='ocrx_word' id='word_1_141' title='bbox 1910 1523 1983 1602; x_wconf 77' lang='lat' dir='ltr'>iusta</span> <span class='ocrx_word' id='word_1_142' title='bbox 1998 1525 2050 1641; x_wconf 59' lang='lat' dir='ltr'>m</span> 
     </span>
     <span class='ocr_line' id='line_1_14' title="bbox 274 1580 1982 1756; baseline 0.005 -21"><span class='ocrx_word' id='word_1_143' title='bbox 274 1636 388 1703; x_wconf 71' lang='lat'><em>⁶2⁶⁶·</em></span> <span class='ocrx_word' id='word_1_144' title='bbox 412 1585 664 1746; x_wconf 58' lang='lat' dir='ltr'>suilllll‘ll</span> <span class='ocrx_word' id='word_1_145' title='bbox 684 1588 1039 1745; x_wconf 56' lang='lat' dir='ltr'>l&#39;lfffs&#39;lllll’ns‘li</span> <span class='ocrx_word' id='word_1_146' title='bbox 1067 1589 1180 1733; x_wconf 54' lang='lat' dir='ltr'>le‘ll.</span> <span class='ocrx_word' id='word_1_147' title='bbox 1209 1580 1278 1738; x_wconf 67' lang='lat' dir='ltr'>lz’l</span> <span class='ocrx_word' id='word_1_148' title='bbox 1294 1599 1477 1748; x_wconf 64' lang='lat' dir='ltr'>blesis?</span> <span class='ocrx_word' id='word_1_149' title='bbox 1491 1591 1982 1756; x_wconf 65' lang='lat' dir='ltr'>illnllllllll&#39;lllllll</span> 
     </span>
     <span class='ocr_line' id='line_1_15' title="bbox 413 1737 1983 1835; baseline 0.004 -21"><span class='ocrx_word' id='word_1_150' title='bbox 413 1766 539 1829; x_wconf 89' lang='lat' dir='ltr'>mento,</span> <span class='ocrx_word' id='word_1_151' title='bbox 556 1768 591 1816; x_wconf 90' lang='lat' dir='ltr'>ur</span> <span class='ocrx_word' id='word_1_152' title='bbox 606 1747 649 1813; x_wconf 84' lang='lat' dir='ltr'>esi</span> <span class='ocrx_word' id='word_1_153' title='bbox 670 1746 831 1813; x_wconf 86' lang='lat' dir='ltr'>haereditas</span> <span class='ocrx_word' id='word_1_154' title='bbox 845 1748 921 1827; x_wconf 70' lang='lat' dir='ltr'>leg.</span> <span class='ocrx_word' id='word_1_155' title='bbox 938 1766 984 1828; x_wconf 74' lang='lat'>14</span> <span class='ocrx_word' id='word_1_156' title='bbox 1004 1749 1040 1812; x_wconf 87' lang='lat' dir='ltr'>de</span> <span class='ocrx_word' id='word_1_157' title='bbox 1060 1746 1099 1813; x_wconf 84' lang='lat' dir='ltr'>ii&#39;r</span> <span class='ocrx_word' id='word_1_158' title='bbox 1117 1748 1178 1828; x_wconf 83' lang='lat' dir='ltr'>qui·</span> <span class='ocrx_word' id='word_1_159' title='bbox 1214 1737 1261 1802; x_wconf 85' lang='lat' dir='ltr'>ul.</span> <span class='ocrx_word' id='word_1_160' title='bbox 1274 1758 1303 1799; x_wconf 82' lang='lat' dir='ltr'>a.</span> <span class='ocrx_word' id='word_1_161' title='bbox 1316 1750 1363 1827; x_wconf 71' lang='lat' dir='ltr'>tit.</span> <span class='ocrx_word' id='word_1_162' title='bbox 1378 1756 1423 1801; x_wconf 90' lang='grc' dir='ltr'>ιο.</span> <span class='ocrx_word' id='word_1_163' title='bbox 1440 1740 1665 1834; x_wconf 78' lang='lat' dir='ltr'>definirieriam</span> <span class='ocrx_word' id='word_1_164' title='bbox 1683 1752 1780 1835; x_wconf 81' lang='lat' dir='ltr'>potest</span> <span class='ocrx_word' id='word_1_165' title='bbox 1798 1756 1913 1820; x_wconf 81' lang='lat' dir='ltr'>uliimae</span> <span class='ocrx_word' id='word_1_166' title='bbox 1926 1780 1983 1823; x_wconf 82' lang='lat' dir='ltr'>vo·</span> 
     </span>
     <span class='ocr_line' id='line_1_16' title="bbox 413 1819 1982 1913; baseline -0.001 -19"><span class='ocrx_word' id='word_1_167' title='bbox 413 1828 466 1894; x_wconf 77' lang='lat' dir='ltr'>liis</span> <span class='ocrx_word' id='word_1_168' title='bbox 486 1841 520 1893; x_wconf 83' lang='lat' dir='ltr'>ur</span> <span class='ocrx_word' id='word_1_169' title='bbox 541 1827 629 1911; x_wconf 77' lang='lat' dir='ltr'>iridig.</span> <span class='ocrx_word' id='word_1_170' title='bbox 653 1843 681 1907; x_wconf 88' lang='lat'>3.</span> <span class='ocrx_word' id='word_1_171' title='bbox 703 1827 886 1891; x_wconf 76' lang='lat' dir='ltr'>formaliter</span> <span class='ocrx_word' id='word_1_172' title='bbox 907 1847 964 1904; x_wconf 89' lang='lat' dir='ltr'>pro</span> <span class='ocrx_word' id='word_1_173' title='bbox 994 1830 1090 1904; x_wconf 87' lang='lat' dir='ltr'>prima</span> <span class='ocrx_word' id='word_1_174' title='bbox 1113 1876 1122 1907; x_wconf 94' lang='lat'>,</span> <span class='ocrx_word' id='word_1_175' title='bbox 1144 1826 1178 1892; x_wconf 75' lang='grc' dir='ltr'>δι</span> <span class='ocrx_word' id='word_1_176' title='bbox 1213 1820 1339 1909; x_wconf 71' lang='lat' dir='ltr'>lunlallr</span> <span class='ocrx_word' id='word_1_177' title='bbox 1354 1821 1454 1898; x_wconf 79' lang='lat' dir='ltr'>iiqlrae</span> <span class='ocrx_word' id='word_1_178' title='bbox 1474 1819 1615 1909; x_wconf 78' lang='lat' dir='ltr'>dispofirio</span> <span class='ocrx_word' id='word_1_179' title='bbox 1629 1824 1799 1905; x_wconf 78' lang='lat' dir='ltr'>solemniter</span> <span class='ocrx_word' id='word_1_180' title='bbox 1808 1832 1895 1913; x_wconf 67' lang='lat' dir='ltr'>falia</span> <span class='ocrx_word' id='word_1_181' title='bbox 1915 1857 1982 1902; x_wconf 71' lang='lat' dir='ltr'>cum</span> 
     </span>
     <span class='ocr_line' id='line_1_17' title="bbox 415 1900 1981 1999; baseline 0.003 -26"><span class='ocrx_word' id='word_1_182' title='bbox 415 1912 567 1987; x_wconf 69' lang='lat' dir='ltr'>precipua</span> <span class='ocrx_word' id='word_1_183' title='bbox 588 1911 685 1986; x_wconf 82' lang='lat' dir='ltr'>lpeci&#39;e</span> <span class='ocrx_word' id='word_1_184' title='bbox 711 1905 830 1971; x_wconf 81' lang='lat' dir='ltr'>ultima:</span> <span class='ocrx_word' id='word_1_185' title='bbox 852 1905 1041 1972; x_wconf 88' lang='lat' dir='ltr'>voluntatis.</span> <span class='ocrx_word' id='word_1_186' title='bbox 1065 1905 1177 1973; x_wconf 85' lang='lat' dir='ltr'>lurillae</span> <span class='ocrx_word' id='word_1_187' title='bbox 1214 1902 1391 1991; x_wconf 69' lang='lat' dir='ltr'>lpstllullorte</span> <span class='ocrx_word' id='word_1_188' title='bbox 1411 1900 1534 1976; x_wconf 55' lang='lat' dir='ltr'>heredis</span> <span class='ocrx_word' id='word_1_189' title='bbox 1548 1951 1562 1991; x_wconf 29' lang='grc' dir='ltr'>Ι,</span> <span class='ocrx_word' id='word_1_190' title='bbox 1590 1913 1642 1969; x_wconf 82' lang='lat' dir='ltr'>uel</span> <span class='ocrx_word' id='word_1_191' title='bbox 1666 1907 1803 1987; x_wconf 81' lang='lat' dir='ltr'>legatarii</span> <span class='ocrx_word' id='word_1_192' title='bbox 1823 1916 1981 1999; x_wconf 70' lang='lat' dir='ltr'>uniuerja-</span> 
     </span>
     <span class='ocr_line' id='line_1_18' title="bbox 416 1979 1980 2077; baseline 0.006 -24"><span class='ocrx_word' id='word_1_193' title='bbox 416 2005 547 2053; x_wconf 89' lang='lat' dir='ltr'>utuntur</span> <span class='ocrx_word' id='word_1_194' title='bbox 569 1990 666 2051; x_wconf 87' lang='lat' dir='ltr'>etiam</span> <span class='ocrx_word' id='word_1_195' title='bbox 696 1989 789 2050; x_wconf 78' lang='lat' dir='ltr'>variis</span> <span class='ocrx_word' id='word_1_196' title='bbox 818 1983 981 2067; x_wconf 80' lang='lat' dir='ltr'>synonimis</span> <span class='ocrx_word' id='word_1_197' title='bbox 1012 1986 1049 2050; x_wconf 89' lang='lat' dir='ltr'>ad</span> <span class='ocrx_word' id='word_1_198' title='bbox 1073 1989 1177 2066; x_wconf 85' lang='lat' dir='ltr'>expri·</span> <span class='ocrx_word' id='word_1_199' title='bbox 1211 1979 1269 2042; x_wconf 74' lang='lat' dir='ltr'>lli·</span> <span class='ocrx_word' id='word_1_200' title='bbox 1297 1979 1419 2043; x_wconf 70' lang='lat' dir='ltr'>chltur</span> <span class='ocrx_word' id='word_1_201' title='bbox 1442 2000 1468 2042; x_wconf 85' lang='lat'>1·</span> <span class='ocrx_word' id='word_1_202' title='bbox 1494 1982 1610 2075; x_wconf 72' lang='lat' dir='ltr'>riliiniae</span> <span class='ocrx_word' id='word_1_203' title='bbox 1629 1986 1794 2055; x_wconf 81' lang='lat' dir='ltr'>voluntatis</span> <span class='ocrx_word' id='word_1_204' title='bbox 1814 1994 1980 2077; x_wconf 63' lang='lat' dir='ltr'>dispositio,</span> 
     </span>
     <span class='ocr_line' id='line_1_19' title="bbox 339 2060 1983 2151; baseline 0.005 -19"><span class='ocrx_word' id='word_1_205' title='bbox 339 2128 343 2137; x_wconf 82' lang='lat'>‚</span> <span class='ocrx_word' id='word_1_206' title='bbox 415 2068 555 2151; x_wconf 86' lang='lat' dir='ltr'>mendam</span> <span class='ocrx_word' id='word_1_207' title='bbox 575 2065 654 2130; x_wconf 89' lang='lat' dir='ltr'>liaric</span> <span class='ocrx_word' id='word_1_208' title='bbox 680 2067 820 2132; x_wconf 87' lang='lat' dir='ltr'>ultimam</span> <span class='ocrx_word' id='word_1_209' title='bbox 847 2066 1076 2142; x_wconf 86' lang='lat' dir='ltr'>voluntatem,</span> <span class='ocrx_word' id='word_1_210' title='bbox 1105 2086 1177 2131; x_wconf 90' lang='lat' dir='ltr'>nam</span> <span class='ocrx_word' id='word_1_211' title='bbox 1214 2081 1264 2135; x_wconf 67' lang='lat' dir='ltr'>iles</span> <span class='ocrx_word' id='word_1_212' title='bbox 1285 2060 1364 2134; x_wconf 88' lang='lat' dir='ltr'>quod</span> <span class='ocrx_word' id='word_1_213' title='bbox 1385 2078 1535 2125; x_wconf 83' lang='lat' dir='ltr'>convenit</span> <span class='ocrx_word' id='word_1_214' title='bbox 1553 2085 1623 2127; x_wconf 89' lang='lat' dir='ltr'>cum</span> <span class='ocrx_word' id='word_1_215' title='bbox 1643 2067 1709 2130; x_wconf 89' lang='lat' dir='ltr'>aliis</span> <span class='ocrx_word' id='word_1_216' title='bbox 1733 2074 1850 2136; x_wconf 83' lang='lat' dir='ltr'>ultimis</span> <span class='ocrx_word' id='word_1_217' title='bbox 1873 2080 1983 2140; x_wconf 83' lang='lat' dir='ltr'>volun·</span> 
     </span>
     <span class='ocr_line' id='line_1_20' title="bbox 414 2136 1983 2232; baseline 0.005 -22"><span class='ocrx_word' id='word_1_218' title='bbox 414 2149 452 2213; x_wconf 88' lang='lat' dir='ltr'>ab</span> <span class='ocrx_word' id='word_1_219' title='bbox 482 2142 584 2211; x_wconf 86' lang='lat' dir='ltr'>iisdem</span> <span class='ocrx_word' id='word_1_220' title='bbox 608 2143 720 2211; x_wconf 87' lang='lat' dir='ltr'>dicitur</span> <span class='ocrx_word' id='word_1_221' title='bbox 755 2145 915 2222; x_wconf 84' lang='lat' dir='ltr'>aliquando</span> <span class='ocrx_word' id='word_1_222' title='bbox 944 2146 1087 2210; x_wconf 87' lang='lat' dir='ltr'>ultimum</span> <span class='ocrx_word' id='word_1_223' title='bbox 1115 2147 1177 2210; x_wconf 86' lang='lat' dir='ltr'>elo-</span> <span class='ocrx_word' id='word_1_224' title='bbox 1214 2136 1351 2230; x_wconf 62' lang='lat' dir='ltr'>tfltlblssi</span> <span class='ocrx_word' id='word_1_225' title='bbox 1370 2138 1404 2204; x_wconf 85' lang='lat'>&amp;</span> <span class='ocrx_word' id='word_1_226' title='bbox 1429 2146 1470 2202; x_wconf 65' lang='lat' dir='ltr'>est</span> <span class='ocrx_word' id='word_1_227' title='bbox 1498 2147 1668 2223; x_wconf 77' lang='lat' dir='ltr'>naturalis,</span> <span class='ocrx_word' id='word_1_228' title='bbox 1691 2149 1724 2213; x_wconf 78' lang='lat' dir='ltr'>dt</span> <span class='ocrx_word' id='word_1_229' title='bbox 1747 2150 1811 2214; x_wconf 87' lang='lat' dir='ltr'>lata</span> <span class='ocrx_word' id='word_1_230' title='bbox 1833 2150 1983 2232; x_wconf 82' lang='lat' dir='ltr'>significa·</span> 
     </span>
     <span class='ocr_line' id='line_1_21' title="bbox 436 2218 1980 2314; baseline 0.004 -24"><span class='ocrx_word' id='word_1_231' title='bbox 436 2231 519 2304; x_wconf 87' lang='lat' dir='ltr'>ium,</span> <span class='ocrx_word' id='word_1_232' title='bbox 536 2223 743 2303; x_wconf 86' lang='lat' dir='ltr'>oontellatio,</span> <span class='ocrx_word' id='word_1_233' title='bbox 763 2224 922 2302; x_wconf 87' lang='lat' dir='ltr'>aliquando</span> <span class='ocrx_word' id='word_1_234' title='bbox 942 2222 1115 2302; x_wconf 80' lang='lat' dir='ltr'>supremum</span> <span class='ocrx_word' id='word_1_235' title='bbox 1131 2229 1176 2289; x_wconf 91' lang='lat' dir='ltr'>iu·</span> <span class='ocrx_word' id='word_1_236' title='bbox 1213 2237 1275 2293; x_wconf 84' lang='lat' dir='ltr'>tio,</span> <span class='ocrx_word' id='word_1_237' title='bbox 1296 2238 1389 2309; x_wconf 81' lang='lat' dir='ltr'>quam</span> <span class='ocrx_word' id='word_1_238' title='bbox 1410 2218 1498 2284; x_wconf 87' lang='lat' dir='ltr'>habet</span> <span class='ocrx_word' id='word_1_239' title='bbox 1521 2224 1701 2289; x_wconf 87' lang='lat' dir='ltr'>vocabulum</span> <span class='ocrx_word' id='word_1_240' title='bbox 1723 2229 1927 2314; x_wconf 84' lang='lat' dir='ltr'>testamenti,</span> <span class='ocrx_word' id='word_1_241' title='bbox 1947 2237 1980 2304; x_wconf 77' lang='lat' dir='ltr'>dt</span> 
     </span>
     <span class='ocr_line' id='line_1_22' title="bbox 411 2248 1981 2392; baseline -0.001 -21"><span class='ocrx_word' id='word_1_242' title='bbox 411 2248 751 2384; x_wconf 58' lang='lat' dir='ltr'>liciummoderamen</span> <span class='ocrx_word' id='word_1_243' title='bbox 774 2306 1030 2381; x_wconf 86' lang='lat' dir='ltr'>voluntatis,de</span> <span class='ocrx_word' id='word_1_244' title='bbox 1049 2305 1176 2382; x_wconf 86' lang='lat' dir='ltr'>quibus,</span> <span class='ocrx_word' id='word_1_245' title='bbox 1211 2295 1422 2391; x_wconf 58' lang='lat' dir='ltr'>conploslttur</span> <span class='ocrx_word' id='word_1_246' title='bbox 1448 2319 1570 2392; x_wconf 81' lang='lat' dir='ltr'>onmem</span> <span class='ocrx_word' id='word_1_247' title='bbox 1604 2311 1716 2370; x_wconf 89' lang='lat' dir='ltr'>mentis</span> <span class='ocrx_word' id='word_1_248' title='bbox 1748 2309 1981 2378; x_wconf 75' lang='lat' dir='ltr'>attestationem</span> 
     </span>
     <span class='ocr_line' id='line_1_23' title="bbox 410 2375 1980 2472; baseline 0.005 -22"><span class='ocrx_word' id='word_1_249' title='bbox 410 2387 533 2463; x_wconf 86' lang='lat' dir='ltr'>aliisque</span> <span class='ocrx_word' id='word_1_250' title='bbox 549 2387 645 2450; x_wconf 89' lang='lat' dir='ltr'>videri</span> <span class='ocrx_word' id='word_1_251' title='bbox 665 2381 761 2463; x_wconf 87' lang='lat' dir='ltr'>potesl</span> <span class='ocrx_word' id='word_1_252' title='bbox 777 2384 951 2462; x_wconf 78' lang='lat' dir='ltr'>Collegium</span> <span class='ocrx_word' id='word_1_253' title='bbox 966 2388 1029 2448; x_wconf 80' lang='lat' dir='ltr'>liir.</span> <span class='ocrx_word' id='word_1_254' title='bbox 1041 2387 1175 2466; x_wconf 72' lang='lat' dir='ltr'>Argiae.</span> <span class='ocrx_word' id='word_1_255' title='bbox 1210 2396 1294 2442; x_wconf 65' lang='grc' dir='ltr'>(ιτα</span> <span class='ocrx_word' id='word_1_256' title='bbox 1313 2380 1344 2438; x_wconf 77' lang='lat' dir='ltr'>¹d</span> <span class='ocrx_word' id='word_1_257' title='bbox 1363 2375 1442 2470; x_wconf 55' lang='grc' dir='ltr'>ΨΜ,</span> <span class='ocrx_word' id='word_1_258' title='bbox 1466 2400 1533 2457; x_wconf 71' lang='lat'><strong>&lt;1⁰¹⁸</strong></span> <span class='ocrx_word' id='word_1_259' title='bbox 1554 2384 1631 2447; x_wconf 78' lang='lat' dir='ltr'>velit</span> <span class='ocrx_word' id='word_1_260' title='bbox 1651 2387 1716 2463; x_wconf 85' lang='lat' dir='ltr'>post</span> <span class='ocrx_word' id='word_1_261' title='bbox 1740 2395 1805 2453; x_wconf 79' lang='lat' dir='ltr'>eius</span> <span class='ocrx_word' id='word_1_262' title='bbox 1827 2410 1980 2472; x_wconf 87' lang='lat' dir='ltr'>mortem,</span> 
     </span>
     <span class='ocr_line' id='line_1_24' title="bbox 414 2456 1981 2550; baseline 0.006 -21"><span class='ocrx_word' id='word_1_263' title='bbox 414 2464 447 2530; x_wconf 60' lang='grc' dir='ltr'>ιιι</span> <span class='ocrx_word' id='word_1_264' title='bbox 465 2468 495 2530; x_wconf 82' lang='lat'>6.</span> <span class='ocrx_word' id='word_1_265' title='bbox 513 2479 535 2529; x_wconf 87' lang='lat' dir='ltr'>i.</span> <span class='ocrx_word' id='word_1_266' title='bbox 552 2463 597 2530; x_wconf 85' lang='lat' dir='ltr'>rh.</span> <span class='ocrx_word' id='word_1_267' title='bbox 618 2481 648 2528; x_wconf 78' lang='lat' dir='ltr'>a.</span> <span class='ocrx_word' id='word_1_268' title='bbox 1231 2456 1331 2523; x_wconf 87' lang='lat' dir='ltr'>uando</span> <span class='ocrx_word' id='word_1_269' title='bbox 1352 2459 1479 2550; x_wconf 70' lang='lat' dir='ltr'>amphus</span> <span class='ocrx_word' id='word_1_270' title='bbox 1504 2460 1583 2536; x_wconf 81' lang='lat' dir='ltr'>loqui</span> <span class='ocrx_word' id='word_1_271' title='bbox 1608 2472 1736 2541; x_wconf 85' lang='lat' dir='ltr'>nequit.</span> <span class='ocrx_word' id='word_1_272' title='bbox 1760 2487 1788 2530; x_wconf 82' lang='lat' dir='ltr'>a.</span> <span class='ocrx_word' id='word_1_273' title='bbox 1806 2473 1981 2538; x_wconf 73' lang='lat' dir='ltr'>silemnlrcr</span> 
     </span>
     <span class='ocr_line' id='line_1_25' title="bbox 271 2481 1977 2633; baseline 0.006 -26"><span class='ocrx_word' id='word_1_274' title='bbox 271 2542 311 2593; x_wconf 67' lang='grc' dir='ltr'>Β*</span> <span class='ocrx_word' id='word_1_275' title='bbox 327 2551 380 2607; x_wconf 67' lang='grc' dir='ltr'>Ψ·</span> <span class='ocrx_word' id='word_1_276' title='bbox 451 2546 572 2610; x_wconf 85' lang='lat' dir='ltr'>Morem</span> <span class='ocrx_word' id='word_1_277' title='bbox 594 2543 772 2623; x_wconf 90' lang='lat' dir='ltr'>disponendi</span> <span class='ocrx_word' id='word_1_278' title='bbox 792 2542 829 2609; x_wconf 89' lang='lat' dir='ltr'>de</span> <span class='ocrx_word' id='word_1_279' title='bbox 854 2545 980 2622; x_wconf 85' lang='lat' dir='ltr'>propriis</span> <span class='ocrx_word' id='word_1_280' title='bbox 1005 2544 1093 2610; x_wconf 86' lang='lat' dir='ltr'>rebus</span> <span class='ocrx_word' id='word_1_281' title='bbox 1123 2564 1175 2621; x_wconf 88' lang='lat' dir='ltr'>per</span> <span class='ocrx_word' id='word_1_282' title='bbox 1203 2481 1307 2620; x_wconf 54' lang='lat' dir='ltr'>lach,</span> <span class='ocrx_word' id='word_1_283' title='bbox 1326 2558 1396 2613; x_wconf 72' lang='lat'>‘1⁰¹2</span> <span class='ocrx_word' id='word_1_284' title='bbox 1412 2559 1482 2631; x_wconf 56' lang='lat' dir='ltr'>&lt;tim</span> <span class='ocrx_word' id='word_1_285' title='bbox 1498 2541 1674 2632; x_wconf 71' lang='lat' dir='ltr'>reipublicae</span> <span class='ocrx_word' id='word_1_286' title='bbox 1690 2547 1977 2633; x_wconf 88' lang='lat' dir='ltr'>multiimintersrt,</span> 
     </span>
     <span class='ocr_line' id='line_1_26' title="bbox 269 2616 1979 2728; baseline 0.001 -39"><span class='ocrx_word' id='word_1_287' title='bbox 269 2616 394 2728; x_wconf 54' lang='lat' dir='ltr'>ffi‘ffi</span> <span class='ocrx_word' id='word_1_288' title='bbox 413 2625 629 2703; x_wconf 83' lang='lat' dir='ltr'>qualecumque</span> <span class='ocrx_word' id='word_1_289' title='bbox 657 2622 889 2690; x_wconf 87' lang='lat' dir='ltr'>Testamentum</span> <span class='ocrx_word' id='word_1_290' title='bbox 911 2621 1027 2719; x_wconf 74' lang='lat' dir='ltr'>¹censeo</span> <span class='ocrx_word' id='word_1_291' title='bbox 1048 2628 1175 2691; x_wconf 88' lang='lat' dir='ltr'>initium</span> <span class='ocrx_word' id='word_1_292' title='bbox 1211 2634 1246 2682; x_wconf 93' lang='lat' dir='ltr'>ut</span> <span class='ocrx_word' id='word_1_293' title='bbox 1256 2617 1294 2681; x_wconf 87' lang='lat' dir='ltr'>de</span> <span class='ocrx_word' id='word_1_294' title='bbox 1304 2616 1390 2710; x_wconf 79' lang='lat' dir='ltr'>rebus</span> <span class='ocrx_word' id='word_1_295' title='bbox 1411 2619 1469 2681; x_wconf 88' lang='lat' dir='ltr'>luis</span> <span class='ocrx_word' id='word_1_296' title='bbox 1489 2618 1681 2713; x_wconf 77' lang='lat' dir='ltr'>dilponerites</span> <span class='ocrx_word' id='word_1_297' title='bbox 1703 2627 1818 2721; x_wconf 81' lang='lat' dir='ltr'>libere,</span> <span class='ocrx_word' id='word_1_298' title='bbox 1838 2634 1979 2700; x_wconf 71' lang='lat' dir='ltr'>nataliae</span> 
     </span>
     <span class='ocr_line' id='line_1_27' title="bbox 271 2692 1979 2854; baseline 0.003 -12"><span class='ocrx_word' id='word_1_299' title='bbox 271 2731 396 2846; x_wconf 77' lang='grc' dir='ltr'>ιιι.</span> <span class='ocrx_word' id='word_1_300' title='bbox 412 2702 873 2851; x_wconf 69' lang='grc' dir='ltr'>ιιΨιειιιΨΨι</span> <span class='ocrx_word' id='word_1_301' title='bbox 888 2702 1037 2849; x_wconf 73' lang='grc' dir='ltr'>ΨΨ</span> <span class='ocrx_word' id='word_1_302' title='bbox 1211 2692 1809 2852; x_wconf 70' lang='grc' dir='ltr'>ιιῑΨΨιΨΨιΨΨι</span> <span class='ocrx_word' id='word_1_303' title='bbox 1826 2711 1979 2854; x_wconf 86' lang='grc' dir='ltr'>ΜΨ</span> 
     </span>
     <span class='ocr_line' id='line_1_28' title="bbox 270 2805 1979 2949; baseline 0.002 -18"><span class='ocrx_word' id='word_1_304' title='bbox 270 2851 321 2907; x_wconf 73' lang='lat'>¹⁸¹¹·</span> <span class='ocrx_word' id='word_1_305' title='bbox 334 2870 396 2912; x_wconf 74' lang='lat'>‘¹¹⁸‘</span> <span class='ocrx_word' id='word_1_306' title='bbox 413 2868 529 2931; x_wconf 90' lang='lat' dir='ltr'>tionem</span> <span class='ocrx_word' id='word_1_307' title='bbox 544 2863 712 2942; x_wconf 79' lang='lat' dir='ltr'>induxere,</span> <span class='ocrx_word' id='word_1_308' title='bbox 730 2805 858 2930; x_wconf 58' lang='lat' dir='ltr'>curtilli</span> <span class='ocrx_word' id='word_1_309' title='bbox 873 2883 909 2928; x_wconf 87' lang='lat' dir='ltr'>ea</span> <span class='ocrx_word' id='word_1_310' title='bbox 938 2806 1048 2930; x_wconf 68' lang='lat' dir='ltr'>orrurrl</span> <span class='ocrx_word' id='word_1_311' title='bbox 1064 2805 1173 2929; x_wconf 68' lang='lat' dir='ltr'>libbe·</span> <span class='ocrx_word' id='word_1_312' title='bbox 1209 2852 1413 2923; x_wconf 84' lang='lat' dir='ltr'>formalitates</span> <span class='ocrx_word' id='word_1_313' title='bbox 1434 2904 1443 2935; x_wconf 95' lang='lat'>,</span> <span class='ocrx_word' id='word_1_314' title='bbox 1462 2828 1591 2934; x_wconf 74' lang='lat' dir='ltr'>quar’om</span> <span class='ocrx_word' id='word_1_315' title='bbox 1615 2859 1637 2923; x_wconf 91' lang='lat' dir='ltr'>si</span> <span class='ocrx_word' id='word_1_316' title='bbox 1663 2809 1773 2943; x_wconf 63' lang='lat' dir='ltr'>aliqub</span> <span class='ocrx_word' id='word_1_317' title='bbox 1803 2812 1979 2949; x_wconf 53' lang='lat' dir='ltr'>deffinita:</span> 
     </span>
     <span class='ocr_line' id='line_1_29' title="bbox 270 2932 1978 3030; baseline 0.002 -17"><span class='ocrx_word' id='word_1_318' title='bbox 270 2932 473 3013; x_wconf 53' lang='lat' dir='ltr'>mmmmm</span> <span class='ocrx_word' id='word_1_319' title='bbox 489 2945 521 3009; x_wconf 92' lang='lat' dir='ltr'>in</span> <span class='ocrx_word' id='word_1_320' title='bbox 542 2944 675 3009; x_wconf 85' lang='lat' dir='ltr'>humana</span> <span class='ocrx_word' id='word_1_321' title='bbox 691 2943 854 3024; x_wconf 83' lang='lat' dir='ltr'>Republica</span> <span class='ocrx_word' id='word_1_322' title='bbox 883 2945 1083 3021; x_wconf 85' lang='lat' dir='ltr'>particularia</span> <span class='ocrx_word' id='word_1_323' title='bbox 1106 2947 1175 3011; x_wconf 90' lang='lat' dir='ltr'>iura</span> <span class='ocrx_word' id='word_1_324' title='bbox 1210 2935 1327 3029; x_wconf 84' lang='lat' dir='ltr'>nullum</span> <span class='ocrx_word' id='word_1_325' title='bbox 1345 2936 1389 3030; x_wconf 84' lang='lat' dir='ltr'>ell</span> <span class='ocrx_word' id='word_1_326' title='bbox 1411 2936 1652 3030; x_wconf 80' lang='lat' dir='ltr'>tellamentrim,</span> <span class='ocrx_word' id='word_1_327' title='bbox 1672 2944 1705 3009; x_wconf 80' lang='grc' dir='ltr'>ἀ</span> <span class='ocrx_word' id='word_1_328' title='bbox 1726 2947 1792 3012; x_wconf 81' lang='lat' dir='ltr'>lraec</span> <span class='ocrx_word' id='word_1_329' title='bbox 1813 2949 1856 3012; x_wconf 88' lang='lat' dir='ltr'>est</span> <span class='ocrx_word' id='word_1_330' title='bbox 1878 2952 1978 3018; x_wconf 88' lang='lat' dir='ltr'>altera</span> 
     </span>
     <span class='ocr_line' id='line_1_30' title="bbox 411 3015 1978 3116; baseline 0 -23"><span class='ocrx_word' id='word_1_331' title='bbox 411 3027 490 3105; x_wconf 84' lang='lat' dir='ltr'>mei,</span> <span class='ocrx_word' id='word_1_332' title='bbox 513 3046 548 3090; x_wconf 90' lang='lat' dir='ltr'>ac</span> <span class='ocrx_word' id='word_1_333' title='bbox 564 3023 628 3102; x_wconf 81' lang='lat' dir='ltr'>iiii,</span> <span class='ocrx_word' id='word_1_334' title='bbox 651 3020 701 3092; x_wconf 90' lang='lat' dir='ltr'>seu</span> <span class='ocrx_word' id='word_1_335' title='bbox 721 3023 856 3089; x_wconf 77' lang='lat' dir='ltr'>dillinsla</span> <span class='ocrx_word' id='word_1_336' title='bbox 872 3027 954 3089; x_wconf 89' lang='lat' dir='ltr'>inter</span> <span class='ocrx_word' id='word_1_337' title='bbox 971 3024 1173 3091; x_wconf 86' lang='lat' dir='ltr'>hominesbo-</span> <span class='ocrx_word' id='word_1_338' title='bbox 1209 3016 1391 3098; x_wconf 73' lang='lat' dir='ltr'>slgnlllcatlo</span> <span class='ocrx_word' id='word_1_339' title='bbox 1410 3015 1565 3099; x_wconf 79' lang='lat' dir='ltr'>ilrislior,</span> <span class='ocrx_word' id='word_1_340' title='bbox 1592 3023 1626 3086; x_wconf 83' lang='lat' dir='ltr'>dt</span> <span class='ocrx_word' id='word_1_341' title='bbox 1639 3027 1749 3116; x_wconf 79' lang='lat' dir='ltr'>¹ciuilis</span> <span class='ocrx_word' id='word_1_342' title='bbox 1776 3030 1978 3110; x_wconf 89' lang='lat' dir='ltr'>tellamenti,</span> 
     </span>
     <span class='ocr_line' id='line_1_31' title="bbox 413 3097 1979 3192; baseline -0.001 -21"><span class='ocrx_word' id='word_1_343' title='bbox 413 3107 526 3172; x_wconf 87' lang='lat' dir='ltr'>norum</span> <span class='ocrx_word' id='word_1_344' title='bbox 544 3107 679 3170; x_wconf 90' lang='lat' dir='ltr'>dominia</span> <span class='ocrx_word' id='word_1_345' title='bbox 694 3124 730 3170; x_wconf 88' lang='lat' dir='ltr'>ac</span> <span class='ocrx_word' id='word_1_346' title='bbox 752 3102 958 3183; x_wconf 77' lang='lat' dir='ltr'>polleffiones,</span> <span class='ocrx_word' id='word_1_347' title='bbox 979 3122 1013 3170; x_wconf 91' lang='lat' dir='ltr'>ut</span> <span class='ocrx_word' id='word_1_348' title='bbox 1032 3105 1112 3181; x_wconf 92' lang='lat' dir='ltr'>quod</span> <span class='ocrx_word' id='word_1_349' title='bbox 1129 3103 1174 3169; x_wconf 82' lang='lat' dir='ltr'>eli</span> <span class='ocrx_word' id='word_1_350' title='bbox 1209 3099 1289 3192; x_wconf 71' lang='lat' dir='ltr'>quod</span> <span class='ocrx_word' id='word_1_351' title='bbox 1317 3097 1501 3191; x_wconf 50' lang='lat' dir='ltr'>vocubulum</span> <span class='ocrx_word' id='word_1_352' title='bbox 1525 3102 1660 3181; x_wconf 79' lang='lat' dir='ltr'>exlegis</span> <span class='ocrx_word' id='word_1_353' title='bbox 1690 3105 1832 3183; x_wconf 81' lang='lat' dir='ltr'>positivae</span> <span class='ocrx_word' id='word_1_354' title='bbox 1861 3109 1979 3189; x_wconf 82' lang='lat' dir='ltr'>disposi-</span> 
     </span>
     <span class='ocr_line' id='line_1_32' title="bbox 413 3176 1978 3270; baseline -0.008 -21"><span class='ocrx_word' id='word_1_355' title='bbox 413 3191 530 3260; x_wconf 83' lang='lat' dir='ltr'>nnius,</span> <span class='ocrx_word' id='word_1_356' title='bbox 560 3183 755 3248; x_wconf 89' lang='lat' dir='ltr'>subalterius</span> <span class='ocrx_word' id='word_1_357' title='bbox 778 3188 842 3248; x_wconf 88' lang='lat' dir='ltr'>iure</span> <span class='ocrx_word' id='word_1_358' title='bbox 859 3232 868 3262; x_wconf 92' lang='lat'>,</span> <span class='ocrx_word' id='word_1_359' title='bbox 887 3204 922 3248; x_wconf 88' lang='lat' dir='ltr'>ac</span> <span class='ocrx_word' id='word_1_360' title='bbox 944 3182 1096 3263; x_wconf 87' lang='lat' dir='ltr'>potestate</span> <span class='ocrx_word' id='word_1_361' title='bbox 1112 3205 1175 3249; x_wconf 90' lang='lat' dir='ltr'>nori</span> <span class='ocrx_word' id='word_1_362' title='bbox 1211 3195 1295 3243; x_wconf 90' lang='lat' dir='ltr'>tione</span> <span class='ocrx_word' id='word_1_363' title='bbox 1316 3176 1501 3270; x_wconf 76' lang='lat' dir='ltr'>attributum</span> <span class='ocrx_word' id='word_1_364' title='bbox 1517 3178 1560 3242; x_wconf 88' lang='lat' dir='ltr'>eil</span> <span class='ocrx_word' id='word_1_365' title='bbox 1579 3182 1622 3244; x_wconf 88' lang='lat' dir='ltr'>illi</span> <span class='ocrx_word' id='word_1_366' title='bbox 1644 3180 1753 3262; x_wconf 86' lang='lat' dir='ltr'>speciei</span> <span class='ocrx_word' id='word_1_367' title='bbox 1773 3189 1895 3254; x_wconf 86' lang='lat' dir='ltr'>ultimae</span> <span class='ocrx_word' id='word_1_368' title='bbox 1922 3210 1978 3255; x_wconf 89' lang='lat' dir='ltr'>iio.</span> 
     </span>
     <span class='ocr_line' id='line_1_33' title="bbox 267 3259 1976 3351; baseline 0.002 -20"><span class='ocrx_word' id='word_1_369' title='bbox 267 3311 272 3323; x_wconf 81' lang='lat'><strong>·</strong></span> <span class='ocrx_word' id='word_1_370' title='bbox 413 3267 629 3332; x_wconf 88' lang='lat' dir='ltr'>contineatur.</span> <span class='ocrx_word' id='word_1_371' title='bbox 647 3262 1000 3328; x_wconf 80' lang='lat' dir='ltr'>Namconriaturaleell</span> <span class='ocrx_word' id='word_1_372' title='bbox 1018 3265 1175 3328; x_wconf 88' lang='lat' dir='ltr'>hominum</span> <span class='ocrx_word' id='word_1_373' title='bbox 1210 3260 1357 3351; x_wconf 82' lang='lat' dir='ltr'>luntatis,</span> <span class='ocrx_word' id='word_1_374' title='bbox 1377 3277 1447 3335; x_wconf 77' lang='lat' dir='ltr'>quae</span> <span class='ocrx_word' id='word_1_375' title='bbox 1471 3259 1635 3348; x_wconf 87' lang='lat' dir='ltr'>lolemnior</span> <span class='ocrx_word' id='word_1_376' title='bbox 1654 3264 1718 3344; x_wconf 86' lang='lat' dir='ltr'>ell,</span> <span class='ocrx_word' id='word_1_377' title='bbox 1738 3265 1772 3331; x_wconf 81' lang='lat' dir='ltr'>dt</span> <span class='ocrx_word' id='word_1_378' title='bbox 1796 3275 1889 3349; x_wconf 77' lang='lat' dir='ltr'>magis</span> <span class='ocrx_word' id='word_1_379' title='bbox 1917 3274 1976 3349; x_wconf 89' lang='lat' dir='ltr'>pri·</span> 
     </span>
     <span class='ocr_line' id='line_1_34' title="bbox 278 3335 1977 3431; baseline 0.003 -24"><span class='ocrx_word' id='word_1_380' title='bbox 278 3336 290 3354; x_wconf 73' lang='lat'><em>⁶</em></span> <span class='ocrx_word' id='word_1_381' title='bbox 413 3346 537 3425; x_wconf 82' lang='lat' dir='ltr'>ingenio</span> <span class='ocrx_word' id='word_1_382' title='bbox 563 3362 624 3408; x_wconf 90' lang='lat' dir='ltr'>non</span> <span class='ocrx_word' id='word_1_383' title='bbox 654 3340 750 3408; x_wconf 89' lang='lat' dir='ltr'>solum</span> <span class='ocrx_word' id='word_1_384' title='bbox 771 3365 824 3421; x_wconf 88' lang='lat' dir='ltr'>per</span> <span class='ocrx_word' id='word_1_385' title='bbox 851 3341 976 3407; x_wconf 88' lang='lat' dir='ltr'>bonella</span> <span class='ocrx_word' id='word_1_386' title='bbox 997 3366 1032 3408; x_wconf 85' lang='lat' dir='ltr'>ac</span> <span class='ocrx_word' id='word_1_387' title='bbox 1053 3341 1174 3407; x_wconf 86' lang='lat' dir='ltr'>strenua</span> <span class='ocrx_word' id='word_1_388' title='bbox 1209 3341 1390 3431; x_wconf 77' lang='lat' dir='ltr'>vilegiata,</span> <span class='ocrx_word' id='word_1_389' title='bbox 1418 3337 1456 3401; x_wconf 91' lang='lat' dir='ltr'>ad</span> <span class='ocrx_word' id='word_1_390' title='bbox 1481 3335 1685 3408; x_wconf 84' lang='lat' dir='ltr'>differentiam</span> <span class='ocrx_word' id='word_1_391' title='bbox 1722 3347 1881 3429; x_wconf 88' lang='lat' dir='ltr'>aliarum,</span> <span class='ocrx_word' id='word_1_392' title='bbox 1910 3368 1977 3428; x_wconf 78' lang='lat' dir='ltr'>quae</span> 
     </span>
     <span class='ocr_line' id='line_1_35' title="bbox 412 3414 1980 3513; baseline 0.003 -22"><span class='ocrx_word' id='word_1_393' title='bbox 412 3445 507 3504; x_wconf 80' lang='lat' dir='ltr'>opera</span> <span class='ocrx_word' id='word_1_394' title='bbox 536 3427 713 3487; x_wconf 86' lang='lat' dir='ltr'>memoriam</span> <span class='ocrx_word' id='word_1_395' title='bbox 742 3420 951 3501; x_wconf 79' lang='lat' dir='ltr'>laudabilem,</span> <span class='ocrx_word' id='word_1_396' title='bbox 983 3425 1031 3487; x_wconf 90' lang='lat' dir='ltr'>l&#39;ed</span> <span class='ocrx_word' id='word_1_397' title='bbox 1054 3443 1175 3513; x_wconf 69' lang='lat' dir='ltr'>gratam</span> <span class='ocrx_word' id='word_1_398' title='bbox 1211 3436 1245 3483; x_wconf 94' lang='lat' dir='ltr'>ut</span> <span class='ocrx_word' id='word_1_399' title='bbox 1274 3436 1372 3511; x_wconf 77' lang='lat' dir='ltr'>minus</span> <span class='ocrx_word' id='word_1_400' title='bbox 1396 3414 1571 3499; x_wconf 80' lang='lat' dir='ltr'>solemnes,</span> <span class='ocrx_word' id='word_1_401' title='bbox 1601 3443 1635 3486; x_wconf 88' lang='lat' dir='ltr'>ac</span> <span class='ocrx_word' id='word_1_402' title='bbox 1668 3427 1767 3490; x_wconf 91' lang='lat' dir='ltr'>minus</span> <span class='ocrx_word' id='word_1_403' title='bbox 1798 3431 1980 3510; x_wconf 81' lang='lat' dir='ltr'>privilegia·</span> 
     </span>
     <span class='ocr_line' id='line_1_36' title="bbox 413 3500 1982 3589; baseline 0.002 -18"><span class='ocrx_word' id='word_1_404' title='bbox 413 3509 510 3572; x_wconf 87' lang='lat' dir='ltr'>etiam</span> <span class='ocrx_word' id='word_1_405' title='bbox 535 3503 634 3568; x_wconf 91' lang='lat' dir='ltr'>medio</span> <span class='ocrx_word' id='word_1_406' title='bbox 662 3505 763 3583; x_wconf 87' lang='lat' dir='ltr'>aliquo</span> <span class='ocrx_word' id='word_1_407' title='bbox 796 3500 993 3570; x_wconf 81' lang='lat' dir='ltr'>fortunarum</span> <span class='ocrx_word' id='word_1_408' title='bbox 1025 3503 1175 3572; x_wconf 84' lang='lat' dir='ltr'>beneucio</span> <span class='ocrx_word' id='word_1_409' title='bbox 1210 3517 1251 3565; x_wconf 81' lang='lat' dir='ltr'>tae</span> <span class='ocrx_word' id='word_1_410' title='bbox 1284 3500 1480 3576; x_wconf 77' lang='lat' dir='ltr'>explicantur</span> <span class='ocrx_word' id='word_1_411' title='bbox 1517 3506 1687 3589; x_wconf 83' lang='lat' dir='ltr'>nominibus</span> <span class='ocrx_word' id='word_1_412' title='bbox 1714 3506 1885 3581; x_wconf 84' lang='lat' dir='ltr'>Codicilli,</span> <span class='ocrx_word' id='word_1_413' title='bbox 1921 3512 1982 3574; x_wconf 68' lang='lat' dir='ltr'>Iae-</span> 
     </span>
     <span class='ocr_line' id='line_1_37' title="bbox 393 3580 1982 3673; baseline 0 -23"><span class='ocrx_word' id='word_1_414' title='bbox 393 3645 395 3650; x_wconf 90' lang='lat'><em>.</em></span> <span class='ocrx_word' id='word_1_415' title='bbox 414 3585 491 3663; x_wconf 86' lang='lat' dir='ltr'>apud</span> <span class='ocrx_word' id='word_1_416' title='bbox 507 3584 637 3667; x_wconf 82' lang='lat' dir='ltr'>polleros</span> <span class='ocrx_word' id='word_1_417' title='bbox 654 3585 838 3663; x_wconf 87' lang='lat' dir='ltr'>relinquere.</span> <span class='ocrx_word' id='word_1_418' title='bbox 1209 3581 1301 3673; x_wconf 80' lang='lat' dir='ltr'>gari,</span> <span class='ocrx_word' id='word_1_419' title='bbox 1328 3580 1513 3672; x_wconf 83' lang='lat' dir='ltr'>Donationis</span> <span class='ocrx_word' id='word_1_420' title='bbox 1531 3584 1634 3647; x_wconf 86' lang='lat' dir='ltr'>caulla</span> <span class='ocrx_word' id='word_1_421' title='bbox 1662 3591 1771 3649; x_wconf 82' lang='lat' dir='ltr'>moitis</span> <span class='ocrx_word' id='word_1_422' title='bbox 1794 3636 1802 3665; x_wconf 91' lang='lat'>,</span> <span class='ocrx_word' id='word_1_423' title='bbox 1833 3590 1885 3653; x_wconf 88' lang='lat' dir='ltr'>vel</span> <span class='ocrx_word' id='word_1_424' title='bbox 1914 3589 1982 3651; x_wconf 86' lang='lat' dir='ltr'>lim·</span> 
     </span>
     <span class='ocr_line' id='line_1_38' title="bbox 453 3662 1983 3759; baseline 0.003 -29"><span class='ocrx_word' id='word_1_425' title='bbox 453 3667 524 3731; x_wconf 88' lang='lat' dir='ltr'>Dixi</span> <span class='ocrx_word' id='word_1_426' title='bbox 541 3684 596 3746; x_wconf 82' lang='lat' dir='ltr'>prr</span> <span class='ocrx_word' id='word_1_427' title='bbox 636 3667 1076 3748; x_wconf 58' lang='lat' dir='ltr'>ultramontanorum,</span> <span class='ocrx_word' id='word_1_428' title='bbox 1104 3687 1176 3730; x_wconf 91' lang='lat' dir='ltr'>nam</span> <span class='ocrx_word' id='word_1_429' title='bbox 1211 3662 1331 3749; x_wconf 73' lang='lat' dir='ltr'>pliciter</span> <span class='ocrx_word' id='word_1_430' title='bbox 1356 3662 1478 3747; x_wconf 27' lang='lat' dir='ltr'>‚ultrmae</span> <span class='ocrx_word' id='word_1_431' title='bbox 1504 3664 1698 3759; x_wconf 76' lang='lat' dir='ltr'>voluntatis.</span> <span class='ocrx_word' id='word_1_432' title='bbox 1725 3682 1750 3745; x_wconf 82' lang='lat'>3·</span> <span class='ocrx_word' id='word_1_433' title='bbox 1785 3676 1860 3733; x_wconf 77' lang='lat' dir='ltr'>Cum</span> <span class='ocrx_word' id='word_1_434' title='bbox 1891 3669 1983 3734; x_wconf 62' lang='lat' dir='ltr'>lare·</span> 
     </span>
     <span class='ocr_line' id='line_1_39' title="bbox 412 3686 1982 3835; baseline 0 -23"><span class='ocrx_word' id='word_1_435' title='bbox 412 3747 556 3812; x_wconf 86' lang='lat' dir='ltr'>credibile</span> <span class='ocrx_word' id='word_1_436' title='bbox 586 3686 635 3810; x_wconf 79' lang='lat' dir='ltr'>cll</span> <span class='ocrx_word' id='word_1_437' title='bbox 651 3767 703 3823; x_wconf 92' lang='lat' dir='ltr'>per</span> <span class='ocrx_word' id='word_1_438' title='bbox 729 3749 816 3824; x_wconf 88' lang='lat' dir='ltr'>plura</span> <span class='ocrx_word' id='word_1_439' title='bbox 848 3743 959 3811; x_wconf 82' lang='lat' dir='ltr'>saecula</span> <span class='ocrx_word' id='word_1_440' title='bbox 983 3747 1176 3812; x_wconf 77' lang='lat' dir='ltr'>consuevisse</span> <span class='ocrx_word' id='word_1_441' title='bbox 1209 3741 1257 3835; x_wconf 65' lang='lat' dir='ltr'>dis</span> <span class='ocrx_word' id='word_1_442' title='bbox 1294 3741 1472 3818; x_wconf 74' lang='lat' dir='ltr'>inpleturum</span> <span class='ocrx_word' id='word_1_443' title='bbox 1500 3756 1522 3834; x_wconf 70' lang='grc' dir='ltr'>τ1</span> <span class='ocrx_word' id='word_1_444' title='bbox 1550 3743 1681 3833; x_wconf 18' lang='lat' dir='ltr'>lit-credis</span> <span class='ocrx_word' id='word_1_445' title='bbox 1720 3769 1824 3813; x_wconf 87' lang='lat' dir='ltr'>aurem</span> <span class='ocrx_word' id='word_1_446' title='bbox 1861 3747 1982 3813; x_wconf 83' lang='lat' dir='ltr'>inllitu·</span> 
     </span>
     <span class='ocr_line' id='line_1_40' title="bbox 412 3821 1982 3908; baseline 0.001 -17"><span class='ocrx_word' id='word_1_447' title='bbox 412 3828 531 3893; x_wconf 82' lang='lat' dir='ltr'>Gentes</span> <span class='ocrx_word' id='word_1_448' title='bbox 562 3824 705 3891; x_wconf 89' lang='lat' dir='ltr'>ultimam</span> <span class='ocrx_word' id='word_1_449' title='bbox 733 3829 771 3891; x_wconf 89' lang='lat' dir='ltr'>de</span> <span class='ocrx_word' id='word_1_450' title='bbox 792 3825 849 3890; x_wconf 89' lang='lat' dir='ltr'>suis</span> <span class='ocrx_word' id='word_1_451' title='bbox 875 3828 963 3890; x_wconf 89' lang='lat' dir='ltr'>rebus</span> <span class='ocrx_word' id='word_1_452' title='bbox 983 3824 1178 3891; x_wconf 77' lang='lat' dir='ltr'>manisel&#39;lare</span> <span class='ocrx_word' id='word_1_453' title='bbox 1212 3821 1341 3908; x_wconf 23' lang='lat' dir='ltr'>tio,·ell</span> <span class='ocrx_word' id='word_1_454' title='bbox 1373 3839 1544 3885; x_wconf 84' lang='lat' dir='ltr'>nominatio</span> <span class='ocrx_word' id='word_1_455' title='bbox 1569 3829 1738 3889; x_wconf 89' lang='lat' dir='ltr'>luccelloris</span> <span class='ocrx_word' id='word_1_456' title='bbox 1774 3833 1805 3891; x_wconf 92' lang='lat' dir='ltr'>in</span> <span class='ocrx_word' id='word_1_457' title='bbox 1838 3831 1886 3893; x_wconf 90' lang='lat' dir='ltr'>ius</span> <span class='ocrx_word' id='word_1_458' title='bbox 1915 3833 1982 3893; x_wconf 87' lang='lat' dir='ltr'>urii·</span> 
     </span>
     <span class='ocr_line' id='line_1_41' title="bbox 415 3900 1984 3999; baseline 0.003 -30"><span class='ocrx_word' id='word_1_459' title='bbox 415 3910 613 3971; x_wconf 89' lang='lat' dir='ltr'>voluntatem</span> <span class='ocrx_word' id='word_1_460' title='bbox 633 3926 687 3985; x_wconf 89' lang='lat' dir='ltr'>per</span> <span class='ocrx_word' id='word_1_461' title='bbox 712 3904 963 3984; x_wconf 79' lang='lat' dir='ltr'>dispositionem,</span> <span class='ocrx_word' id='word_1_462' title='bbox 992 3903 1043 3970; x_wconf 90' lang='lat' dir='ltr'>seu</span> <span class='ocrx_word' id='word_1_463' title='bbox 1067 3904 1177 3971; x_wconf 83' lang='lat' dir='ltr'>Tella·</span> <span class='ocrx_word' id='word_1_464' title='bbox 1213 3907 1333 3994; x_wconf 75' lang='lat' dir='ltr'>verlunt</span> <span class='ocrx_word' id='word_1_465' title='bbox 1353 3900 1508 3993; x_wconf 84' lang='lat' dir='ltr'>tellatoris</span> <span class='ocrx_word' id='word_1_466' title='bbox 1519 3946 1535 3995; x_wconf 83' lang='lat'>⁰.</span> <span class='ocrx_word' id='word_1_467' title='bbox 1549 3903 1589 3995; x_wconf 80' lang='lat' dir='ltr'>Et</span> <span class='ocrx_word' id='word_1_468' title='bbox 1614 3907 1677 3999; x_wconf 74' lang='lat' dir='ltr'>liaec</span> <span class='ocrx_word' id='word_1_469' title='bbox 1698 3906 1854 3972; x_wconf 88' lang='lat' dir='ltr'>inllirutio</span> <span class='ocrx_word' id='word_1_470' title='bbox 1885 3909 1984 3974; x_wconf 83' lang='lat' dir='ltr'>baere·</span> 
     </span>
     <span class='ocr_line' id='line_1_42' title="bbox 412 3983 1986 4063; baseline -0.004 -15"><span class='ocrx_word' id='word_1_471' title='bbox 412 3989 775 4050; x_wconf 88' lang='lat' dir='ltr'>mentumtantummodo</span> <span class='ocrx_word' id='word_1_472' title='bbox 797 3985 941 4063; x_wconf 86' lang='lat' dir='ltr'>verbale,</span> <span class='ocrx_word' id='word_1_473' title='bbox 962 3983 1013 4049; x_wconf 90' lang='lat' dir='ltr'>seu</span> <span class='ocrx_word' id='word_1_474' title='bbox 1028 4004 1176 4050; x_wconf 86' lang='lat' dir='ltr'>oretenus</span> <span class='ocrx_word' id='word_1_475' title='bbox 1211 3985 1256 4044; x_wconf 90' lang='lat' dir='ltr'>dis</span> <span class='ocrx_word' id='word_1_476' title='bbox 1280 3983 1463 4044; x_wconf 80' lang='lat' dir='ltr'>uniierlalis</span> <span class='ocrx_word' id='word_1_477' title='bbox 1487 3983 1535 4044; x_wconf 92' lang='lat' dir='ltr'>ubi</span> <span class='ocrx_word' id='word_1_478' title='bbox 1554 4002 1638 4061; x_wconf 83' lang='lat' dir='ltr'>viget</span> <span class='ocrx_word' id='word_1_479' title='bbox 1669 4007 1715 4050; x_wconf 80' lang='lat' dir='ltr'>ius</span> <span class='ocrx_word' id='word_1_480' title='bbox 1743 3988 1918 4052; x_wconf 77' lang='lat' dir='ltr'>Romanum</span> <span class='ocrx_word' id='word_1_481' title='bbox 1942 3991 1986 4052; x_wconf 68' lang='lat' dir='ltr'>ita</span> 
     </span>
     <span class='ocr_line' id='line_1_43' title="bbox 412 4060 1983 4146; baseline 0 -16"><span class='ocrx_word' id='word_1_482' title='bbox 412 4063 525 4130; x_wconf 84' lang='lat' dir='ltr'>saslum</span> <span class='ocrx_word' id='word_1_483' title='bbox 545 4060 655 4141; x_wconf 84' lang='lat' dir='ltr'>absque</span> <span class='ocrx_word' id='word_1_484' title='bbox 677 4085 715 4130; x_wconf 90' lang='lat' dir='ltr'>eo</span> <span class='ocrx_word' id='word_1_485' title='bbox 736 4068 814 4142; x_wconf 93' lang='lat' dir='ltr'>quod</span> <span class='ocrx_word' id='word_1_486' title='bbox 831 4082 1016 4131; x_wconf 88' lang='lat' dir='ltr'>exararetur</span> <span class='ocrx_word' id='word_1_487' title='bbox 1033 4068 1066 4128; x_wconf 92' lang='lat' dir='ltr'>in</span> <span class='ocrx_word' id='word_1_488' title='bbox 1086 4069 1178 4130; x_wconf 87' lang='lat' dir='ltr'>tabu·</span> <span class='ocrx_word' id='word_1_489' title='bbox 1212 4064 1382 4144; x_wconf 84' lang='lat' dir='ltr'>netellaria</span> <span class='ocrx_word' id='word_1_490' title='bbox 1402 4062 1445 4124; x_wconf 87' lang='lat' dir='ltr'>ell</span> <span class='ocrx_word' id='word_1_491' title='bbox 1464 4061 1499 4125; x_wconf 93' lang='lat' dir='ltr'>ad</span> <span class='ocrx_word' id='word_1_492' title='bbox 1521 4061 1694 4130; x_wconf 84' lang='lat' dir='ltr'>testamenti</span> <span class='ocrx_word' id='word_1_493' title='bbox 1717 4066 1935 4146; x_wconf 81' lang='lat' dir='ltr'>validitatem,</span> <span class='ocrx_word' id='word_1_494' title='bbox 1949 4082 1983 4131; x_wconf 91' lang='lat' dir='ltr'>ut</span> 
     </span>
     <span class='ocr_line' id='line_1_44' title="bbox 411 4141 1987 4226; baseline 0.001 -18"><span class='ocrx_word' id='word_1_495' title='bbox 411 4146 469 4225; x_wconf 90' lang='lat' dir='ltr'>lis,</span> <span class='ocrx_word' id='word_1_496' title='bbox 488 4165 558 4209; x_wconf 89' lang='lat' dir='ltr'>cum</span> <span class='ocrx_word' id='word_1_497' title='bbox 577 4148 673 4209; x_wconf 89' lang='lat' dir='ltr'>etiam</span> <span class='ocrx_word' id='word_1_498' title='bbox 693 4148 796 4222; x_wconf 87' lang='lat' dir='ltr'>primis</span> <span class='ocrx_word' id='word_1_499' title='bbox 825 4146 975 4212; x_wconf 79' lang='lat' dir='ltr'>Romanae</span> <span class='ocrx_word' id='word_1_500' title='bbox 1005 4145 1178 4223; x_wconf 78' lang='lat' dir='ltr'>reipublicae</span> <span class='ocrx_word' id='word_1_501' title='bbox 1213 4141 1275 4207; x_wconf 85' lang='lat' dir='ltr'>fine</span> <span class='ocrx_word' id='word_1_502' title='bbox 1298 4141 1359 4218; x_wconf 91' lang='lat' dir='ltr'>ipla</span> <span class='ocrx_word' id='word_1_503' title='bbox 1381 4145 1428 4204; x_wconf 91' lang='lat' dir='ltr'>uti</span> <span class='ocrx_word' id='word_1_504' title='bbox 1457 4142 1570 4206; x_wconf 84' lang='lat' dir='ltr'>nullius</span> <span class='ocrx_word' id='word_1_505' title='bbox 1597 4144 1712 4209; x_wconf 91' lang='lat' dir='ltr'>roboris</span> <span class='ocrx_word' id='word_1_506' title='bbox 1742 4146 1822 4211; x_wconf 86' lang='lat' dir='ltr'>liare</span> <span class='ocrx_word' id='word_1_507' title='bbox 1852 4146 1987 4226; x_wconf 79' lang='lat' dir='ltr'>nequeat</span> 
     </span>
     <span class='ocr_line' id='line_1_45' title="bbox 409 4220 1988 4309; baseline -0.001 -20"><span class='ocrx_word' id='word_1_508' title='bbox 409 4222 595 4304; x_wconf 85' lang='lat' dir='ltr'>temporibus</span> <span class='ocrx_word' id='word_1_509' title='bbox 613 4243 674 4289; x_wconf 91' lang='lat' dir='ltr'>non</span> <span class='ocrx_word' id='word_1_510' title='bbox 690 4225 896 4291; x_wconf 90' lang='lat' dir='ltr'>conderentur</span> <span class='ocrx_word' id='word_1_511' title='bbox 919 4222 1178 4291; x_wconf 88' lang='lat' dir='ltr'>Tellamenrani·</span> <span class='ocrx_word' id='word_1_512' title='bbox 1213 4220 1454 4309; x_wconf 74' lang='lat' dir='ltr'>testamentum.</span> <span class='ocrx_word' id='word_1_513' title='bbox 1480 4222 1605 4286; x_wconf 81' lang='lat' dir='ltr'>Dicitur</span> <span class='ocrx_word' id='word_1_514' title='bbox 1627 4228 1753 4289; x_wconf 85' lang='lat' dir='ltr'>tandem</span> <span class='ocrx_word' id='word_1_515' title='bbox 1776 4226 1829 4290; x_wconf 80' lang='lat' dir='ltr'>orl</span> <span class='ocrx_word' id='word_1_516' title='bbox 1850 4222 1988 4307; x_wconf 77' lang='lat' dir='ltr'>legatarii</span> 
     </span>
     <span class='ocr_line' id='line_1_46' title="bbox 409 4299 1989 4384; baseline -0.001 -16"><span class='ocrx_word' id='word_1_517' title='bbox 409 4304 431 4368; x_wconf 90' lang='lat' dir='ltr'>ll</span> <span class='ocrx_word' id='word_1_518' title='bbox 454 4310 529 4370; x_wconf 88' lang='lat' dir='ltr'>viva</span> <span class='ocrx_word' id='word_1_519' title='bbox 554 4323 654 4383; x_wconf 88' lang='lat' dir='ltr'>voce,</span> <span class='ocrx_word' id='word_1_520' title='bbox 674 4306 754 4369; x_wconf 89' lang='lat' dir='ltr'>unde</span> <span class='ocrx_word' id='word_1_521' title='bbox 780 4304 908 4371; x_wconf 87' lang='lat' dir='ltr'>testator</span> <span class='ocrx_word' id='word_1_522' title='bbox 939 4326 1045 4369; x_wconf 83' lang='lat' dir='ltr'>coram</span> <span class='ocrx_word' id='word_1_523' title='bbox 1065 4303 1180 4384; x_wconf 84' lang='lat' dir='ltr'>septem</span> <span class='ocrx_word' id='word_1_524' title='bbox 1213 4299 1422 4380; x_wconf 69' lang='lat' dir='ltr'>universalis,</span> <span class='ocrx_word' id='word_1_525' title='bbox 1444 4318 1479 4363; x_wconf 91' lang='lat' dir='ltr'>ut</span> <span class='ocrx_word' id='word_1_526' title='bbox 1497 4305 1714 4368; x_wconf 88' lang='lat' dir='ltr'>accomodetur</span> <span class='ocrx_word' id='word_1_527' title='bbox 1738 4306 1880 4370; x_wconf 87' lang='lat' dir='ltr'>delinitio</span> <span class='ocrx_word' id='word_1_528' title='bbox 1894 4312 1989 4370; x_wconf 82' lang='lat' dir='ltr'>ctiam</span> 
     </span>
     <span class='ocr_line' id='line_1_47' title="bbox 409 4381 1991 4468; baseline -0.002 -18"><span class='ocrx_word' id='word_1_529' title='bbox 409 4384 536 4450; x_wconf 79' lang='lat' dir='ltr'>testibus</span> <span class='ocrx_word' id='word_1_530' title='bbox 558 4384 641 4449; x_wconf 84' lang='lat' dir='ltr'>suam</span> <span class='ocrx_word' id='word_1_531' title='bbox 657 4383 811 4459; x_wconf 86' lang='lat' dir='ltr'>aperiebat</span> <span class='ocrx_word' id='word_1_532' title='bbox 827 4385 1048 4468; x_wconf 88' lang='lat' dir='ltr'>voluntatem,</span> <span class='ocrx_word' id='word_1_533' title='bbox 1066 4384 1100 4452; x_wconf 84' lang='lat' dir='ltr'>dt</span> <span class='ocrx_word' id='word_1_534' title='bbox 1113 4386 1179 4450; x_wconf 78' lang='lat' dir='ltr'>bare</span> <span class='ocrx_word' id='word_1_535' title='bbox 1212 4381 1427 4447; x_wconf 85' lang='lat' dir='ltr'>consuetudini</span> <span class='ocrx_word' id='word_1_536' title='bbox 1447 4381 1545 4459; x_wconf 80' lang='lat' dir='ltr'>Regni</span> <span class='ocrx_word' id='word_1_537' title='bbox 1567 4382 1743 4448; x_wconf 86' lang='lat' dir='ltr'>Galliarum</span> <span class='ocrx_word' id='word_1_538' title='bbox 1755 4433 1764 4464; x_wconf 95' lang='lat'>,</span> <span class='ocrx_word' id='word_1_539' title='bbox 1785 4385 1835 4448; x_wconf 91' lang='lat' dir='ltr'>ubi</span> <span class='ocrx_word' id='word_1_540' title='bbox 1869 4387 1991 4449; x_wconf 87' lang='lat' dir='ltr'>inllitu·</span> 
     </span>
     <span class='ocr_line' id='line_1_48' title="bbox 409 4463 1988 4546; baseline 0 -18"><span class='ocrx_word' id='word_1_541' title='bbox 409 4463 604 4528; x_wconf 82' lang='lat' dir='ltr'>vocabantur</span> <span class='ocrx_word' id='word_1_542' title='bbox 633 4464 814 4529; x_wconf 80' lang='lat' dir='ltr'>testamenta</span> <span class='ocrx_word' id='word_1_543' title='bbox 839 4471 1080 4546; x_wconf 85' lang='lat' dir='ltr'>nuncupativa,</span> <span class='ocrx_word' id='word_1_544' title='bbox 1107 4486 1179 4544; x_wconf 89' lang='lat' dir='ltr'>quia</span> <span class='ocrx_word' id='word_1_545' title='bbox 1215 4467 1263 4526; x_wconf 95' lang='lat' dir='ltr'>tio</span> <span class='ocrx_word' id='word_1_546' title='bbox 1284 4463 1413 4525; x_wconf 84' lang='lat' dir='ltr'>baeredis</span> <span class='ocrx_word' id='word_1_547' title='bbox 1445 4481 1508 4523; x_wconf 91' lang='lat' dir='ltr'>iion</span> <span class='ocrx_word' id='word_1_548' title='bbox 1539 4470 1727 4545; x_wconf 89' lang='lat' dir='ltr'>requiritur,</span> <span class='ocrx_word' id='word_1_549' title='bbox 1748 4470 1811 4528; x_wconf 90' lang='lat' dir='ltr'>imo</span> <span class='ocrx_word' id='word_1_550' title='bbox 1831 4463 1853 4527; x_wconf 90' lang='lat' dir='ltr'>si</span> <span class='ocrx_word' id='word_1_551' title='bbox 1873 4465 1988 4540; x_wconf 83' lang='lat' dir='ltr'>fieret,</span> 
     </span>
     <span class='ocr_line' id='line_1_49' title="bbox 407 4542 2031 4624; baseline 0.002 -18"><span class='ocrx_word' id='word_1_552' title='bbox 407 4547 441 4607; x_wconf 90' lang='lat' dir='ltr'>iri</span> <span class='ocrx_word' id='word_1_553' title='bbox 463 4543 541 4606; x_wconf 88' lang='lat' dir='ltr'>hilee</span> <span class='ocrx_word' id='word_1_554' title='bbox 578 4546 654 4606; x_wconf 88' lang='lat' dir='ltr'>viva</span> <span class='ocrx_word' id='word_1_555' title='bbox 684 4564 760 4607; x_wconf 89' lang='lat' dir='ltr'>voce</span> <span class='ocrx_word' id='word_1_556' title='bbox 790 4545 1025 4621; x_wconf 86' lang='lat' dir='ltr'>nuncupabatur</span> <span class='ocrx_word' id='word_1_557' title='bbox 1054 4546 1180 4624; x_wconf 86' lang='lat' dir='ltr'>haetes,</span> <span class='ocrx_word' id='word_1_558' title='bbox 1213 4544 1330 4605; x_wconf 89' lang='lat' dir='ltr'>dicitur</span> <span class='ocrx_word' id='word_1_559' title='bbox 1360 4542 1580 4605; x_wconf 83' lang='lat' dir='ltr'>testamentum</span> <span class='ocrx_word' id='word_1_560' title='bbox 1610 4564 1627 4608; x_wconf 88' lang='lat' dir='ltr'>a</span> <span class='ocrx_word' id='word_1_561' title='bbox 1657 4547 1807 4609; x_wconf 81' lang='lat' dir='ltr'>iudicibus</span> <span class='ocrx_word' id='word_1_562' title='bbox 1833 4545 1992 4610; x_wconf 84' lang='lat' dir='ltr'>declarato·</span> <span class='ocrx_word' id='word_1_563' title='bbox 2029 4566 2031 4570; x_wconf 72' lang='grc'>’</span> 
     </span>
     <span class='ocr_line' id='line_1_50' title="bbox 407 4618 1991 4708; baseline 0.006 -26"><span class='ocrx_word' id='word_1_564' title='bbox 407 4621 481 4687; x_wconf 85' lang='lat' dir='ltr'>idell</span> <span class='ocrx_word' id='word_1_565' title='bbox 501 4618 573 4685; x_wconf 86' lang='lat' dir='ltr'>solis</span> <span class='ocrx_word' id='word_1_566' title='bbox 605 4621 705 4686; x_wconf 88' lang='lat' dir='ltr'>verbis</span> <span class='ocrx_word' id='word_1_567' title='bbox 735 4626 801 4688; x_wconf 86' lang='lat' dir='ltr'>eius</span> <span class='ocrx_word' id='word_1_568' title='bbox 828 4623 983 4690; x_wconf 87' lang='lat' dir='ltr'>iiillitutio</span> <span class='ocrx_word' id='word_1_569' title='bbox 1007 4625 1180 4704; x_wconf 87' lang='lat' dir='ltr'>exponeba-</span> <span class='ocrx_word' id='word_1_570' title='bbox 1214 4623 1285 4686; x_wconf 89' lang='lat' dir='ltr'>dum</span> <span class='ocrx_word' id='word_1_571' title='bbox 1304 4621 1366 4684; x_wconf 90' lang='lat' dir='ltr'>elle</span> <span class='ocrx_word' id='word_1_572' title='bbox 1388 4625 1533 4708; x_wconf 83' lang='lat' dir='ltr'>irritum,</span> <span class='ocrx_word' id='word_1_573' title='bbox 1555 4644 1628 4686; x_wconf 87' lang='lat' dir='ltr'>narn</span> <span class='ocrx_word' id='word_1_574' title='bbox 1643 4623 1683 4688; x_wconf 89' lang='lat' dir='ltr'>ibi</span> <span class='ocrx_word' id='word_1_575' title='bbox 1707 4626 1776 4689; x_wconf 90' lang='lat' dir='ltr'>Lert</span> <span class='ocrx_word' id='word_1_576' title='bbox 1793 4623 1991 4691; x_wconf 85' lang='lat' dir='ltr'>consuetudi·</span> 
     </span>
     <span class='ocr_line' id='line_1_51' title="bbox 338 4700 1992 4778; baseline 0 -10"><span class='ocrx_word' id='word_1_577' title='bbox 338 4737 346 4752; x_wconf 92' lang='lat'><strong>·</strong></span> <span class='ocrx_word' id='word_1_578' title='bbox 408 4719 479 4768; x_wconf 85' lang='lat' dir='ltr'>tor.</span> <span class='ocrx_word' id='word_1_579' title='bbox 500 4700 559 4764; x_wconf 86' lang='lat' dir='ltr'>Sed</span> <span class='ocrx_word' id='word_1_580' title='bbox 575 4704 646 4778; x_wconf 83' lang='lat' dir='ltr'>qtiia</span> <span class='ocrx_word' id='word_1_581' title='bbox 667 4704 740 4768; x_wconf 89' lang='lat' dir='ltr'>talii</span> <span class='ocrx_word' id='word_1_582' title='bbox 756 4704 986 4768; x_wconf 89' lang='lat' dir='ltr'>commendatio</span> <span class='ocrx_word' id='word_1_583' title='bbox 1005 4707 1179 4770; x_wconf 78' lang='lat' dir='ltr'>voluntatis</span> <span class='ocrx_word' id='word_1_584' title='bbox 1215 4705 1300 4764; x_wconf 86' lang='lat' dir='ltr'>naria</span> <span class='ocrx_word' id='word_1_585' title='bbox 1320 4705 1475 4778; x_wconf 84' lang='lat' dir='ltr'>permittit</span> <span class='ocrx_word' id='word_1_586' title='bbox 1492 4703 1680 4768; x_wconf 89' lang='lat' dir='ltr'>lolummodo</span> <span class='ocrx_word' id='word_1_587' title='bbox 1696 4703 1932 4771; x_wconf 85' lang='lat' dir='ltr'>institutionem</span> <span class='ocrx_word' id='word_1_588' title='bbox 1948 4705 1992 4770; x_wconf 87' lang='lat' dir='ltr'>le·</span> 
     </span>
     <span class='ocr_line' id='line_1_52' title="bbox 407 4779 1993 4863; baseline 0.001 -15"><span class='ocrx_word' id='word_1_589' title='bbox 407 4783 570 4848; x_wconf 85' lang='lat' dir='ltr'>morientis</span> <span class='ocrx_word' id='word_1_590' title='bbox 588 4788 747 4847; x_wconf 84' lang='lat' dir='ltr'>memoriae</span> <span class='ocrx_word' id='word_1_591' title='bbox 766 4784 857 4860; x_wconf 87' lang='lat' dir='ltr'>plena</span> <span class='ocrx_word' id='word_1_592' title='bbox 875 4786 1114 4862; x_wconf 86' lang='lat' dir='ltr'>erarpericulir,</span> <span class='ocrx_word' id='word_1_593' title='bbox 1131 4802 1181 4848; x_wconf 90' lang='lat' dir='ltr'>ut·</span> <span class='ocrx_word' id='word_1_594' title='bbox 1214 4785 1325 4863; x_wconf 72' lang='lat' dir='ltr'>gararii</span> <span class='ocrx_word' id='word_1_595' title='bbox 1347 4779 1551 4860; x_wconf 83' lang='lat' dir='ltr'>universalis,</span> <span class='ocrx_word' id='word_1_596' title='bbox 1570 4789 1619 4860; x_wconf 88' lang='lat' dir='ltr'>qni</span> <span class='ocrx_word' id='word_1_597' title='bbox 1641 4782 1699 4848; x_wconf 89' lang='lat' dir='ltr'>hoc</span> <span class='ocrx_word' id='word_1_598' title='bbox 1719 4789 1816 4849; x_wconf 88' lang='lat' dir='ltr'>eriam</span> <span class='ocrx_word' id='word_1_599' title='bbox 1833 4786 1993 4862; x_wconf 80' lang='lat' dir='ltr'>titulopt·</span> 
     </span>
     <span class='ocr_line' id='line_1_53' title="bbox 397 4859 1992 4947; baseline 0.001 -21"><span class='ocrx_word' id='word_1_600' title='bbox 397 4880 482 4940; x_wconf 50' lang='lat' dir='ltr'>‘pore</span> <span class='ocrx_word' id='word_1_601' title='bbox 498 4881 568 4939; x_wconf 83' lang='lat' dir='ltr'>quae</span> <span class='ocrx_word' id='word_1_602' title='bbox 584 4859 920 4931; x_wconf 87' lang='lat' dir='ltr'>subiiciebatoblivioni</span> <span class='ocrx_word' id='word_1_603' title='bbox 933 4912 943 4942; x_wconf 95' lang='lat'>,</span> <span class='ocrx_word' id='word_1_604' title='bbox 958 4867 1090 4930; x_wconf 82' lang='lat' dir='ltr'>malitiae</span> <span class='ocrx_word' id='word_1_605' title='bbox 1106 4865 1179 4942; x_wconf 81' lang='lat' dir='ltr'>,vel</span> <span class='ocrx_word' id='word_1_606' title='bbox 1215 4880 1281 4928; x_wconf 86' lang='lat' dir='ltr'>rere</span> <span class='ocrx_word' id='word_1_607' title='bbox 1301 4862 1389 4926; x_wconf 85' lang='lat' dir='ltr'>debet</span> <span class='ocrx_word' id='word_1_608' title='bbox 1411 4884 1428 4926; x_wconf 88' lang='lat' dir='ltr'>a</span> <span class='ocrx_word' id='word_1_609' title='bbox 1447 4859 1672 4947; x_wconf 80' lang='lat' dir='ltr'>consanguineo</span> <span class='ocrx_word' id='word_1_610' title='bbox 1694 4865 1788 4944; x_wconf 77' lang='lat' dir='ltr'>legati</span> <span class='ocrx_word' id='word_1_611' title='bbox 1812 4862 1992 4929; x_wconf 86' lang='lat' dir='ltr'>universalis</span> 
     </span>
     <span class='ocr_line' id='line_1_54' title="bbox 409 4940 1990 5023; baseline -0.001 -17"><span class='ocrx_word' id='word_1_612' title='bbox 409 4945 521 5018; x_wconf 90' lang='lat' dir='ltr'>morti,</span> <span class='ocrx_word' id='word_1_613' title='bbox 542 4942 613 5004; x_wconf 85' lang='lat' dir='ltr'>hinc</span> <span class='ocrx_word' id='word_1_614' title='bbox 636 4940 740 5008; x_wconf 87' lang='lat' dir='ltr'>llarim</span> <span class='ocrx_word' id='word_1_615' title='bbox 769 4940 921 5008; x_wconf 88' lang='lat' dir='ltr'>llatiirum</span> <span class='ocrx_word' id='word_1_616' title='bbox 945 4942 1004 5008; x_wconf 86' lang='lat' dir='ltr'>suit</span> <span class='ocrx_word' id='word_1_617' title='bbox 1034 4949 1105 5023; x_wconf 81' lang='lat' dir='ltr'>Leg.</span> <span class='ocrx_word' id='word_1_618' title='bbox 1129 4962 1179 5011; x_wconf 78' lang='lat' dir='ltr'>ar.</span> <span class='ocrx_word' id='word_1_619' title='bbox 1215 4943 1438 5019; x_wconf 86' lang='lat' dir='ltr'>traditionem,</span> <span class='ocrx_word' id='word_1_620' title='bbox 1458 4961 1522 5004; x_wconf 90' lang='lat' dir='ltr'>non</span> <span class='ocrx_word' id='word_1_621' title='bbox 1538 4944 1623 5007; x_wconf 86' lang='lat' dir='ltr'>letus</span> <span class='ocrx_word' id='word_1_622' title='bbox 1638 4964 1674 5008; x_wconf 87' lang='lat' dir='ltr'>ac</span> <span class='ocrx_word' id='word_1_623' title='bbox 1691 4963 1796 5020; x_wconf 88' lang='lat' dir='ltr'>petere</span> <span class='ocrx_word' id='word_1_624' title='bbox 1811 4945 1925 5009; x_wconf 84' lang='lat' dir='ltr'>deberit</span> <span class='ocrx_word' id='word_1_625' title='bbox 1950 4944 1990 5004; x_wconf 89' lang='lat' dir='ltr'>le·</span> 
     </span>
     <span class='ocr_line' id='line_1_55' title="bbox 409 5020 1991 5108; baseline 0 -23"><span class='ocrx_word' id='word_1_626' title='bbox 409 5022 466 5085; x_wconf 79' lang='lat' dir='ltr'>rod</span> <span class='ocrx_word' id='word_1_627' title='bbox 489 5023 526 5085; x_wconf 86' lang='lat' dir='ltr'>de</span> <span class='ocrx_word' id='word_1_628' title='bbox 550 5022 661 5102; x_wconf 74' lang='lat' dir='ltr'>ipsam.</span> <span class='ocrx_word' id='word_1_629' title='bbox 693 5041 731 5087; x_wconf 85' lang='lat' dir='ltr'>tit</span> <span class='ocrx_word' id='word_1_630' title='bbox 756 5020 866 5105; x_wconf 79' lang='lat' dir='ltr'>saltem</span> <span class='ocrx_word' id='word_1_631' title='bbox 889 5024 1032 5099; x_wconf 89' lang='lat' dir='ltr'>quidum</span> <span class='ocrx_word' id='word_1_632' title='bbox 1057 5041 1180 5091; x_wconf 74' lang='lat' dir='ltr'>viveret</span> <span class='ocrx_word' id='word_1_633' title='bbox 1214 5025 1325 5103; x_wconf 69' lang='lat' dir='ltr'>gararii</span> <span class='ocrx_word' id='word_1_634' title='bbox 1359 5023 1584 5096; x_wconf 83' lang='lat' dir='ltr'>particulares.</span> <span class='ocrx_word' id='word_1_635' title='bbox 1618 5022 1686 5108; x_wconf 90' lang='lat' dir='ltr'>lmo</span> <span class='ocrx_word' id='word_1_636' title='bbox 1713 5025 1884 5090; x_wconf 84' lang='lat' dir='ltr'>notandum</span> <span class='ocrx_word' id='word_1_637' title='bbox 1913 5020 1991 5099; x_wconf 92' lang='lat' dir='ltr'>quod</span> 
     </span>
     <span class='ocr_line' id='line_1_56' title="bbox 411 5097 1989 5246; baseline -0.002 -79"><span class='ocrx_word' id='word_1_638' title='bbox 411 5098 560 5168; x_wconf 81' lang='lat' dir='ltr'>secretum</span> <span class='ocrx_word' id='word_1_639' title='bbox 585 5102 672 5169; x_wconf 85' lang='lat' dir='ltr'>suum</span> <span class='ocrx_word' id='word_1_640' title='bbox 691 5105 758 5177; x_wconf 82' lang='lat' dir='ltr'>aliis</span> <span class='ocrx_word' id='word_1_641' title='bbox 786 5099 981 5171; x_wconf 84' lang='lat' dir='ltr'>manisellare</span> <span class='ocrx_word' id='word_1_642' title='bbox 1010 5104 1124 5188; x_wconf 86' lang='lat' dir='ltr'>nolet,</span> <span class='ocrx_word' id='word_1_643' title='bbox 1144 5106 1184 5171; x_wconf 89' lang='lat' dir='ltr'>il·</span> <span class='ocrx_word' id='word_1_644' title='bbox 1218 5105 1291 5172; x_wconf 84' lang='lat' dir='ltr'>lieet</span> <span class='ocrx_word' id='word_1_645' title='bbox 1313 5102 1476 5184; x_wconf 67' lang='lat' dir='ltr'>legatarius</span> <span class='ocrx_word' id='word_1_646' title='bbox 1501 5102 1737 5170; x_wconf 68' lang='lat' dir='ltr'>universalem</span> <span class='ocrx_word' id='word_1_647' title='bbox 1755 5097 1863 5174; x_wconf 82' lang='lat' dir='ltr'>Gallia</span> <span class='ocrx_word' id='word_1_648' title='bbox 1885 5113 1989 5246; x_wconf 60' lang='lat' dir='ltr'>telneat</span> 
     </span>
    </p>
   </div>
   <div class='ocr_carea' id='block_1_3' title="bbox 0 0 2249 6000">
    <p class='ocr_par' dir='ltr' id='par_1_3' title="bbox 0 0 2249 6000">
     <span class='ocr_line' id='line_1_57' title="bbox 0 0 2249 6000; baseline 0 0"><span class='ocrx_word' id='word_1_649' title='bbox 0 0 2249 6000; x_wconf 95' lang='lat' dir='ltr'> </span> 
     </span>
    </p>
   </div>
  </div>
 </body>
</html>
