4425 6000
584 499 792 574 Tanta.
820 517 886 570 uta
915 499 1077 572 -cour
1098 515 1257 573 unet.
1290 495 1409 572 Car.
1440 489 1474 569 '10
1704 519 1775 592 153

252 619 320 670 non
340 599 513 666 incutiatur
533 618 549 662 a
566 597 793 674 contrahente,
808 595 857 659 led
872 597 1023 662 incutere·
1054 601 1124 682 strae
1142 592 1286 662 Civitatis
1306 594 1391 674 iura3
1410 594 1444 661 dt
1460 593 1650 674 generalius,
1666 591 1815 660 meliusve

253 701 311 748 tur
331 679 369 746 ab
381 681 447 745 alia
463 682 559 745 tertia
579 675 707 756 persona
721 725 730 755 ,
746 675 780 742 dt
802 676 831 740 id
853 678 918 742 iure
935 695 1025 742 natu·
1061 697 1132 741 rneo
1153 677 1247 742 videri
1268 673 1414 741 delinitur
1430 676 1467 740 ab
1483 675 1574 738 aliis:
1591 673 1725 754 obligatio
1745 695 1831 738 nem·

252 781 301 828 τε
321 805 332 824 .
363 761 447 824 Nam
468 756 629 826 consensus
650 777 702 834 per
718 759 860 820 iniuriam
883 775 1025 822 extortus
1063 779 1098 836 pe
1115 757 1273 820 vinculum
1291 775 1347 833 quo
1362 755 1570 836 adssringimur
1578 755 1621 818 ad
1632 753 1748 834 aliquid
1755 755 1830 818 dan·

255 861 320 906 nun
336 837 488 905 transfert
502 839 672 904 dominium
687 835 798 914 solide,
816 833 852 902 dc
873 839 1025 904 irrevoca·
1061 833 1365 918 cumscientiam,
1393 849 1446 900 aar
1467 835 1672 916 merdam,
1701 838 1755 902 vri
1776 855 1831 900 nort

253 921 381 998 h'liter,
401 916 452 984 sed
467 940 506 985 eo
525 919 616 982 modo
630 934 667 984 ut
687 932 811 984 maneat
828 921 876 982 ius
897 921 930 980 in
951 937 1027 995 rem,
1061 917 1215 992 dandum
1231 927 1288 980 aui
1308 938 1362 982 non
1376 913 1569 997 faciendum.

251 1001 289 1068 ἃ
306 1019 371 1064 non
387 996 484 1064 solum
499 1002 532 1062 in
549 994 723 1078 personam,
741 1017 811 1075 quae
827 999 971 1064 iniuriam
980 1001 1027 1060 in·
1102 997 1189 1060 Nota
1210 1016 1238 1056 a.
1256 995 1475 1075 obligationem
1491 997 1643 1074 duplicem
1657 995 1973 1072 eliqunamourunra

252 1081 360 1154 politi·
373 1079 498 1144 Etenim
516 1097 639 1156 acquum
665 1099 728 1144 oon
749 1076 794 1144 est
813 1078 944 1158 aliquem
976 1097 1028 1156 per
1062 1097 1131 1164 quar¹
1159 1072 1304 1167 fundatur
1325 1079 1356 1138 in
1384 1079 1606 1142 convenientia
1660 1075 1946 1142 &diciturtwu-

252 1159 387 1226 alteriue
407 1161 548 1224 iniuriam
563 1161 611 1223 iue
638 1179 730 1224 otone
745 1159 777 1222 in
806 1177 870 1222 rem
889 1159 973 1222 luam
994 1179 1027 1222 a·
1062 1156 1256 1231 antimus,
1271 1175 1338 1232 quaa
1358 1155 1493 1222 debitum
1513 1127 1680 1250 rigorosum
1696 1175 1759 1226 non
1779 1157 1829 1218 in·
1852 1149 1972 1266 pssum

255 1241 404 1304 mittere.
421 1234 546 1315 lnsuper
565 1239 685 1302 ratione
704 1238 829 1302 iniuriae
844 1259 893 1303 res
914 1243 947 1302 in
968 1241 1028 1316 pri·
1063 1237 1166 1316 ducit,
1183 1234 1384 1302 cuiuscemodi
1408 1235 1451 1300 cll
1472 1237 1640 1317 obligatio,
1665 1257 1728 1314 qua
1745 1253 1833 1300 tene·

253 1317 372 1386 flinum
399 1316 514 1383 ilatum
534 1315 577 1381 est
605 1315 818 1386 restituenda.
842 1315 936 1384 Unde
963 1319 1029 1382 ubi·
1064 1339 1131 1381 mur
1142 1334 1243 1396 gratos
1253 1317 1314 1379 ell'e
1331 1320 1361 1378 in
1370 1313 1755 1394 benesadorem‚alteram
1759 1313 1838 1400 farr-

251 1417 387 1476 cumque
407 1393 502 1463 suerit
515 1446 524 1476 ,
538 1395 584 1462 est
604 1396 739 1462 obnoxia
760 1395 965 1466 rellitutioni.
988 1400 1030 1464 A·
1062 1399 1166 1462 haam
1186 1399 1218 1460 in
1245 1397 1429 1477 mceffiiate,
1457 1397 1491 1462 ἃ
1520 1395 1612 1461 insert
1641 1395 1777 1476 debiturn
1792 1413 1834 1460 ex

252 1477 332 1546 liter
351 1481 435 1542 enim
455 1498 501 1542 rer
521 1474 552 1542 se
579 1475 669 1541 habet
683 1479 722 1541 de
744 1497 869 1556 errore,
891 1477 941 1542 vel
960 1479 1031 1542 dolo
1065 1497 1237 1556 praecepto‚
1253 1479 1303 1540 vel
1326 1477 1504 1555 charitatis,
1523 1475 1576 1552 vel
1598 1478 1651 1540 reli
1674 1475 1833 1554 ionir,vel

254 1559 340 1626 circa
361 1557 546 1634 qualitatem
575 1555 798 1622 accidentalem
828 1561 1031 1636 proveniente
1065 1559 1208 1637 iulliriae‚
1227 1557 1262 1624 δι
1282 1557 1347 1622 haec
1379 1555 1528 1636 postrema
1548 1553 1593 1622 est
1618 1575 1637 1621 e
1662 1553 1743 1621 estur
1761 1573 1838 1620 cou-

257 1659 278 1702 a
296 1639 413 1714 tertio,
433 1641 582 1712 quianon
602 1639 727 1715 impedit
744 1639 1031 1715 voluntariumper·
1066 1638 1197 1702 trastus.

261 1713 376 1781 sellum
391 1719 475 1781 circa
495 1713 722 1781 substantialia:
744 1734 777 1781 at
798 1737 934 1783 mettica
957 1739 1031 1795 quo·
1108 1719 1195 1782 Nota
1213 1733 1239 1798 3.
1258 1715 1477 1796 obligationem
1495 1737 1535 1781 ex
1557 1713 1836 1792 iullitiatriplicem
1867 1717 1975 1768 rnatu

258 1797 310 1860 vir
326 1797 459 1863 incuslus
476 1794 513 1860 ad
529 1794 1032 1873 extorquendumconlensumred·
1066 1797 1146 1862 elle.
1166 1801 1266 1860 Prima
1288 1817 1361 1874 pure
1377 1797 1526 1862 naturalis
1548 1815 1697 1876 exurgens
1711 1813 1751 1860 etc
1771 1791 1866 1860 solo·
1887 1786 1978 1894 ¹¹²?

258 1873 306 1940 dit
325 1873 414 1940 illum
433 1877 529 1939 minus
546 1875 775 1954 voluntarium,
795 1875 868 1942 idest
885 1877 1031 1942 involun·
1067 1881 1133 1942 iure
1149 1878 1302 1955 naturali,
1330 1875 1364 1942 dc
1390 1875 1455 1942 haec
1484 1873 1599 1952 semper
1620 1873 1738 1939 inducit
1758 1860 1882 1962 obli-fi,
1905 1861 1931 1896 ¹¹⁸
1956 1863 1973 1893 ¹⁸

258 1955 379 2017 tarium
407 1953 568 2020 secundum
594 1957 665 2033 quid
686 1957 787 2044 quoad
810 1955 1029 2020 substantiam.
1067 1959 1221 2035 gationem
1236 1961 1267 2019 in
1286 1957 1473 2022 conscientia
1487 2003 1495 2031 ‚
1511 1955 1584 2020 licet
1600 1953 1748 2020 astionem
1773 1973 1836 2018 non
1888 1947 1897 1970 “

261 2029 395 2098 Constat
424 2051 531 2100 tamen
555 2038 586 2098 in
611 2037 669 2098 tali
690 2037 763 2100 calu
793 2034 919 2100 rescindi
952 2037 1032 2114 polle
1068 2041 1169 2112 pariat
1186 2040 1216 2098 in
1237 2034 1305 2101 soro
1321 2054 1467 2101 externo.
1489 2034 1627 2102 Secunda
1655 2053 1738 2098 mere
1759 2035 1838 2098 civi·

260 2109 474 2191 contrabium,
488 2113 523 2178 dc
544 2116 667 2181 irritum
687 2116 770 2181 reddi
800 2118 907 2181 iudicis
935 2113 1030 2180 austu
1068 2117 1104 2178 lit
1118 2165 1126 2192 ,
1140 2137 1207 2192 quae
1227 2115 1419 2196 obaliquam
1439 2112 1704 2192 presumptionem
1733 2109 1839 2178 salsam

262 2191 382 2272 ritate,
402 2190 437 2261 ἀ
456 2193 521 2258 dari
542 2193 690 2284 qllionem
710 2217 774 2262 non
793 2195 888 2262 sulum
907 2199 939 2258 in
961 2215 1031 2276 per·
1067 2195 1120 2260 dat
1138 2193 1285 2260 astionem
1305 2197 1338 2258 in
1359 2192 1425 2260 soro
1444 2215 1596 2272 externo,
1616 2195 1689 2260 licet
1709 2191 1838 2272 obliga·

318 2290 385 2350 am,
404 2293 474 2348 que
498 2291 617 2338 nictum
637 2274 776 2353 intulit,
800 2275 847 2340 sed
881 2277 980 2342 etiam
999 2277 1031 2338 in
1068 2277 1185 2340 tionem
1214 2295 1277 2340 non
1305 2277 1401 2353 pariat
1425 2277 1457 2338 in
1484 2273 1694 2342 conscientia.
1725 2271 1837 2338 Tertia

260 2369 327 2416 rear
343 2351 381 2416 ad
400 2373 618 2432 quotocumque
637 2358 837 2434 pervenerit,
857 2359 931 2436 leg.
952 2375 983 2436 9·
1003 2359 1030 2422 ⁵.
1067 2357 1167 2418 mixta
1187 2353 1327 2430 dicitur,
1356 2355 1502 2419 videlicet
1521 2375 1590 2430 quae
1614 2354 1766 2418 naturalia
1793 2351 1837 2416 ell

259 2431 301 2496 dc
314 2451 347 2496 co
356 2433 465 2517 „qvod
480 2449 580 2498 tanus
602 2431 720 2516 crvffa.
1066 2433 1101 2500 dt
1118 2433 1206 2499 fimul
1222 2435 1342 2513 civilis,
1362 2433 1396 2500 dc
1413 2435 1478 2500 hoec
1493 2434 1610 2514 obligat
1632 2452 1697 2500 tum
1712 2435 1750 2496 -in
1767 2429 1838 2496 soro

177 2541 246 2588 ιη..
299 2509 409 2590 Quare
426 2513 602 2580 notandum
622 2515 713 2581 rellat
737 2537 809 2581 cum
833 2515 954 2580 Molina
973 2513 1033 2580 dis·
1068 2519 1214 2593 interno,
1234 2513 1306 2578 idest
1329 2519 1361 2578 in
1381 2511 1587 2592 conscientia,
1606 2517 1747 2592 quamin
1767 2509 1837 2580 soto

177 2597 207 2646 ti·
263 2605 417 2672 put-,app
431 2594 512 2670 quod
531 2595 561 2656 ei
577 2597 630 2672 qui
650 2616 704 2672 per
719 2593 822 2660 dolum
841 2617 896 2664 aut
916 2613 1033 2660 metum
1068 2608 1219 2672 externo,
1239 2597 1347 2671 inquo
1366 2592 1419 2658 dat
1440 2591 1609 2658 aaronem.

215 2675 244 2712 ⁰·
258 2673 569 2750 contraxit‚triplerr
583 2693 739 2752 competat
757 2674 834 2740 aslio
848 2679 881 2740 in
901 2673 1032 2740 foroerr·
1107 2675 1197 2738 Nota
1234 2697 1262 2754 q.
1298 2673 1514 2752 obligationem
1548 2677 1668 2740 ratione
1695 2673 1979 2754 principiiobliqrno

177 2737 243 2838 22⁸⁸
263 2751 389 2814 teriori.
410 2753 511 2818 Prima
529 2753 644 2820 dicitur
668 2755 859 2822 redhibitoria
878 2806 887 2836 ,
913 2753 970 2819 boc
991 2753 1033 2818 cll
1068 2753 1297 2832 quadruplicem
1313 2752 1450 2832 affignari
1468 2755 1499 2816 in
1517 2751 1614 2816 lnllit.
1631 2751 1835 2830 supracir.·vei
1853 2760 1953 2797 ‘⁰³¹¹'-

177 2827 302 2908 122.,ad
319 2829 628 2905 rehabendunrlirum
648 2838 781 2908 pretium
802 2835 836 2902 dc
866 2857 928 2901 rem
950 2831 1034 2900 suam
1069 2853 1106 2898 err
1123 2831 1292 2910 contrariu,
1309 2839 1363 2896 a'ut
1384 2833 1641 2912 qvaefficonircllv,
1661 2833 1836 2898 vel-earm·
1856 2825 1927 2924 ,ᾖ
1941 2823 1976 2858 ‘¹'

177 2931 188 2956 ·
262 2905 613 2981 ulteritestituendam.
634 2914 667 2976 H
727 2919 794 2979 iure
802 2917 958 2980 communi
968 2935 1034 2990 per·
1068 2912 1179 2991 deficio,
1196 2913 1246 2976 vel
1263 2913 1347 2992 qaafi
1363 2910 1522 2992 maleficio.
1541 2911 1622 2976 obli·
1639 2915 1706 2978 atio
1719 2931 1837 2978 excon-
1854 2935 1973 3002 principii

261 2985 356 3055 durat
371 2989 409 3055 ad
433 2989 487 3057 sex
512 2993 628 3059 menses
648 3016 666 3059 a
707 2998 736 3061 ie
754 3044 764 3073 ‚
791 3017 851 3074 quo
865 2993 1035 3085 celebratus
1067 2995 1164 3059 rraliu
1179 2989 1222 3056 ell
1238 3012 1295 3071 ea,
1314 3007 1384 3069 quar
1403 2992 1505 3057 oritur
1521 3014 1542 3075 a
1558 2931 1694 3069 amittet
1712 3008 1838 3059 contra·
1854 3002 1963 3067 quarru-

261 3064 307 3133 est
321 3068 502 3160 contradus
520 3120 530 3136 .
557 3072 695 3139 Secunda
714 3074 830 3142 dicitur
857 3087 965 3157 quaro
980 3093 1035 3139 mr·
1069 3073 1140 3152 liu,
1159 3070 1193 3137 dc
1208 3088 1342 3147 quatuor
1359 3072 1455 3137 modis
1473 3092 1511 3137 ea
1534 3076 1678 3151 exurgit,
1700 3092 1751 3149 re,
1767 3092 1838 3137 ver·
1856 3066 1931 3131 prex.

259 3166 361 3233 panc.
380 3148 417 3217 dt
434 3152 527 3218 datur
542 3154 592 3217 'ad
623 3154 824 3232 repetendum
852 3178 871 3223 a
894 3154 1035 3221 debitore
1070 3156 1135 3230 bis,
1152 3152 1270 3232 literis,
1291 3150 1456 3229 consensu,
1476 3152 1604 3233 quibus,
1624 3169 1659 3219 ut
1681 3170 1842 3217 antenno-

258 3230 416 3295 excellum
435 3236 530 3309 pretii
548 3234 632 3298 illius
650 3254 712 3329 quo
731 3256 795 3299 rem
826 3236 913 3301 illam
933 3232 1034 3299 suisset
1070 3236 1230 3327 ravimus,
1250 3230 1411 3327 perficitur·
1426 3236 1525 3296 omnir
1554 3230 1743 3299 contradlru.
1766 3228 1840 3327 lull.

258 3308 730 3472 {tumui’rlnif‘lllfl
747 3314 1035 3461 iulll'llllti
1070 3310 1841 3471 libanii:lllli‘l’lllliusilli:

261 3464 302 3529 ab
321 3486 363 3561 eo
381 3468 479 3546 potell
501 3476 552 3549 qui
578 3470 701 3553 adluit
725 3474 931 3541 redhibitoriae
952 3492 1030 3539 tem·
1071 3476 1150 3537 citra
1169 3474 1409 3539 conventionem
1427 3476 1527 3538 oritur
1547 3494 1587 3537 ex
1603 3469 1682 3537 fano
1699 3490 1841 3538 nontur-

261 3564 318 3621 pur
334 3550 545 3625 imprudenter
561 3548 690 3617 effluere
705 3556 899 3631 permifillet.
916 3556 1036 3622 Conce-
1073 3554 1122 3629 pi,
1139 3568 1175 3615 ut
1196 3572 1266 3615 cum
1286 3553 1352 3627 quit
1376 3556 1499 3631 negotia
1524 3550 1656 3618 absentia
1680 3550 1767 3633 gessit
1787 3552 1841 3615 bo·

259 3624 350 3697 'ditur
365 3634 460 3694 etiam
478 3631 589 3696 eadem
604 3630 682 3697 adlio
701 3634 736 3695 iis
752 3638 802 3711 qui
823 3638 945 3712 decepti
966 3630 1035 3699 sunt
1072 3652 1112 3695 na
1128 3630 1188 3695 fide
1207 3626 1268 3695 sine
1291 3632 1407 3705 literis,
1423 3652 1457 3697 ac
1466 3634 1628 3709 mandato,
1643 3634 1671 3695 ei
1685 3632 1747 3697 obli
1769 3650 1841 3697 atus

260 3702 344 3773 insta
363 3708 523 3797 dimidium
543 3708 631 3775 iusti.
653 3710 762 3776 Tertia
782 3712 860 3779 allio
887 3716 930 3779 cll
953 3718 985 3778 in
1006 3714 1035 3777 id
1071 3708 1115 3775 est
1134 3710 1273 3777 dominus
1290 3713 1353 3789 rei,
1370 3714 1415 3776 ita
1435 3730 1471 3775 ut
1487 3710 1723 3777 administratori
1768 3728 1841 3775 etur

261 3786 342 3865 quod
361 3790 479 3869 interest
493 3788 605 3869 decepti
624 3814 681 3855 nort
703 3788 799 3870 decipi
811 3841 821 3870 ‚
837 3793 889 3857 seu
919 3792 963 3857 est
989 3796 1036 3856 ius
1071 3788 1157 3855 aetro-
1171 3806 1279 3855 contra
1295 3790 1472 3877 dominum,
1493 3814 1552 3869 qua
1579 3808 1717 3871 repetere
1741 3788 1840 3869 potest

260 3886 330 3931 noo
350 3864 450 3931 solum
478 3870 620 3935 reddendi
650 3890 713 3935 rem
734 3870 770 3939 ὰ
799 3876 931 3952 pretium
956 3872 1036 3938 obti·
1070 3890 1269 3949 quecumque
1286 3868 1461 3948 insumplit.
1488 3872 1519 3934 Si
1541 3891 1615 3937 vero
1635 3890 1700 3935 rem
1721 3868 1839 3936 domini

260 3944 388 4024 nendi,
413 3946 462 4012 sed
482 3952 580 4014 etiarn
610 3946 738 4017 habendi
758 3953 1036 4029 compenlationem
1071 3950 1151 4013 male
1171 3950 1313 4024 aell'erit,
1336 3968 1410 4015 tunc
1427 3950 1506 4015 allio
1514 3950 1608 4016 datur
1624 3950 1749 4017 domino
1763 3970 1840 4015 con·

259 4024 448 4111 damnorum
465 4034 622 4113 omnium,
638 4050 707 4109 quar
728 4052 767 4095 cx
783 4030 946 4097 contratlu
971 4028 1035 4095 sub·
1072 4048 1120 4093 tra
1140 4016 1414 4117 administratorem
1436 4050 1491 4104 pro
1510 4032 1621 4095 damno
1640 4028 1840 4113 illato,1rrfil·

259 4112 369 4173 lecuta
384 4104 472 4190 sunt,
489 4110 562 4175 utsr
584 4111 759 4179 vendideris
773 4132 867 4177 ovem
885 4108 1037 4185 infestam,
1072 4120 1131 4173 lui.
1153 4106 1203 4173 lii.
1225 4108 1321 4190 3.'··iit.
1342 4110 1392 4171 28.
1414 4110 1572 4197 obligatio
1592 4130 1630 4177 ex
1649 4110 1789 4190 maleficio
1803 4128 1841 4177 ea

260 4208 278 4275 ².
297 4206 358 4263 qua
385 4188 456 4255 alia
482 4187 600 4260 insedlae
628 4190 712 4273 sut,
730 4194 782 4257 vel
806 4190 926 4259 servum
945 4210 1037 4269 quem
1070 4186 1135 4265 eil,
1153 4210 1222 4267 quae
1239 4192 1339 4255 oritur
1355 4210 1395 4255 ex
1413 4190 1486 4267 -iplo
1505 4190 1677 4267 maleficio,
1697 4191 1784 4255 sicuti
1799 4208 1841 4253 err

254 4274 362 4331 'iurem
376 4268 438 4334 else
458 4292 612 4351 noverat,
630 4274 748 4337 teneris
779 4272 817 4337 ad
840 4267 1036 4349 compensari·
1072 4264 1178 4349 furto,
1197 4272 1320 4348 rapina,
1342 4270 1479 4351 damno,
1500 4274 1611 4337 iniuria
1632 4320 1640 4347 ,
1673 4272 1766 4349 ladit.
1787 4268 1838 4334 lib.

257 4344 334 4409 dum
345 4348 498 4491 ¹quidquid
522 4352 688 4421 cessaverit
721 4352 827 4432 lucri,
854 4368 911 4417 aut
935 4350 1036 4415 damni
1072 4364 1101 4429 3.
1119 4346 1167 4413 iit.
1190 4348 1240 4411 28.
1268 4350 1427 4429 obligatio
1447 4370 1482 4415 ea
1501 4352 1584 4431 quast
1597 4351 1764 4431 maleficio,
1787 4346 1840 4415 seu

257 4432 434 4495 emererit.
1070 4448 1111 4493 ex
1132 4427 1215 4505 quasi
1237 4426 1365 4507 delirio,
1383 4429 1437 4493 illa
1458 4428 1501 4497 ess
1518 4452 1605 4507 utram
1627 4432 1783 4495 contrahit
1806 4450 1838 4495 v.

1070 4530 1098 4589 g.
1121 4508 1212 4571 iudex
1227 4556 1235 4585 ,
1250 4510 1302 4585 qui
1319 4530 1389 4573 cum
1411 4510 1498 4574 litem
1516 4514 1640 4575 alterius
1661 4506 1745 4575 suam
1763 4506 1840 4574 sece-

583 4597 609 4659 l.
651 4590 716 4657 xl.
1071 4594 1134 4664 rit,
1154 4588 1235 4681 malle
1257 4606 1309 4662 per
1329 4590 1511 4667 imperitiam
1533 4591 1709 4683 iudicavit,
1725 4608 1778 4655 aut
1800 4591 1838 4651 il·

249 4704 310 4777 θ’
323 4698 493 4787 ainana
510 4728 716 4793 aarum
729 4708 831 4779 '’alt“
849 4712 1035 4786 vvvffav
1070 4670 1438 4827 liilu¹l¹1⁵ll²l;‘lll
1451 4666 1838 4829 lilllllllllzull

253 4818 394 4914 ··Nota
415 4843 443 4888 1.
466 4822 608 4895 ell'edlum
638 4826 812 4895 contradluc
835 4830 897 4895 else
922 4826 1035 4907 rblipa·
1070 4825 1264 4905 delusumque
1282 4828 1395 4905 aliquid
1417 4830 1573 4907 ell,quod
1602 4832 1694 4896 alicui
1721 4826 1840 4895 trans·

242 4916 382 4993 ¹tionem
396 4924 467 4979 quat
487 4906 636 4974 definitur
661 4908 787 4989 Institor.
804 4910 853 4975 lii.
877 4928 904 4991 3.
926 4906 973 4971 tit.
1028 4947 1036 4964 ·
1070 4912 1138 4974 unti
1159 4911 1264 4972 nocuit
1278 4956 1285 4984 ,
1299 4910 1395 4989 luſsit.
1412 4908 1459 4973 lib.
1481 4932 1511 4991 4
1529 4906 1575 4973 cir.
1595 4930 1621 4987 5.

257 4979 301 5043 de
314 4976 426 5061 allegat.
450 4985 526 5050 iuris
540 4990 716 5068 vinculum,
731 5012 786 5069 quc
801 4994 962 5075 ncccffiiale
1020 5014 1035 5031 ·
1110 4988 1199 5051 Nota
1231 5008 1255 5065 5.
1289 4986 1460 5053 contradus
1489 4989 1622 5054 l'olubilrs
1653 5009 1694 5054 ex
1726 5003 1836 5053 mutuo
1851 4971 1979 5089 stfifffl'ss·

245 5060 426 5143 firmianae
441 5067 570 5135 adraim
590 5071 635 5139 rei
644 5068 795 5151 solveadae
803 5068 1033 5153 secundarent·
1068 5066 1320 5139 coruraheotium
1332 5068 1480 5137 consensu
1494 5068 1615 5139 dissolvi
1631 5068 1835 5217 W‘stt‘e‘um
1852 5098 1941 5153 Μ,
1957 5069 1981 5147 ,’

1335 5188 1355 5199 -
1716 5172 1736 5217 u
1771 5173 1799 5216 r·
