4425 6000
535 468 832 598 Tricrene
861 522 1189 603 Couruncr.
1221 524 1481 603 Car.XVll.
1687 563 1734 634 27
1782 558 1785 565 ·

233 643 301 698 ter.
320 634 392 710 [eg.
406 625 497 705 finali
511 625 571 692 cod.
587 624 624 688 de
640 634 765 687 reuocat.
782 623 879 686 donat.
898 620 1000 688 Dona-
1035 627 1078 691 ιιι
1099 625 1245 691 donatio.
1267 623 1377 701 ltaque
1393 627 1430 689 ad
1447 631 1642 700 validitatem
1661 637 1805 707 donatio·

228 717 275 779 tio
293 728 401 776 autern
422 710 524 774 caulla
550 708 661 768 mortis
688 701 730 765 est
759 700 941 789 reuocabilis
965 705 998 764 in
1037 712 1083 770 nis
1104 708 1270 781 requiritur
1294 724 1344 798 ex,
1361 725 1448 783 parte
1475 709 1562 786 ipsius
1587 716 1747 796 donantis,
1768 736 1805 787 ut

227 790 380 870 aliquibus
400 788 514 853 casibus
535 834 543 864 ,
573 786 623 849 leu
647 802 712 845 non
728 782 770 845 eli
801 786 904 858 bima,
923 799 999 870 ante
1038 803 1150 863 praetei
1176 785 1304 848 liberam
1333 783 1423 862 aplius
1452 793 1646 861 voluntatem
1672 797 1805 864 donandi

227 887 358 957 mortun
375 861 700 1002 donantisdequ.
722 864 761 925 de
775 861 999 925 itinerandi
1037 866 1074 931 lit
1088 868 1190 960 ‘etiam
1209 863 1315 927 habilis
1333 863 1583 958 adldonandum.
1609 875 1698 941 Unde
1714 900 1807 957 gene·

224 941 1000 1109 illia‘lllrllllrlltlllti'tl‘ttll
1038 944 1808 1117 {zllllttllztllrlltillitililil‘tl

228 1112 371 1178 uotam
390 1114 478 1188 alque
497 1103 540 1169 ad
556 1115 723 1166 extremum
742 1115 840 1164 vitae.
857 1101 1001 1164 Hincdo·
1039 1105 1165 1169 liberam
1186 1101 1297 1167 habent
1318 1100 1524 1188 facultatem,-
1553 1132 1588 1177 ut
1616 1114 1730 1181 domini
1742 1157 1753 1194 ,·
1769 1121 1807 1184 de

230 1209 323 1256 nator
348 1193 429 1252 inter
452 1205 541 1252 vivos
566 1178 662 1258 potest
686 1183 783 1245 etiam
802 1183 868 1258 cogi
899 1180 936 1244 ad
957 1182 1000 1243 rei
1039 1206 1070 1249 re
1087 1194 1139 1247 lua
1160 1182 1354 1260 dilponendi:
1373 1186 1459 1252 &ad
1477 1188 1532 1254 hoc
1553 1196 1728 1262 necessariae
1737 1195 1808 1265 sunt

230 1269 452 1346 traditionem,
469 1285 530 1329 non
547 1282 623 1326 vero
643 1261 774 1349 donator
794 1259 895 1348 eaulla
917 1279 1001 1322 mor·
1037 1265 1175 1342 quedam
1190 1265 1399 1342 conditiones,
1418 1288 1544 1344 quarum
1561 1275 1631 1339 aliae
1653 1275 1683 1341 l'e
1695 1277 1808 1344 liabent

229 1353 290 1415 tis.
304 1349 400 1425 Quod
417 1346 437 1409 ii
458 1347 590 1409 donatur
610 1348 767 1404 relervare
787 1340 836 1404 libi
868 1340 1000 1404 voluerit
1038 1366 1077 1408 ex
1098 1363 1184 1421 parte
1204 1348 1358 1425 corporis,
1375 1347 1443 1412 aliae
1461 1369 1502 1412 eri
1519 1371 1606 1427 parte
1618 1359 1728 1435 animi,
1738 1359 1810 1424 atie·

231 1425 416 1494 facultatem
438 1424 522 1503 luper
543 1443 575 1486 re
597 1421 713 1484 donata
732 1425 813 1485 inter
838 1423 928 1486 vivos
950 1438 1003 1495 pro
1039 1424 1163 1490 tandem
1188 1421 1225 1486 ab
1248 1422 1435 1503 extrinl'eeo,
1460 1449 1534 1505 puta
1559 1452 1577 1496 a
1606 1434 1740 1516 Legibus
1759 1458 1808 1503 ιιι·

230 1526 312 1573 nutu
338 1504 542 1589 disponendi,
572 1500 665 1586 autri
694 1503 870 1565 donationis
893 1498 1003 1592 inlitu·
1038 1508 1220 1583 quiruntur,
1236 1504 1342 1580 quibus
1370 1506 1578 1576 deficientibus
1597 1513 1725 1581 donatio
1746 1532 1810 1583 noia

232 1605 372 1651 mentum
389 1588 468 1664 apud
486 1588 516 1647 le
536 1584 763 1658 relervaverit,
784 1601 839 1645 nec
861 1582 1004 1645 tranleri·
1038 1582 1096 1650 est.
1121 1583 1357 1648 ldcircodonare
1378 1608 1533 1665 nequeunt
1548 1596 1599 1669 qui
1619 1595 1811 1664 natutasunt
1873 1610 1876 1617 '

232 1685 320 1744 ptiriu
345 1667 508 1731 donatario
531 1662 682 1738 dederit,
710 1661 838 1724 donatio
866 1659 1003 1746 invalida
1040 1668 1151 1741 muti,
1177 1663 1212 1727 dt
1233 1660 1312 1726 lurdi
1341 1664 1455 1746 limul,
1485 1689 1520 1735 ut
1541 1692 1597 1737 nec
1620 1695 1727 1755 voce,
1754 1698 1810 1743 nee

230 1749 295 1812 eli.
319 1745 475 1812 Differunt
496 1763 523 1804 2·
540 1746 609 1818 quia
631 1739 761 1804 donatio
781 1744 888 1806 mortis
903 1739 1004 1804 causta
1039 1747 1186 1822 l'criptuta
1206 1759 1292 1835 certo
1310 1747 1463 1833 explicare
1480 1750 1588 1828 pollrnt
1608 1753 1810 1822 suamvolun-

229 1826 406 1905 evaneleit,
430 1824 465 1895 dt
481 1818 717 1902 annullatur,si
740 1821 920 1906 donatarius
941 1839 1005 1912 mo·
1040 1836 1157 1901 tatem,
1177 1843 1205 1884 2.
1223 1817 1348 1902 furrolr,
1368 1832 1438 1903 quia
1460 1849 1565 1896 mente
1585 1853 1716 1914 carent,
1731 1838 1810 1903 item

232 1908 335 1971 riatur
350 1925 427 1973 ante
447 1905 632 1978 donantem,
656 1919 712 1963 nec
730 1903 951 1987 tranlmittitur
972 1918 1003 1961 in
1040 1906 1196 1985 prodigus,
1210 1907 1260 1966 cui
1281 1902 1430 1970 bonorum
1449 1907 1570 1975 suorum
1588 1909 1814 1982 administratio

231 1985 292 2050 hoc
311 1984 384 2051 calu
407 1983 445 2050 ad
473 1983 605 2048 haeredes
633 1986 659 2045 5.
689 1999 718 2043 ι.
741 1981 777 2044 dt
802 1982 901 2045 donat.
921 1980 1003 2043 letus
1041 2007 1057 2050 a
1078 1989 1177 2049 iudice
1198 1984 1358 2048 interditla
1378 1989 1443 2063 eli,
1466 1992 1558 2072 Instit.
1576 1994 1680 2073 quibus
1699 1992 1812 2078 nonni

231 2066 360 2131 douauo
375 2071 456 2129 inter
472 2069 582 2128 vivos.
597 2076 624 2141 3.
646 2060 739 2138 Qud
755 2061 792 2126 ad
808 2062 1004 2125 donationem
1038 2062 1204 2145 permiffum
1220 2058 1321 2143 facere
1348 2067 1574 2146 taliamentum.
1599 2075 1665 2142 lmo
1694 2076 1810 2156 ligatur

230 2147 313 2211 inter
342 2150 432 2211 vivus
461 2148 641 2221 quingentos
667 2141 777 2204 lolidos
806 2141 1005 2228 excedentem
1041 2147 1180 2224 prodigus
1203 2142 1307 2208 llatiin
1337 2165 1371 2209 ac
1396 2170 1537 2225 parentes
1561 2157 1627 2221 eius
1649 2168 1761 2223 contra
1784 2161 1810 2219 i·

230 2227 407 2303 requiratur
423 2224 586 2288 inlinuatio
606 2221 683 2299 apud
696 2224 824 2309 iud-item
845 2228 869 2286 §s
887 2221 1002 2284 aliteri·
1041 2226 1231 2311 pl'umagert
1245 2227 1393 2302 incipiant
1409 2264 1420 2290 .·
1445 2245 1472 2308 3.
1491 2230 1691 2302 Filiilamitias
1712 2239 1813 2304 donee

230 2316 290 2371 triu
311 2324 340 2368 a.
356 2307 453 2386 instit.
468 2304 504 2368 de
523 2307 625 2368 aaran
650 2320 712 2366 non
732 2306 770 2366 lie
790 2300 1004 2365 autemaddo·
1041 2305 1098 2373 lint
1118 2304 1170 2367 lub
1193 2308 1289 2388 patria
1306 2305 1456 2380 potestate
1480 2315 1547 2377 iure
1568 2321 1726 2383 communi
1745 2328 1810 2382 nott

230 2388 392 2451 nationem
422 2388 528 2451 mortis
552 2383 653 2446 cautla
675 2385 747 2461 Leg.
764 2385 822 2461 fin.
845 2382 885 2446 de
901 2381 999 2443 donat.
1042 2384 1335 2471 poli'untndilpone're
1351 2391 1431 2452 inter
1454 2394 1565 2470 vivos,
1590 2394 1646 2459 nisi
1668 2397 1810 2464 debonis

230 2467 336 2529 mnis
357 2464 480 2547 uuffa.
507 2465 559 2529 An
587 2475 667 2550 itero⁸
690 2466 875 2528 donationes
903 2455 1004 2524 causta
1039 2464 1257 2542 currentibus,
1276 2482 1331 2529 aut
1357 2465 1438 2544 quasi
1465 2471 1681 2558 castrensibus,
1698 2478 1810 2545 aliisue¹

229 2552 340 2611 nortis
360 2547 505 2610 differant
526 2564 545 2608 a
566 2542 806 2620 dilpolitionibus
842 2540 1005 2606 tellemen-
1042 2550 1086 2611 ita
1106 2543 1211 2607 iisdem
1239 2548 1479 2628 pertinentibus,
1506 2571 1542 2617 ut
1566 2574 1652 2632 patei
1671 2562 1752 2624 eirea
1772 2574 1811 2626 ea¹

230 2628 342 2702 tariiit,
355 2622 407 2690 seu
429 2620 542 2701 abiplis
560 2622 769 2697 testamentis,
788 2625 926 2700 graviter
934 2641 1005 2685 eon·
1042 2631 1086 2690 ius
1103 2645 1167 2688 non
1178 2623 1287 2689 babeat
1301 2629 1463 2702 nequidem
1473 2635 1570 2708 quoad
1590 2656 1700 2703 eorum
1711 2639 1815 2706 ulum¹

230 2712 418 2772 trovertitur
437 2711 519 2768 inter
535 2702 746 2779 lurilperitos.
768 2702 937 2766 Affirmant
950 2702 1003 2765 alii
1042 2704 1170 2770 studium
1191 2752 1200 2782 ,
1226 2705 1260 2770 δι
1289 2705 1344 2770 bac
1364 2713 1396 2769 ιιι
1413 2729 1445 2774 re
1470 2717 1567 2780 variae
1583 2716 1652 2783 lunt
1673 2719 1811 2784 beorum

230 2778 442 2865 differre,alii
466 2802 581 2861 negant
592 2804 604 2857 ,·
623 2782 678 2872 ,led
702 2783 758 2853 ltoc
775 2783 885 2859 pendet
907 2801 925 2846 a
944 2780 1004 2845 te·
1040 2784 1291 2862 eonsuetudines,
1312 2804 1346 2850 ut
1360 2793 1430 2877 ¹quis
1447 2792 1531 2856 inter
1551 2798 1641 2860 vivos
1665 2794 1811 2876 dil'pone·

230 2867 316 2941 sibus
337 2867 593 2942 municipalibus,
613 2863 689 2927 licut
706 2870 802 2926 eriam
829 2884 845 2926 a
867 2864 1005 2927 locorum
1041 2887 1073 2931 re
1094 2862 1202 2943 poffit,
1222 2885 1294 2930 nam
1315 2866 1365 2929 ubi
1394 2867 1460 2944 plus
1487 2872 1537 2935 ubl
1558 2879 1659 2940 minus
1680 2879 1811 2955 requlri·

229 2948 516 3012 romuatuarmbus.
716 2975 721 2985 ·
779 3012 782 3020 ,
851 3018 859 3038 f
1043 2967 1092 3014 tur
1112 2962 1241 3013 aetatis.
1266 2944 1450 3013 Aliae'enim
1470 2956 1630 3029 requirunt
1661 2966 1709 3021 ao'.
1736 2957 1809 3024 altre

182 3030 223 3085 ils
272 3032 323 3091 bd
346 3028 404 3092 boc
425 3044 529 3090 autem
550 3040 586 3088 ut
607 3024 736 3088 donario
760 3021 824 3089 sive
848 3043 930 3089 inter
957 3024 1004 3088 vi·
1041 3037 1088 3105 2'5.
1119 3043 1233 3104 annos,
1256 3045 1291 3092 ut
1316 3031 1361 3091 ius
1387 3039 1572 3098 commune.-
1592 3038 1631 3100 Et
1655 3040 1756 3115 aliquo
1777 3040 1811 3101 iii

182 3101 311 3185 Piros,-
330 3106 394 3172 live
407 3109 509 3172 cautla
524 3104 745 3168 mortistalida
761 3107 816 3183 lit,
838 3108 1004 3181 requiritur
1042 3112 1110 3174 loco
1136 3112 1181 3171 ita
1200 3108 1243 3171 eli
1263 3103 1486 3185 obsequendum
1511 3113 1556 3178 liis
1583 3115 1814 3184 ιοιιιιιοίιιιιιιί·Ι

183 3165 207 3278 ξ
235 3206 264 3249 ι.-
278 3206 319 3252 ex
340 3194 494 3273 conruunt
515 3186 597 3262 quod
617 3184 653 3247 sit
665 3185 834 3251 deliberata
844 3223 855 3261 ,·
872 3186 1005 3263 &lpum
1040 3192 1113 3267 bus,
1137 3206 1173 3254 ut
1194 3187 1319 3252 Novitii
1345 3192 1377 3249 in
1403 3191 1612 3271 Religionibus
1634 3196 1815 3275 profitendia

206 3258 349 3347 ἀπὸ,
368 3270 485 3332 lcilicet
500 3267 579 3343 quod
599 3264 717 3329 donans
737 3266 933 3332 voluntatem
953 3267 1005 3327 ba·
1041 3291 1101 3334 non
1118 3267 1225 3347 pollini
1249 3275 1331 3345 prius
1347 3268 1505 3346 dilpouere
1525 3274 1561 3340 de
1578 3275 1684 3356 bonis,
1699 3275 1754 3342 nili
1772 3276 1811 3341 ad

229 3347 377 3426 beat,dt
405 3351 542 3412 animum
568 3346 727 3428 donandi,
755 3354 828 3424 quia
849 3366 904 3410 nec
921 3351 1005 3426 igno·
1042 3353 1137 3415 talem
1153 3352 1350 3425 pervenerint
1370 3361 1515 3431 aetatem,
1535 3375 1627 3432 quam
1646 3357 1815 3423 consuetu*

230 3449 323 3511 rant,
343 3449 400 3494 nec
421 3434 539 3492 invitus
556 3429 714 3503 quitquam
742 3427 838 3493 donat
859 3433 929 3507 Leg.
956 3444 1002 3488 ιο.
1040 3434 1078 3496 do
1093 3433 1208 3507 exigit,
1223 3448 1263 3517 ¹ut
1285 3435 1362 3505 laepe
1385 3435 1537 3511 praeeipue
1555 3439 1589 3498 in
1612 3437 1715 3503 Gallia
1738 3453 1818 3501 con*

230 3510 291 3575 cod·
312 3511 354 3576 de
372 3510 472 3574 donat.
493 3508 609 3572 ldcirco
635 3513 687 3583 qui
708 3512 759 3585 vi,
777 3525 831 3571 aut
853 3514 923 3572 dulu
947 3510 1004 3571 ali·
1041 3532 1089 3575 tra
1106 3510 1160 3574 lias
1179 3511 1388 3588 dilpulitiones
1404 3514 1574 3577 iudicatum
1589 3519 1630 3580 ιιι
1643 3559 1655 3595 ,·
1671 3528 1812 3584 eumcae⁴

230 3611 320 3667 quern
344 3593 467 3667 impulit
483 3591 522 3655 ad
538 3589 607 3663 quid
628 3587 680 3650 libi
703 3588 897 3669 donandum,
917 3606 1003 3652 teue-
1041 3597 1182 3667 reioqum
1206 3593 1242 3655 de
1263 3587 1392 3669 perl'ona
1413 3596 1657 3662 irrevocabiliter
1672 3596 1816 3674 dispone-1

230 3684 283 3736 tut
300 3672 378 3737 illud
400 3668 499 3733 eidem
515 3669 696 3744 relliruere,
712 3668 745 3732 dt
767 3672 894 3747 tollere,
913 3689 946 3733 ac
961 3688 1004 3730 re·
1042 3693 1072 3735 re
1093 3670 1222 3750 polsint.
1248 3691 1273 3747 5.
1295 3673 1358 3747 Qii
1376 3669 1515 3738 similiter¹
1531 3682 1645 3742 mortui
1662 3677 1731 3743 saint
1746 3671 1814 3738 sivo

229 3751 342 3818 farcire
358 3754 525 3825 iniuriam,-
545 3747 639 3811 alium
654 3755 686 3809 in
709 3751 801 3825 priori
822 3751 903 3813 llatu
919 3749 1005 3822 liber·
1028 3771 1141 3816 ‚morte
1158 3748 1283 3822 infami,
1305 3771 1339 3815 ut
1358 3756 1495 3841 triremi,
1514 3754 1548 3820 dt
1568 3760 1661 3821 exilio
1685 3757 1811 3820 damna·

231 3838 306 3896 tatis
336 3830 542 3896 rellituendo.
566 3827 633 3891 lmo
661 3830 770 3893 volunt
800 3832 891 3893 multi
911 3832 1004 3892 dona·
1042 3839 1068 3897 ti·
1089 3836 1120 3894 in
1154 3849 1363 3907 perpetuum,
1390 3835 1453 3897 live
1473 3852 1574 3901 morte
1603 3836 1723 3902 heroica
1741 3872 1752 3914 ,Δ
1772 3843 1813 3897 ιιι·

230 3915 351 3978 tionem
377 3909 488 3975 ladam
514 3930 554 3975 ex
575 3925 660 3971 metu
686 3913 782 3972 etiarn
806 3911 866 3974 levi
897 3907 1006 3972 iniulle
1041 3912 1183 3991 Religioli
1205 3908 1345 3989 proseriu-
1365 3910 1395 3973 hi
1418 3918 1500 3981 euim
1516 3935 1570 3981 nec
1598 3918 1715 3983 donare
1727 3955 1740 3991 ,-
1753 3926 1813 3979 ned

228 3989 352 4060 ιιιιιιιιο
372 4008 522 4068 tanquam
548 3992 646 4054 cautla
672 3988 760 4053 finali
785 3993 818 4053 in
848 3986 915 4056 foro
935 4009 1006 4054 con·
1041 3992 1203 4074 quidquam
1223 3991 1273 4055 libi
1294 3994 1326 4054 in
1344 3996 1521 4069 particulari
1531 4000 1663 4076 resipere
1679 3995 1814 4075 possunti

227 4071 369 4140 scientie·
390 4071 559 4136 invalidam
574 4070 705 4157 elle,&
725 4072 861 4148 nullam,
880 4075 952 4148 quia
962 4067 1005 4134 est
1042 4074 1182 4149 Idemque
1196 4072 1355 4136 dicendum
1370 4075 1406 4137 de
1416 4074 1571 4149 Equitibus
1588 4074 1817 4157 Melitensrbuta

229 4158 270 4219 de
289 4158 421 4219 ellentia
442 4156 639 4228 donationis,
657 4170 692 4216 ut
713 4151 769 4216 frat
795 4152 901 4229 iponte
917 4153 954 4216 do
972 4152 1005 4211 li·
1041 4154 1123 4233 quod
1143 4154 1292 4236 Ricardus
1307 4155 1448 4217 extendit
1470 4157 1506 4218 ad
1528 4158 1630 4221 Patres
1646 4155 1811 4223 societatis

229 4237 403 4301 beraliter.
429 4235 519 4296 Hanc
541 4251 647 4295 autem
674 4236 870 4298 voluntatem
888 4233 928 4299 dt·
943 4234 1006 4294 ani·
1042 4235 1130 4299 lelu.·
1149 4234 1401 4310 Pollunt'quidem
1417 4237 1521 4301 Patres
1541 4231 1811 4303 ositoiiiarMil·

228 4338 317 4381 mum
337 4315 471 4379 donandi
492 4315 609 4377 netelle
630 4310 672 4375 eli
693 4334 729 4379 ut
752 4314 887 4380 donator
905 4314 1007 4388 aliquo
1042 4315 1155 4393 sionis,
1171 4320 1240 4389 quia
1262 4316 1293 4376 hi
1315 4335 1376 4379 uon
1397 4313 1467 4378 lunt
1489 4315 1608 4396 professi
1631 4315 1813 4380 solemniter

230 4397 331 4462 modo·
343 4392 518 4458 maoitellet
538 4392 602 4456 live
618 4412 788 4473 oretenus,
801 4395 866 4460 live
882 4397 914 4457 in
935 4392 1005 4458 seri·
1044 4413 1153 4461 votum
1173 4399 1384 4473 paupertatis,
1403 4416 1459 4458 nec
1480 4399 1557 4462 tales
1587 4397 1813 4474 congregatiod

228 4481 293 4558 ptis
312 4522 325 4556 ,-
347 4475 413 4539 live
434 4478 495 4538 liar
521 4470 635 4537 absenti
656 4522 664 4547 ‚
688 4475 752 4539 live
773 4477 914 4554 prarl'enti
931 4481 1003 4557 Lag.
1042 4499 1095 4542 nes
1116 4475 1170 4539 hos
1185 4477 1387 4540 extrahunte
1407 4476 1499 4540 Clero
1515 4477 1671 4553 iaculari,
1688 4497 1722 4539 ae
1739 4474 1815 4540 ideo

228 4579 283 4626 m
307 4554 419 4636 ambigi
440 4559 471 4618 6.
489 4555 546 4617 Sed
564 4572 677 4630 praerer
705 4558 831 4623 liberam
860 4556 1007 4622 volunta·
1044 4557 1208 4639 promiscue
1226 4556 1290 4635 iplis
1316 4570 1482 4636 parentes,
1499 4557 1532 4623 dt
1552 4554 1604 4637 ipsi
1637 4554 1815 4634 parentibus

230 4641 366 4719 rem,&
387 4639 522 4701 animum
540 4639 673 4699 donandi
699 4641 731 4699 in
755 4659 793 4703 eo
812 4642 864 4716 qui
883 4642 1007 4720 donat,
1042 4637 1226 4724 succedunt.
1477 4705 1479 4710 ,
1603 4709 1607 4716 ,

228 4727 400 4799 requiritur
416 4714 536 4792 insuper
552 4714 587 4778 ad
610 4717 804 4782 validitatem
823 4722 1006 4798 donationis,
1083 4719 1222 4796 Epilcopi
1247 4753 1261 4805 i
1290 4717 1339 4779 vel
1369 4716 1568 4783 Ecclesiarum
1592 4716 1717 4781 Praelati
1745 4714 1815 4781 siv&

227 4818 266 4869 ut
284 4805 358 4869 aliae
371 4816 506 4884 quatuor
524 4816 714 4863 concurrant·
731 4804 934 4881 conditiones,
946 4806 1008 4881 pri·
1043 4799 1224 4877 saeculares,
1243 4802 1306 4861 live
1325 4795 1491 4891 Regulares
1510 4821 1570 4893 non
1588 4805 1710 4892 poliunt
1732 4794 1810 4860 face‘·
1909 4823 1915 4828 ·

227 4904 282 4951 rua
297 4897 430 4963 quarum
450 4883 480 4941 le
500 4894 588 4942 tenet
610 4899 651 4943 ex
672 4893 761 4957 parte·
782 4881 870 4957 ipsius
894 4884 1008 4948 donati·
1043 4902 1077 4947 re
1092 4903 1131 4945 ex
1148 4901 1232 4944 mera
1254 4877 1437 4942 liberalitate
1455 4879 1638 4944 donationes
1654 4898 1685 4939 ιιι
1701 4889 1815 4954 magna

229 4965 302 5039 tis,
332 4963 463 5027 secunda
482 4978 523 5022 ert
543 4977 630 5034 parte
657 4964 808 5025 donatarii
828 5013 836 5043 ,
856 4969 950 5028 tertia
969 4984 1020 5048 tri¹
1045 4969 1222 5038 quantitate
1244 4960 1283 5021 de'
1306 4957 1500 5050 reddi-tibus,
1528 4956 1578 5023 seu
1599 4959 1683 5022 bonis
1705 4956 1811 5048 little·

228 5059 319 5122 parte
341 5045 385 5105 rei
404 5060 473 5113 quar
495 5041 605 5120 datur,
620 5060 731 5119 quarta
750 5045 875 5108 tandem
892 5061 1008 5120 eri-par·
1023 5046 1113 5148 ,liam
1135 5041 1168 5105 it
1197 5035 1401 5133 Monaiieru,¹
1420 5039 1453 5102 &
1474 5037 1493 5099 s¹
1524 5039 1599 5130 tales
1626 5039 1813 5134 donatione*

228 5139 270 5188 α
290 5118 546 5194 iormatirrruiu,
568 5143 636 5197 quie
653 5122 712 5189 nisi
737 5124 1007 5204 uaedantmulla
1040 5121 1160 5190 iaciant
1174 5138 1313 5190 tovocan
1335 5117 1526 5259 monsig&
1544 5111 1818 5256 debent-effi&

275 5249 278 5262 .
1518 5216 1540 5257 ὖ
1771 5231 1783 5270 ι
