<?xml version="1.0" encoding="UTF-8"?>
<!DOCTYPE html PUBLIC "-//W3C//DTD XHTML 1.0 Transitional//EN"
    "http://www.w3.org/TR/xhtml1/DTD/xhtml1-transitional.dtd">
<html xmlns="http://www.w3.org/1999/xhtml" xml:lang="en" lang="en">
 <head>
  <title>
</title>
<meta http-equiv="Content-Type" content="text/html;charset=utf-8" />
  <meta name='ocr-system' content='tesseract 3.04.00' />
  <meta name='ocr-capabilities' content='ocr_page ocr_carea ocr_par ocr_line ocrx_word'/>
</head>
<body>
  <div class='ocr_page' id='page_1' title='image "./institutionesth00boragoog/institutionesth00boragoog_0376.png"; bbox 0 0 4425 6000; ppageno 0'>
   <div class='ocr_carea' id='block_1_1' title="bbox 254 490 2046 4870">
    <p class='ocr_par' dir='ltr' id='par_1_1' title="bbox 424 490 1992 751">
     <span class='ocr_line' id='line_1_1' title="bbox 486 490 1898 593; baseline 0.003 -32"><span class='ocrx_word' id='word_1_1' title='bbox 486 496 560 591; x_wconf 78' lang='lat'>362</span> <span class='ocrx_word' id='word_1_2' title='bbox 702 491 868 567; x_wconf 71' lang='lat' dir='ltr'>Tener.</span> <span class='ocrx_word' id='word_1_3' title='bbox 902 514 958 564; x_wconf 77' lang='lat' dir='ltr'>oa</span> <span class='ocrx_word' id='word_1_4' title='bbox 986 495 1242 565; x_wconf 70' lang='lat' dir='ltr'>Fraternas</span> <span class='ocrx_word' id='word_1_5' title='bbox 1279 490 1499 564; x_wconf 77' lang='lat' dir='ltr'>Ducrcocr</span> <span class='ocrx_word' id='word_1_6' title='bbox 1525 492 1626 565; x_wconf 79' lang='lat' dir='ltr'>Car.</span> <span class='ocrx_word' id='word_1_7' title='bbox 1654 490 1702 565; x_wconf 87' lang='lat' dir='ltr'>V.</span> <span class='ocrx_word' id='word_1_8' title='bbox 1890 578 1898 593; x_wconf 88' lang='lat'>.</span> 
     </span>
     <span class='ocr_line' id='line_1_2' title="bbox 428 587 1992 670; baseline -0.001 -14"><span class='ocrx_word' id='word_1_9' title='bbox 428 593 519 656; x_wconf 88' lang='lat' dir='ltr'>nimis</span> <span class='ocrx_word' id='word_1_10' title='bbox 538 587 664 670; x_wconf 89' lang='lat' dir='ltr'>blande,</span> <span class='ocrx_word' id='word_1_11' title='bbox 683 609 741 655; x_wconf 90' lang='lat' dir='ltr'>nec</span> <span class='ocrx_word' id='word_1_12' title='bbox 769 594 859 654; x_wconf 92' lang='lat' dir='ltr'>nimis</span> <span class='ocrx_word' id='word_1_13' title='bbox 873 587 979 654; x_wconf 90' lang='lat' dir='ltr'>severe</span> <span class='ocrx_word' id='word_1_14' title='bbox 997 611 1069 670; x_wconf 86' lang='lat' dir='ltr'>erga</span> <span class='ocrx_word' id='word_1_15' title='bbox 1086 611 1140 656; x_wconf 90' lang='lat' dir='ltr'>eos</span> <span class='ocrx_word' id='word_1_16' title='bbox 1158 590 1189 654; x_wconf 89' lang='lat' dir='ltr'>se</span> <span class='ocrx_word' id='word_1_17' title='bbox 1220 605 1308 668; x_wconf 90' lang='lat' dir='ltr'>tum,</span> <span class='ocrx_word' id='word_1_18' title='bbox 1326 587 1515 667; x_wconf 70' lang='lat' dir='ltr'>spetiansque</span> <span class='ocrx_word' id='word_1_19' title='bbox 1535 590 1571 652; x_wconf 91' lang='lat' dir='ltr'>ad</span> <span class='ocrx_word' id='word_1_20' title='bbox 1593 588 1759 656; x_wconf 87' lang='lat' dir='ltr'>barbariem</span> <span class='ocrx_word' id='word_1_21' title='bbox 1776 636 1785 667; x_wconf 89' lang='lat'>,</span> <span class='ocrx_word' id='word_1_22' title='bbox 1801 609 1873 657; x_wconf 88' lang='lat' dir='ltr'>eum</span> <span class='ocrx_word' id='word_1_23' title='bbox 1904 601 1992 656; x_wconf 74' lang='lat' dir='ltr'>uxot</span> 
     </span>
     <span class='ocr_line' id='line_1_3' title="bbox 424 667 1987 751; baseline -0.001 -16"><span class='ocrx_word' id='word_1_24' title='bbox 424 682 550 751; x_wconf 56' lang='lat' dir='ltr'>gerenti</span> <span class='ocrx_word' id='word_1_25' title='bbox 1220 689 1283 732; x_wconf 93' lang='lat' dir='ltr'>non</span> <span class='ocrx_word' id='word_1_26' title='bbox 1311 670 1383 733; x_wconf 87' lang='lat' dir='ltr'>data</span> <span class='ocrx_word' id='word_1_27' title='bbox 1407 668 1445 733; x_wconf 88' lang='lat' dir='ltr'>srt</span> <span class='ocrx_word' id='word_1_28' title='bbox 1470 674 1538 733; x_wconf 91' lang='lat' dir='ltr'>viro</span> <span class='ocrx_word' id='word_1_29' title='bbox 1559 674 1589 732; x_wconf 91' lang='lat' dir='ltr'>in</span> <span class='ocrx_word' id='word_1_30' title='bbox 1616 667 1784 745; x_wconf 78' lang='lat' dir='ltr'>famulam,</span> <span class='ocrx_word' id='word_1_31' title='bbox 1802 669 1853 736; x_wconf 89' lang='lat' dir='ltr'>sed</span> <span class='ocrx_word' id='word_1_32' title='bbox 1881 675 1917 734; x_wconf 90' lang='lat' dir='ltr'>in</span> <span class='ocrx_word' id='word_1_33' title='bbox 1938 669 1987 734; x_wconf 90' lang='lat' dir='ltr'>so·</span> 
     </span>
    </p>

    <p class='ocr_par' dir='ltr' id='par_1_2' title="bbox 269 747 1991 1781">
     <span class='ocr_line' id='line_1_4' title="bbox 286 747 1985 832; baseline -0.002 -18"><span class='ocrx_word' id='word_1_34' title='bbox 286 762 355 832; x_wconf 68' lang='lat' dir='ltr'>quid</span> <span class='ocrx_word' id='word_1_35' title='bbox 376 766 409 817; x_wconf 81' lang='lat' dir='ltr'>de</span> <span class='ocrx_word' id='word_1_36' title='bbox 465 750 655 827; x_wconf 87' lang='lat' dir='ltr'>Difficultas,</span> <span class='ocrx_word' id='word_1_37' title='bbox 670 771 739 828; x_wconf 82' lang='lat' dir='ltr'>quae</span> <span class='ocrx_word' id='word_1_38' title='bbox 756 750 805 813; x_wconf 91' lang='lat' dir='ltr'>bic</span> <span class='ocrx_word' id='word_1_39' title='bbox 818 747 954 827; x_wconf 83' lang='lat' dir='ltr'>exsurgit</span> <span class='ocrx_word' id='word_1_40' title='bbox 970 797 980 826; x_wconf 91' lang='lat'>,</span> <span class='ocrx_word' id='word_1_41' title='bbox 995 749 1038 812; x_wconf 84' lang='lat' dir='ltr'>esi</span> <span class='ocrx_word' id='word_1_42' title='bbox 1058 752 1094 814; x_wconf 93' lang='lat' dir='ltr'>de</span> <span class='ocrx_word' id='word_1_43' title='bbox 1114 770 1188 813; x_wconf 88' lang='lat' dir='ltr'>ver·</span> <span class='ocrx_word' id='word_1_44' title='bbox 1219 750 1316 822; x_wconf 88' lang='lat' dir='ltr'>ciam,</span> <span class='ocrx_word' id='word_1_45' title='bbox 1338 748 1373 811; x_wconf 83' lang='lat' dir='ltr'>dc</span> <span class='ocrx_word' id='word_1_46' title='bbox 1391 752 1520 812; x_wconf 83' lang='lat' dir='ltr'>maritus</span> <span class='ocrx_word' id='word_1_47' title='bbox 1538 771 1611 813; x_wconf 89' lang='lat' dir='ltr'>cum</span> <span class='ocrx_word' id='word_1_48' title='bbox 1625 769 1722 813; x_wconf 87' lang='lat' dir='ltr'>rurore</span> <span class='ocrx_word' id='word_1_49' title='bbox 1745 747 1783 813; x_wconf 86' lang='lat' dir='ltr'>srt</span> <span class='ocrx_word' id='word_1_50' title='bbox 1802 771 1865 816; x_wconf 90' lang='lat' dir='ltr'>una</span> <span class='ocrx_word' id='word_1_51' title='bbox 1886 768 1985 814; x_wconf 85' lang='lat' dir='ltr'>earo.</span> 
     </span>
     <span class='ocr_line' id='line_1_5' title="bbox 285 824 1991 915; baseline -0.002 -22"><span class='ocrx_word' id='word_1_52' title='bbox 285 831 403 902; x_wconf 60' lang='lat' dir='ltr'>raperti,</span> <span class='ocrx_word' id='word_1_53' title='bbox 424 829 581 895; x_wconf 88' lang='lat' dir='ltr'>berarione</span> <span class='ocrx_word' id='word_1_54' title='bbox 603 847 723 907; x_wconf 89' lang='lat' dir='ltr'>patrum</span> <span class='ocrx_word' id='word_1_55' title='bbox 753 827 830 893; x_wconf 72' lang='lat' dir='ltr'>fasta</span> <span class='ocrx_word' id='word_1_56' title='bbox 853 827 924 891; x_wconf 86' lang='lat' dir='ltr'>srliis</span> <span class='ocrx_word' id='word_1_57' title='bbox 944 832 974 890; x_wconf 93' lang='lat' dir='ltr'>in</span> <span class='ocrx_word' id='word_1_58' title='bbox 1000 828 1092 892; x_wconf 91' lang='lat' dir='ltr'>sacris</span> <span class='ocrx_word' id='word_1_59' title='bbox 1112 849 1188 892; x_wconf 91' lang='lat' dir='ltr'>con·</span> <span class='ocrx_word' id='word_1_60' title='bbox 1221 827 1270 891; x_wconf 88' lang='lat' dir='ltr'>Ad</span> <span class='ocrx_word' id='word_1_61' title='bbox 1289 824 1450 890; x_wconf 89' lang='lat' dir='ltr'>secundum</span> <span class='ocrx_word' id='word_1_62' title='bbox 1469 849 1549 893; x_wconf 91' lang='lat' dir='ltr'>vero</span> <span class='ocrx_word' id='word_1_63' title='bbox 1575 846 1661 893; x_wconf 91' lang='lat' dir='ltr'>tenet</span> <span class='ocrx_word' id='word_1_64' title='bbox 1691 826 1834 894; x_wconf 87' lang='lat' dir='ltr'>laudatus</span> <span class='ocrx_word' id='word_1_65' title='bbox 1859 828 1991 915; x_wconf 78' lang='lat' dir='ltr'>Sylvius</span> 
     </span>
     <span class='ocr_line' id='line_1_6' title="bbox 269 903 1991 1005; baseline -0.003 -33"><span class='ocrx_word' id='word_1_66' title='bbox 269 906 405 1005; x_wconf 14' lang='lat' dir='ltr'>nvssfgju&#39;</span> <span class='ocrx_word' id='word_1_67' title='bbox 425 908 562 986; x_wconf 83' lang='lat' dir='ltr'>siitutis,</span> <span class='ocrx_word' id='word_1_68' title='bbox 581 931 653 973; x_wconf 90' lang='lat' dir='ltr'>num</span> <span class='ocrx_word' id='word_1_69' title='bbox 681 910 738 972; x_wconf 93' lang='lat' dir='ltr'>hoc</span> <span class='ocrx_word' id='word_1_70' title='bbox 765 909 831 971; x_wconf 87' lang='lat' dir='ltr'>fieri</span> <span class='ocrx_word' id='word_1_71' title='bbox 861 909 945 970; x_wconf 89' lang='lat' dir='ltr'>licite</span> <span class='ocrx_word' id='word_1_72' title='bbox 971 906 1058 986; x_wconf 75' lang='lat' dir='ltr'>possit</span> <span class='ocrx_word' id='word_1_73' title='bbox 1079 908 1189 984; x_wconf 79' lang='lat' dir='ltr'>absque</span> <span class='ocrx_word' id='word_1_74' title='bbox 1222 906 1253 967; x_wconf 94' lang='lat' dir='ltr'>id</span> <span class='ocrx_word' id='word_1_75' title='bbox 1273 924 1334 969; x_wconf 89' lang='lat' dir='ltr'>nou</span> <span class='ocrx_word' id='word_1_76' title='bbox 1355 908 1437 983; x_wconf 87' lang='lat' dir='ltr'>polle</span> <span class='ocrx_word' id='word_1_77' title='bbox 1459 904 1586 971; x_wconf 87' lang='lat' dir='ltr'>fratrem</span> <span class='ocrx_word' id='word_1_78' title='bbox 1606 910 1755 972; x_wconf 86' lang='lat' dir='ltr'>maiorem</span> <span class='ocrx_word' id='word_1_79' title='bbox 1775 954 1786 974; x_wconf 17' lang='lat' dir='ltr'>,a</span> <span class='ocrx_word' id='word_1_80' title='bbox 1810 909 1866 972; x_wconf 82' lang='lat' dir='ltr'>nist</span> <span class='ocrx_word' id='word_1_81' title='bbox 1888 903 1991 973; x_wconf 88' lang='lat' dir='ltr'>absen·</span> 
     </span>
     <span class='ocr_line' id='line_1_7' title="bbox 285 985 1986 1069; baseline 0 -17"><span class='ocrx_word' id='word_1_82' title='bbox 285 1030 344 1067; x_wconf 58' lang='grc' dir='ltr'>,ω</span> <span class='ocrx_word' id='word_1_83' title='bbox 362 1016 393 1069; x_wconf 75' lang='lat' dir='ltr'>fi.</span> <span class='ocrx_word' id='word_1_84' title='bbox 421 1010 460 1053; x_wconf 89' lang='lat' dir='ltr'>eo</span> <span class='ocrx_word' id='word_1_85' title='bbox 489 991 568 1065; x_wconf 89' lang='lat' dir='ltr'>quud</span> <span class='ocrx_word' id='word_1_86' title='bbox 587 990 936 1052; x_wconf 84' lang='lat' dir='ltr'>excommunicationem</span> <span class='ocrx_word' id='word_1_87' title='bbox 959 990 1118 1053; x_wconf 84' lang='lat' dir='ltr'>incurrant</span> <span class='ocrx_word' id='word_1_88' title='bbox 1136 1008 1190 1051; x_wconf 90' lang='lat' dir='ltr'>ca·</span> <span class='ocrx_word' id='word_1_89' title='bbox 1222 1002 1273 1063; x_wconf 90' lang='lat' dir='ltr'>te,</span> <span class='ocrx_word' id='word_1_90' title='bbox 1294 985 1345 1048; x_wconf 91' lang='lat' dir='ltr'>vel</span> <span class='ocrx_word' id='word_1_91' title='bbox 1368 1005 1490 1050; x_wconf 91' lang='lat' dir='ltr'>mortuo</span> <span class='ocrx_word' id='word_1_92' title='bbox 1507 1004 1593 1063; x_wconf 91' lang='lat' dir='ltr'>patre</span> <span class='ocrx_word' id='word_1_93' title='bbox 1606 985 1752 1051; x_wconf 88' lang='lat' dir='ltr'>familiam</span> <span class='ocrx_word' id='word_1_94' title='bbox 1762 987 1938 1063; x_wconf 84' lang='lat' dir='ltr'>gubernet,</span> <span class='ocrx_word' id='word_1_95' title='bbox 1955 988 1986 1048; x_wconf 85' lang='lat' dir='ltr'>in</span> 
     </span>
     <span class='ocr_line' id='line_1_8' title="bbox 285 1063 1987 1152; baseline 0.002 -24"><span class='ocrx_word' id='word_1_96' title='bbox 285 1081 380 1152; x_wconf 70' lang='lat' dir='ltr'>troila</span> <span class='ocrx_word' id='word_1_97' title='bbox 426 1072 544 1132; x_wconf 90' lang='lat' dir='ltr'>nonis:</span> <span class='ocrx_word' id='word_1_98' title='bbox 573 1071 604 1133; x_wconf 85' lang='lat' dir='ltr'>Si</span> <span class='ocrx_word' id='word_1_99' title='bbox 624 1068 688 1146; x_wconf 78' lang='lat' dir='ltr'>quir</span> <span class='ocrx_word' id='word_1_100' title='bbox 703 1065 849 1146; x_wconf 59' lang='lat' dir='ltr'>suaderet·</span> <span class='ocrx_word' id='word_1_101' title='bbox 871 1065 933 1130; x_wconf 64' lang='lat' dir='ltr'>(nc.</span> <span class='ocrx_word' id='word_1_102' title='bbox 964 1067 1004 1131; x_wconf 89' lang='lat' dir='ltr'>Et</span> <span class='ocrx_word' id='word_1_103' title='bbox 1031 1070 1111 1132; x_wconf 88' lang='lat' dir='ltr'>circa</span> <span class='ocrx_word' id='word_1_104' title='bbox 1132 1065 1189 1130; x_wconf 91' lang='lat' dir='ltr'>hoc</span> <span class='ocrx_word' id='word_1_105' title='bbox 1221 1069 1278 1140; x_wconf 75' lang='lat' dir='ltr'>qua</span> <span class='ocrx_word' id='word_1_106' title='bbox 1298 1063 1410 1141; x_wconf 85' lang='lat' dir='ltr'>degunt</span> <span class='ocrx_word' id='word_1_107' title='bbox 1426 1065 1538 1130; x_wconf 84' lang='lat' dir='ltr'>iratres</span> <span class='ocrx_word' id='word_1_108' title='bbox 1556 1069 1710 1144; x_wconf 85' lang='lat' dir='ltr'>minores,</span> <span class='ocrx_word' id='word_1_109' title='bbox 1728 1067 1781 1131; x_wconf 82' lang='lat' dir='ltr'>vel</span> <span class='ocrx_word' id='word_1_110' title='bbox 1801 1065 1865 1145; x_wconf 90' lang='lat' dir='ltr'>ipse</span> <span class='ocrx_word' id='word_1_111' title='bbox 1879 1067 1987 1133; x_wconf 86' lang='lat' dir='ltr'>srtco·</span> 
     </span>
     <span class='ocr_line' id='line_1_9' title="bbox 288 1143 1986 1224; baseline -0.002 -11"><span class='ocrx_word' id='word_1_112' title='bbox 288 1143 369 1193; x_wconf 72' lang='lat'>‘²⁶¹¹‘</span> <span class='ocrx_word' id='word_1_113' title='bbox 425 1154 615 1213; x_wconf 86' lang='lat' dir='ltr'>communior</span> <span class='ocrx_word' id='word_1_114' title='bbox 635 1145 699 1222; x_wconf 87' lang='lat' dir='ltr'>est,</span> <span class='ocrx_word' id='word_1_115' title='bbox 717 1146 839 1222; x_wconf 83' lang='lat' dir='ltr'>quando</span> <span class='ocrx_word' id='word_1_116' title='bbox 857 1165 969 1210; x_wconf 85' lang='lat' dir='ltr'>revera</span> <span class='ocrx_word' id='word_1_117' title='bbox 987 1150 1031 1211; x_wconf 92' lang='lat' dir='ltr'>ita</span> <span class='ocrx_word' id='word_1_118' title='bbox 1052 1167 1098 1211; x_wconf 90' lang='lat' dir='ltr'>res</span> <span class='ocrx_word' id='word_1_119' title='bbox 1123 1149 1188 1211; x_wconf 82' lang='lat' dir='ltr'>exi·</span> <span class='ocrx_word' id='word_1_120' title='bbox 1219 1162 1291 1206; x_wconf 87' lang='lat' dir='ltr'>rum</span> <span class='ocrx_word' id='word_1_121' title='bbox 1310 1159 1420 1205; x_wconf 81' lang='lat' dir='ltr'>tutor.</span> <span class='ocrx_word' id='word_1_122' title='bbox 1437 1144 1521 1208; x_wconf 89' lang='lat' dir='ltr'>Nam</span> <span class='ocrx_word' id='word_1_123' title='bbox 1535 1148 1775 1224; x_wconf 76' lang='lat' dir='ltr'>primogenitura</span> <span class='ocrx_word' id='word_1_124' title='bbox 1793 1166 1860 1211; x_wconf 91' lang='lat' dir='ltr'>non</span> <span class='ocrx_word' id='word_1_125' title='bbox 1877 1147 1986 1213; x_wconf 88' lang='lat' dir='ltr'>datius</span> 
     </span>
     <span class='ocr_line' id='line_1_10' title="bbox 286 1206 1707 1320; baseline -0.001 -30"><span class='ocrx_word' id='word_1_126' title='bbox 286 1206 378 1320; x_wconf 53' lang='lat' dir='ltr'>m·</span> <span class='ocrx_word' id='word_1_127' title='bbox 420 1245 526 1309; x_wconf 87' lang='lat' dir='ltr'>geret,</span> <span class='ocrx_word' id='word_1_128' title='bbox 546 1226 574 1290; x_wconf 91' lang='lat' dir='ltr'>id</span> <span class='ocrx_word' id='word_1_129' title='bbox 596 1228 715 1290; x_wconf 91' lang='lat' dir='ltr'>licitum</span> <span class='ocrx_word' id='word_1_130' title='bbox 734 1228 820 1299; x_wconf 83' lang='lat' dir='ltr'>elie‚·</span> <span class='ocrx_word' id='word_1_131' title='bbox 850 1246 925 1288; x_wconf 86' lang='lat' dir='ltr'>nam</span> <span class='ocrx_word' id='word_1_132' title='bbox 941 1224 962 1285; x_wconf 87' lang='lat' dir='ltr'>sr</span> <span class='ocrx_word' id='word_1_133' title='bbox 979 1226 1034 1291; x_wconf 92' lang='lat' dir='ltr'>boc</span> <span class='ocrx_word' id='word_1_134' title='bbox 1052 1226 1190 1291; x_wconf 87' lang='lat' dir='ltr'>concedi·</span> <span class='ocrx_word' id='word_1_135' title='bbox 1222 1225 1254 1284; x_wconf 92' lang='lat' dir='ltr'>in</span> <span class='ocrx_word' id='word_1_136' title='bbox 1271 1221 1347 1314; x_wconf 77' lang='lat' dir='ltr'>aiios</span> <span class='ocrx_word' id='word_1_137' title='bbox 1364 1221 1426 1296; x_wconf 82' lang='lat' dir='ltr'>nost</span> <span class='ocrx_word' id='word_1_138' title='bbox 1441 1226 1563 1303; x_wconf 80' lang='lat' dir='ltr'>genitos</span> <span class='ocrx_word' id='word_1_139' title='bbox 1581 1221 1707 1290; x_wconf 81' lang='lat' dir='ltr'>fratres.</span> 
     </span>
     <span class='ocr_line' id='line_1_11' title="bbox 424 1299 1984 1385; baseline -0.001 -14"><span class='ocrx_word' id='word_1_140' title='bbox 424 1325 480 1371; x_wconf 89' lang='lat' dir='ltr'>tur</span> <span class='ocrx_word' id='word_1_141' title='bbox 495 1306 645 1385; x_wconf 77' lang='lat' dir='ltr'>magistris</span> <span class='ocrx_word' id='word_1_142' title='bbox 669 1326 781 1370; x_wconf 85' lang='lat' dir='ltr'>contra</span> <span class='ocrx_word' id='word_1_143' title='bbox 797 1302 954 1381; x_wconf 88' lang='lat' dir='ltr'>discipulos</span> <span class='ocrx_word' id='word_1_144' title='bbox 975 1353 984 1380; x_wconf 95' lang='lat'>,</span> <span class='ocrx_word' id='word_1_145' title='bbox 1005 1305 1103 1370; x_wconf 86' lang='lat' dir='ltr'>musto</span> <span class='ocrx_word' id='word_1_146' title='bbox 1124 1329 1191 1371; x_wconf 91' lang='lat' dir='ltr'>ma·</span> <span class='ocrx_word' id='word_1_147' title='bbox 1262 1299 1349 1362; x_wconf 69' lang='lat' dir='ltr'>Circa</span> <span class='ocrx_word' id='word_1_148' title='bbox 1370 1321 1448 1366; x_wconf 84' lang='lat' dir='ltr'>vcro</span> <span class='ocrx_word' id='word_1_149' title='bbox 1474 1306 1780 1383; x_wconf 77' lang='lat' dir='ltr'>incarcerationem,</span> <span class='ocrx_word' id='word_1_150' title='bbox 1807 1321 1930 1369; x_wconf 74' lang='lat' dir='ltr'>cernant</span> <span class='ocrx_word' id='word_1_151' title='bbox 1946 1302 1984 1366; x_wconf 82' lang='lat' dir='ltr'>cst</span> 
     </span>
     <span class='ocr_line' id='line_1_12' title="bbox 423 1379 1984 1464; baseline 0 -19"><span class='ocrx_word' id='word_1_152' title='bbox 423 1389 467 1464; x_wconf 87' lang='lat' dir='ltr'>gis</span> <span class='ocrx_word' id='word_1_153' title='bbox 488 1386 715 1450; x_wconf 86' lang='lat' dir='ltr'>concedendum</span> <span class='ocrx_word' id='word_1_154' title='bbox 738 1384 781 1448; x_wconf 88' lang='lat' dir='ltr'>cst</span> <span class='ocrx_word' id='word_1_155' title='bbox 803 1383 937 1461; x_wconf 88' lang='lat' dir='ltr'>patribus</span> <span class='ocrx_word' id='word_1_156' title='bbox 963 1390 995 1447; x_wconf 91' lang='lat' dir='ltr'>in</span> <span class='ocrx_word' id='word_1_157' title='bbox 1026 1384 1106 1447; x_wconf 84' lang='lat' dir='ltr'>filios</span> <span class='ocrx_word' id='word_1_158' title='bbox 1127 1435 1135 1462; x_wconf 92' lang='lat'>,</span> <span class='ocrx_word' id='word_1_159' title='bbox 1156 1386 1189 1451; x_wconf 73' lang='lat' dir='ltr'>dc</span> <span class='ocrx_word' id='word_1_160' title='bbox 1222 1379 1395 1455; x_wconf 83' lang='lat' dir='ltr'>quodcum</span> <span class='ocrx_word' id='word_1_161' title='bbox 1416 1401 1506 1457; x_wconf 78' lang='lat' dir='ltr'>poena</span> <span class='ocrx_word' id='word_1_162' title='bbox 1528 1382 1729 1447; x_wconf 89' lang='lat' dir='ltr'>huiuscemodi</span> <span class='ocrx_word' id='word_1_163' title='bbox 1751 1382 1863 1461; x_wconf 70' lang='lat' dir='ltr'>spetiet</span> <span class='ocrx_word' id='word_1_164' title='bbox 1889 1383 1926 1448; x_wconf 88' lang='lat' dir='ltr'>ad</span> <span class='ocrx_word' id='word_1_165' title='bbox 1945 1381 1984 1446; x_wconf 93' lang='lat' dir='ltr'>so·</span> 
     </span>
     <span class='ocr_line' id='line_1_13' title="bbox 427 1458 1985 1541; baseline 0.006 -13"><span class='ocrx_word' id='word_1_166' title='bbox 427 1466 483 1529; x_wconf 90' lang='lat' dir='ltr'>boc</span> <span class='ocrx_word' id='word_1_167' title='bbox 513 1482 599 1541; x_wconf 89' lang='lat' dir='ltr'>patet</span> <span class='ocrx_word' id='word_1_168' title='bbox 631 1486 670 1529; x_wconf 87' lang='lat' dir='ltr'>ex</span> <span class='ocrx_word' id='word_1_169' title='bbox 701 1486 765 1540; x_wconf 88' lang='lat' dir='ltr'>cap.</span> <span class='ocrx_word' id='word_1_170' title='bbox 794 1484 860 1527; x_wconf 81' lang='lat' dir='ltr'>cum</span> <span class='ocrx_word' id='word_1_171' title='bbox 888 1466 1041 1528; x_wconf 68' lang='lat' dir='ltr'>minorare</span> <span class='ocrx_word' id='word_1_172' title='bbox 1074 1468 1127 1527; x_wconf 87' lang='lat' dir='ltr'>tit.</span> <span class='ocrx_word' id='word_1_173' title='bbox 1153 1467 1195 1529; x_wconf 81' lang='lat' dir='ltr'>de</span> <span class='ocrx_word' id='word_1_174' title='bbox 1224 1458 1450 1534; x_wconf 65' lang='lat' dir='ltr'>lampssblifflm</span> <span class='ocrx_word' id='word_1_175' title='bbox 1472 1461 1678 1538; x_wconf 80' lang='lat' dir='ltr'>potestatem,</span> <span class='ocrx_word' id='word_1_176' title='bbox 1697 1466 1760 1526; x_wconf 62' lang='lat'>5⁰¹0</span> <span class='ocrx_word' id='word_1_177' title='bbox 1783 1463 1829 1526; x_wconf 64' lang='lat' dir='ltr'>illi</span> <span class='ocrx_word' id='word_1_178' title='bbox 1853 1479 1985 1527; x_wconf 89' lang='lat' dir='ltr'>tantum·</span> 
     </span>
     <span class='ocr_line' id='line_1_14' title="bbox 419 1537 1984 1625; baseline 0.007 -17"><span class='ocrx_word' id='word_1_179' title='bbox 419 1545 550 1625; x_wconf 55' lang='lat' dir='ltr'>sentent,</span> <span class='ocrx_word' id='word_1_180' title='bbox 566 1565 674 1610; x_wconf 83' lang='lat' dir='ltr'>excom.</span> <span class='ocrx_word' id='word_1_181' title='bbox 704 1544 754 1610; x_wconf 88' lang='lat' dir='ltr'>ubi</span> <span class='ocrx_word' id='word_1_182' title='bbox 773 1543 938 1620; x_wconf 82' lang='lat' dir='ltr'>Gregorius</span> <span class='ocrx_word' id='word_1_183' title='bbox 959 1543 1013 1606; x_wconf 82' lang='lat' dir='ltr'>lx.</span> <span class='ocrx_word' id='word_1_184' title='bbox 1037 1543 1190 1622; x_wconf 83' lang='lat' dir='ltr'>poliquam</span> <span class='ocrx_word' id='word_1_185' title='bbox 1222 1537 1315 1601; x_wconf 83' lang='lat' dir='ltr'>modo</span> <span class='ocrx_word' id='word_1_186' title='bbox 1330 1538 1459 1612; x_wconf 72' lang='lat' dir='ltr'>niiblicae</span> <span class='ocrx_word' id='word_1_187' title='bbox 1483 1540 1628 1616; x_wconf 79' lang='lat' dir='ltr'>potestati</span> <span class='ocrx_word' id='word_1_188' title='bbox 1644 1590 1655 1619; x_wconf 65' lang='lat'><em>2</em></span> <span class='ocrx_word' id='word_1_189' title='bbox 1673 1562 1743 1617; x_wconf 58' lang='lat' dir='ltr'>&lt;lut</span> <span class='ocrx_word' id='word_1_190' title='bbox 1763 1542 1876 1621; x_wconf 59' lang='lat' dir='ltr'>1²¹2?st</span> <span class='ocrx_word' id='word_1_191' title='bbox 1898 1537 1984 1619; x_wconf 85' lang='lat' dir='ltr'>perse·</span> 
     </span>
     <span class='ocr_line' id='line_1_15' title="bbox 422 1615 1983 1700; baseline 0.002 -12"><span class='ocrx_word' id='word_1_192' title='bbox 422 1625 592 1688; x_wconf 75' lang='lat' dir='ltr'>declaravit</span> <span class='ocrx_word' id='word_1_193' title='bbox 610 1623 689 1698; x_wconf 77' lang='lat' dir='ltr'>posse</span> <span class='ocrx_word' id='word_1_194' title='bbox 711 1623 795 1687; x_wconf 86' lang='lat' dir='ltr'>licite</span> <span class='ocrx_word' id='word_1_195' title='bbox 811 1642 889 1700; x_wconf 88' lang='lat' dir='ltr'>eos,</span> <span class='ocrx_word' id='word_1_196' title='bbox 912 1625 959 1699; x_wconf 88' lang='lat' dir='ltr'>qui</span> <span class='ocrx_word' id='word_1_197' title='bbox 980 1627 1102 1687; x_wconf 83' lang='lat' dir='ltr'>ratione</span> <span class='ocrx_word' id='word_1_198' title='bbox 1121 1623 1190 1690; x_wconf 85' lang='lat' dir='ltr'>offi·</span> <span class='ocrx_word' id='word_1_199' title='bbox 1223 1617 1277 1680; x_wconf 71' lang='lat' dir='ltr'>iiae</span> <span class='ocrx_word' id='word_1_200' title='bbox 1298 1615 1523 1682; x_wconf 71' lang='lat' dir='ltr'>communitati</span> <span class='ocrx_word' id='word_1_201' title='bbox 1555 1622 1591 1684; x_wconf 85' lang='lat' dir='ltr'>ad</span> <span class='ocrx_word' id='word_1_202' title='bbox 1611 1619 1724 1685; x_wconf 92' lang='lat' dir='ltr'>bonum</span> <span class='ocrx_word' id='word_1_203' title='bbox 1751 1621 1911 1697; x_wconf 86' lang='lat' dir='ltr'>publicum</span> <span class='ocrx_word' id='word_1_204' title='bbox 1937 1636 1983 1698; x_wconf 80' lang='lat' dir='ltr'>nto</span> 
     </span>
     <span class='ocr_line' id='line_1_16' title="bbox 423 1697 1983 1781; baseline 0.001 -12"><span class='ocrx_word' id='word_1_205' title='bbox 423 1706 482 1781; x_wconf 90' lang='lat' dir='ltr'>cii,</span> <span class='ocrx_word' id='word_1_206' title='bbox 501 1703 580 1780; x_wconf 88' lang='lat' dir='ltr'>quod</span> <span class='ocrx_word' id='word_1_207' title='bbox 601 1707 637 1767; x_wconf 83' lang='lat' dir='ltr'>in</span> <span class='ocrx_word' id='word_1_208' title='bbox 649 1702 781 1767; x_wconf 78' lang='lat' dir='ltr'>Ecclesia</span> <span class='ocrx_word' id='word_1_209' title='bbox 795 1701 957 1779; x_wconf 89' lang='lat' dir='ltr'>obtinent,</span> <span class='ocrx_word' id='word_1_210' title='bbox 976 1701 1130 1767; x_wconf 88' lang='lat' dir='ltr'>consulere</span> <span class='ocrx_word' id='word_1_211' title='bbox 1141 1704 1191 1766; x_wconf 86' lang='lat' dir='ltr'>de·</span> <span class='ocrx_word' id='word_1_212' title='bbox 1223 1699 1326 1771; x_wconf 88' lang='lat' dir='ltr'>quiete</span> <span class='ocrx_word' id='word_1_213' title='bbox 1352 1697 1553 1776; x_wconf 61' lang='lat' dir='ltr'>ieipilblicae.</span> <span class='ocrx_word' id='word_1_214' title='bbox 1584 1699 1619 1764; x_wconf 83' lang='lat'>&amp;</span> <span class='ocrx_word' id='word_1_215' title='bbox 1638 1720 1690 1776; x_wconf 74' lang='lat' dir='ltr'>ott</span> <span class='ocrx_word' id='word_1_216' title='bbox 1710 1699 1790 1764; x_wconf 68' lang='lat' dir='ltr'>hanc</span> <span class='ocrx_word' id='word_1_217' title='bbox 1810 1699 1928 1776; x_wconf 74' lang='lat' dir='ltr'>feninea</span> <span class='ocrx_word' id='word_1_218' title='bbox 1946 1700 1983 1762; x_wconf 68' lang='lat' dir='ltr'>st·</span> 
     </span>
    </p>

    <p class='ocr_par' dir='ltr' id='par_1_3' title="bbox 394 1775 1990 2806">
     <span class='ocr_line' id='line_1_17' title="bbox 394 1775 1985 1859; baseline 0 -13"><span class='ocrx_word' id='word_1_219' title='bbox 394 1784 401 1797; x_wconf 90' lang='lat'>&#39;</span> <span class='ocrx_word' id='word_1_220' title='bbox 423 1782 496 1846; x_wconf 81' lang='lat' dir='ltr'>benc</span> <span class='ocrx_word' id='word_1_221' title='bbox 517 1781 657 1846; x_wconf 79' lang='lat' dir='ltr'>Ecclesiae</span> <span class='ocrx_word' id='word_1_222' title='bbox 674 1784 888 1859; x_wconf 81' lang='lat' dir='ltr'>reverentiae,</span> <span class='ocrx_word' id='word_1_223' title='bbox 911 1801 1019 1856; x_wconf 87' lang='lat' dir='ltr'>pueros</span> <span class='ocrx_word' id='word_1_224' title='bbox 1040 1783 1091 1844; x_wconf 90' lang='lat' dir='ltr'>vel</span> <span class='ocrx_word' id='word_1_225' title='bbox 1121 1783 1190 1846; x_wconf 89' lang='lat' dir='ltr'>ado·</span> <span class='ocrx_word' id='word_1_226' title='bbox 1224 1775 1356 1838; x_wconf 89' lang='lat' dir='ltr'>cundum</span> <span class='ocrx_word' id='word_1_227' title='bbox 1375 1777 1514 1841; x_wconf 86' lang='lat' dir='ltr'>ordinem</span> <span class='ocrx_word' id='word_1_228' title='bbox 1539 1778 1688 1856; x_wconf 78' lang='lat' dir='ltr'>iustitiae,</span> <span class='ocrx_word' id='word_1_229' title='bbox 1708 1796 1768 1843; x_wconf 90' lang='lat' dir='ltr'>aut</span> <span class='ocrx_word' id='word_1_230' title='bbox 1788 1782 1822 1842; x_wconf 91' lang='lat' dir='ltr'>in</span> <span class='ocrx_word' id='word_1_231' title='bbox 1849 1799 1985 1855; x_wconf 84' lang='lat' dir='ltr'>poenam.</span> 
     </span>
     <span class='ocr_line' id='line_1_18' title="bbox 425 1855 1984 1936; baseline -0.003 -12"><span class='ocrx_word' id='word_1_232' title='bbox 425 1859 574 1925; x_wconf 86' lang='lat' dir='ltr'>lescentes</span> <span class='ocrx_word' id='word_1_233' title='bbox 594 1865 631 1923; x_wconf 92' lang='lat' dir='ltr'>in.</span> <span class='ocrx_word' id='word_1_234' title='bbox 646 1859 813 1924; x_wconf 87' lang='lat' dir='ltr'>minoribus</span> <span class='ocrx_word' id='word_1_235' title='bbox 832 1859 1014 1923; x_wconf 84' lang='lat' dir='ltr'>constitutos</span> <span class='ocrx_word' id='word_1_236' title='bbox 1031 1860 1190 1926; x_wconf 88' lang='lat' dir='ltr'>turbantes</span> <span class='ocrx_word' id='word_1_237' title='bbox 1224 1871 1278 1918; x_wconf 91' lang='lat' dir='ltr'>aut</span> <span class='ocrx_word' id='word_1_238' title='bbox 1298 1855 1336 1918; x_wconf 85' lang='lat' dir='ltr'>ad</span> <span class='ocrx_word' id='word_1_239' title='bbox 1355 1857 1509 1920; x_wconf 77' lang='lat' dir='ltr'>cautelam</span> <span class='ocrx_word' id='word_1_240' title='bbox 1530 1857 1660 1922; x_wconf 84' lang='lat' dir='ltr'>alicuius</span> <span class='ocrx_word' id='word_1_241' title='bbox 1676 1859 1748 1922; x_wconf 85' lang='lat' dir='ltr'>mali</span> <span class='ocrx_word' id='word_1_242' title='bbox 1762 1860 1907 1936; x_wconf 76' lang='lat' dir='ltr'>vitandi5</span> <span class='ocrx_word' id='word_1_243' title='bbox 1924 1856 1984 1921; x_wconf 87' lang='lat' dir='ltr'>binc</span> 
     </span>
     <span class='ocr_line' id='line_1_19' title="bbox 425 1936 1988 2014; baseline 0.008 -14"><span class='ocrx_word' id='word_1_244' title='bbox 425 1942 565 2002; x_wconf 87' lang='lat' dir='ltr'>divinum</span> <span class='ocrx_word' id='word_1_245' title='bbox 580 1942 715 2004; x_wconf 87' lang='lat' dir='ltr'>officium</span> <span class='ocrx_word' id='word_1_246' title='bbox 734 1941 892 2003; x_wconf 89' lang='lat' dir='ltr'>moderate</span> <span class='ocrx_word' id='word_1_247' title='bbox 912 1957 1072 2014; x_wconf 87' lang='lat' dir='ltr'>percutere</span> <span class='ocrx_word' id='word_1_248' title='bbox 1091 1960 1193 2003; x_wconf 86' lang='lat' dir='ltr'>corre·</span> <span class='ocrx_word' id='word_1_249' title='bbox 1226 1936 1338 1995; x_wconf 70' lang='lat' dir='ltr'>nemini</span> <span class='ocrx_word' id='word_1_250' title='bbox 1370 1939 1494 2010; x_wconf 67' lang='lat' dir='ltr'>ntimo</span> <span class='ocrx_word' id='word_1_251' title='bbox 1522 1937 1596 2001; x_wconf 90' lang='lat' dir='ltr'>licet</span> <span class='ocrx_word' id='word_1_252' title='bbox 1622 1938 1757 2014; x_wconf 61' lang='lat' dir='ltr'>fliium</span> <span class='ocrx_word' id='word_1_253' title='bbox 1780 1941 1988 2012; x_wconf 62' lang='lat' dir='ltr'>incarcerare,</span> 
     </span>
     <span class='ocr_line' id='line_1_20' title="bbox 426 2013 1987 2096; baseline 0.005 -24"><span class='ocrx_word' id='word_1_254' title='bbox 426 2020 545 2096; x_wconf 65' lang='lat' dir='ltr'>peronia.</span> <span class='ocrx_word' id='word_1_255' title='bbox 561 2017 670 2095; x_wconf 72' lang='lat' dir='ltr'>capsa,</span> <span class='ocrx_word' id='word_1_256' title='bbox 691 2019 768 2082; x_wconf 72' lang='lat' dir='ltr'>ficut</span> <span class='ocrx_word' id='word_1_257' title='bbox 788 2015 963 2093; x_wconf 78' lang='lat' dir='ltr'>&amp;idipsum</span> <span class='ocrx_word' id='word_1_258' title='bbox 984 2020 1063 2094; x_wconf 69' lang='lat' dir='ltr'>polle</span> <span class='ocrx_word' id='word_1_259' title='bbox 1078 2019 1191 2082; x_wconf 71' lang='lat' dir='ltr'>Praela·</span> <span class='ocrx_word' id='word_1_260' title='bbox 1227 2013 1275 2073; x_wconf 86' lang='lat' dir='ltr'>vel</span> <span class='ocrx_word' id='word_1_261' title='bbox 1296 2014 1559 2091; x_wconf 82' lang='lat' dir='ltr'>qualitercumque</span> <span class='ocrx_word' id='word_1_262' title='bbox 1584 2014 1724 2080; x_wconf 88' lang='lat' dir='ltr'>detinere</span> <span class='ocrx_word' id='word_1_263' title='bbox 1734 2039 1748 2080; x_wconf 59' lang='grc' dir='ltr'>ε’</span> <span class='ocrx_word' id='word_1_264' title='bbox 1766 2036 1841 2080; x_wconf 88' lang='lat' dir='ltr'>nam</span> <span class='ocrx_word' id='word_1_265' title='bbox 1857 2021 1987 2082; x_wconf 84' lang='lat' dir='ltr'>incarce-</span> 
     </span>
     <span class='ocr_line' id='line_1_21' title="bbox 425 2091 1988 2174; baseline -0.002 -13"><span class='ocrx_word' id='word_1_266' title='bbox 425 2115 474 2161; x_wconf 83' lang='lat' dir='ltr'>tos</span> <span class='ocrx_word' id='word_1_267' title='bbox 495 2116 529 2159; x_wconf 87' lang='lat' dir='ltr'>ac</span> <span class='ocrx_word' id='word_1_268' title='bbox 545 2096 706 2174; x_wconf 84' lang='lat' dir='ltr'>Magistros</span> <span class='ocrx_word' id='word_1_269' title='bbox 725 2099 825 2161; x_wconf 90' lang='lat' dir='ltr'>relate</span> <span class='ocrx_word' id='word_1_270' title='bbox 844 2095 883 2158; x_wconf 86' lang='lat' dir='ltr'>ad</span> <span class='ocrx_word' id='word_1_271' title='bbox 903 2095 1033 2161; x_wconf 87' lang='lat' dir='ltr'>subditos</span> <span class='ocrx_word' id='word_1_272' title='bbox 1057 2097 1091 2162; x_wconf 78' lang='grc' dir='ltr'>ἀ</span> <span class='ocrx_word' id='word_1_273' title='bbox 1110 2096 1195 2160; x_wconf 78' lang='lat' dir='ltr'>scho·</span> <span class='ocrx_word' id='word_1_274' title='bbox 1226 2111 1314 2167; x_wconf 80' lang='lat' dir='ltr'>rare,</span> <span class='ocrx_word' id='word_1_275' title='bbox 1334 2091 1377 2154; x_wconf 88' lang='lat' dir='ltr'>est</span> <span class='ocrx_word' id='word_1_276' title='bbox 1397 2093 1536 2156; x_wconf 90' lang='lat' dir='ltr'>detinere</span> <span class='ocrx_word' id='word_1_277' title='bbox 1554 2094 1706 2158; x_wconf 82' lang='lat' dir='ltr'>bominem</span> <span class='ocrx_word' id='word_1_278' title='bbox 1730 2114 1843 2161; x_wconf 89' lang='lat' dir='ltr'>eontra</span> <span class='ocrx_word' id='word_1_279' title='bbox 1870 2097 1988 2158; x_wconf 87' lang='lat' dir='ltr'>liberta·</span> 
     </span>
     <span class='ocr_line' id='line_1_22' title="bbox 425 2169 1985 2252; baseline 0.001 -15"><span class='ocrx_word' id='word_1_280' title='bbox 425 2176 505 2238; x_wconf 87' lang='lat' dir='ltr'>lares</span> <span class='ocrx_word' id='word_1_281' title='bbox 535 2173 646 2252; x_wconf 83' lang='lat' dir='ltr'>absque</span> <span class='ocrx_word' id='word_1_282' title='bbox 673 2198 711 2240; x_wconf 88' lang='lat' dir='ltr'>eo</span> <span class='ocrx_word' id='word_1_283' title='bbox 737 2177 815 2252; x_wconf 91' lang='lat' dir='ltr'>quod</span> <span class='ocrx_word' id='word_1_284' title='bbox 844 2179 1191 2240; x_wconf 80' lang='lat' dir='ltr'>excommunicationem</span> <span class='ocrx_word' id='word_1_285' title='bbox 1225 2186 1290 2232; x_wconf 81' lang='lat' dir='ltr'>tem</span> <span class='ocrx_word' id='word_1_286' title='bbox 1309 2169 1459 2235; x_wconf 68' lang='lat' dir='ltr'>astionuru</span> <span class='ocrx_word' id='word_1_287' title='bbox 1477 2177 1542 2237; x_wconf 82' lang='lat' dir='ltr'>eius</span> <span class='ocrx_word' id='word_1_288' title='bbox 1561 2221 1576 2248; x_wconf 59' lang='grc'>,,</span> <span class='ocrx_word' id='word_1_289' title='bbox 1596 2195 1724 2250; x_wconf 87' lang='lat' dir='ltr'>quarum</span> <span class='ocrx_word' id='word_1_290' title='bbox 1753 2176 1847 2238; x_wconf 87' lang='lat' dir='ltr'>bomo</span> <span class='ocrx_word' id='word_1_291' title='bbox 1877 2175 1921 2238; x_wconf 88' lang='lat' dir='ltr'>est</span> <span class='ocrx_word' id='word_1_292' title='bbox 1942 2174 1985 2238; x_wconf 83' lang='lat' dir='ltr'>do</span> 
     </span>
     <span class='ocr_line' id='line_1_23' title="bbox 425 2250 1987 2334; baseline 0.001 -19"><span class='ocrx_word' id='word_1_293' title='bbox 425 2257 603 2331; x_wconf 89' lang='lat' dir='ltr'>incurrant;</span> <span class='ocrx_word' id='word_1_294' title='bbox 624 2251 775 2334; x_wconf 87' lang='lat' dir='ltr'>subiungit</span> <span class='ocrx_word' id='word_1_295' title='bbox 803 2258 898 2319; x_wconf 88' lang='lat' dir='ltr'>etiam</span> <span class='ocrx_word' id='word_1_296' title='bbox 921 2256 951 2317; x_wconf 90' lang='lat' dir='ltr'>id</span> <span class='ocrx_word' id='word_1_297' title='bbox 969 2257 1072 2321; x_wconf 87' lang='lat' dir='ltr'>valere</span> <span class='ocrx_word' id='word_1_298' title='bbox 1092 2255 1192 2332; x_wconf 82' lang='lat' dir='ltr'>quoad</span> <span class='ocrx_word' id='word_1_299' title='bbox 1225 2253 1345 2314; x_wconf 62' lang='lat' dir='ltr'>minus,</span> <span class='ocrx_word' id='word_1_300' title='bbox 1362 2250 1460 2330; x_wconf 90' lang='lat' dir='ltr'>lgitur</span> <span class='ocrx_word' id='word_1_301' title='bbox 1479 2251 1543 2315; x_wconf 88' lang='lat' dir='ltr'>srue</span> <span class='ocrx_word' id='word_1_302' title='bbox 1564 2251 1653 2327; x_wconf 80' lang='lat' dir='ltr'>ipfius</span> <span class='ocrx_word' id='word_1_303' title='bbox 1682 2256 1798 2316; x_wconf 88' lang='lat' dir='ltr'>iniuria</span> <span class='ocrx_word' id='word_1_304' title='bbox 1824 2258 1936 2330; x_wconf 87' lang='lat' dir='ltr'>nequit</span> <span class='ocrx_word' id='word_1_305' title='bbox 1952 2252 1987 2317; x_wconf 84' lang='lat' dir='ltr'>ab</span> 
     </span>
     <span class='ocr_line' id='line_1_24' title="bbox 412 2329 1984 2414; baseline -0.001 -18"><span class='ocrx_word' id='word_1_306' title='bbox 412 2330 690 2414; x_wconf 83' lang='lat' dir='ltr'>patresfamilias,</span> <span class='ocrx_word' id='word_1_307' title='bbox 713 2333 733 2396; x_wconf 87' lang='lat' dir='ltr'>sr</span> <span class='ocrx_word' id='word_1_308' title='bbox 756 2335 813 2398; x_wconf 88' lang='lat' dir='ltr'>hoe</span> <span class='ocrx_word' id='word_1_309' title='bbox 838 2333 953 2399; x_wconf 89' lang='lat' dir='ltr'>saciant</span> <span class='ocrx_word' id='word_1_310' title='bbox 977 2351 1013 2398; x_wconf 93' lang='lat' dir='ltr'>ut</span> <span class='ocrx_word' id='word_1_311' title='bbox 1033 2337 1190 2410; x_wconf 89' lang='lat' dir='ltr'>propinqui</span> <span class='ocrx_word' id='word_1_312' title='bbox 1226 2329 1286 2392; x_wconf 91' lang='lat' dir='ltr'>illis</span> <span class='ocrx_word' id='word_1_313' title='bbox 1311 2329 1474 2408; x_wconf 58' lang='lat' dir='ltr'>imtediri,</span> <span class='ocrx_word' id='word_1_314' title='bbox 1497 2331 1551 2392; x_wconf 87' lang='lat' dir='ltr'>nisr</span> <span class='ocrx_word' id='word_1_315' title='bbox 1576 2331 1614 2395; x_wconf 92' lang='lat' dir='ltr'>ab</span> <span class='ocrx_word' id='word_1_316' title='bbox 1637 2335 1749 2409; x_wconf 85' lang='lat' dir='ltr'>coqui</span> <span class='ocrx_word' id='word_1_317' title='bbox 1779 2332 1872 2398; x_wconf 92' lang='lat' dir='ltr'>babet</span> <span class='ocrx_word' id='word_1_318' title='bbox 1904 2336 1984 2406; x_wconf 81' lang='lat' dir='ltr'>super</span> 
     </span>
     <span class='ocr_line' id='line_1_25' title="bbox 408 2406 1987 2494; baseline 0 -20"><span class='ocrx_word' id='word_1_319' title='bbox 408 2430 414 2439; x_wconf 74' lang='grc'>·’</span> <span class='ocrx_word' id='word_1_320' title='bbox 425 2411 575 2489; x_wconf 74' lang='lat' dir='ltr'>graduum</span> <span class='ocrx_word' id='word_1_321' title='bbox 594 2411 773 2478; x_wconf 81' lang='lat' dir='ltr'>inferiorum</span> <span class='ocrx_word' id='word_1_322' title='bbox 787 2411 972 2476; x_wconf 77' lang='lat' dir='ltr'>cohibeantur</span> <span class='ocrx_word' id='word_1_323' title='bbox 998 2435 1017 2475; x_wconf 82' lang='lat' dir='ltr'>a</span> <span class='ocrx_word' id='word_1_324' title='bbox 1030 2413 1095 2490; x_wconf 80' lang='lat' dir='ltr'>suis</span> <span class='ocrx_word' id='word_1_325' title='bbox 1116 2412 1190 2494; x_wconf 82' lang='lat' dir='ltr'>inso-</span> <span class='ocrx_word' id='word_1_326' title='bbox 1225 2430 1296 2473; x_wconf 83' lang='lat' dir='ltr'>eum</span> <span class='ocrx_word' id='word_1_327' title='bbox 1316 2406 1576 2485; x_wconf 67' lang='lat' dir='ltr'>iurisdisiioncm‚</span> <span class='ocrx_word' id='word_1_328' title='bbox 1609 2409 1660 2475; x_wconf 90' lang='lat' dir='ltr'>seu</span> <span class='ocrx_word' id='word_1_329' title='bbox 1689 2411 1839 2486; x_wconf 84' lang='lat' dir='ltr'>publicam</span> <span class='ocrx_word' id='word_1_330' title='bbox 1861 2411 1987 2487; x_wconf 85' lang='lat' dir='ltr'>potesla-</span> 
     </span>
     <span class='ocr_line' id='line_1_26' title="bbox 425 2488 1988 2571; baseline 0.001 -17"><span class='ocrx_word' id='word_1_331' title='bbox 425 2491 553 2567; x_wconf 82' lang='lat' dir='ltr'>lerrn&#39;is,</span> <span class='ocrx_word' id='word_1_332' title='bbox 582 2489 622 2556; x_wconf 68' lang='lat'>(5</span> <span class='ocrx_word' id='word_1_333' title='bbox 640 2490 776 2569; x_wconf 77' lang='lat' dir='ltr'>scientiis</span> <span class='ocrx_word' id='word_1_334' title='bbox 803 2492 936 2569; x_wconf 79' lang='lat' dir='ltr'>bonisque</span> <span class='ocrx_word' id='word_1_335' title='bbox 955 2492 1081 2557; x_wconf 85' lang='lat' dir='ltr'>moribus</span> <span class='ocrx_word' id='word_1_336' title='bbox 1101 2491 1192 2571; x_wconf 69' lang='lat' dir='ltr'>infor·</span> <span class='ocrx_word' id='word_1_337' title='bbox 1227 2506 1310 2564; x_wconf 89' lang='lat' dir='ltr'>tem,</span> <span class='ocrx_word' id='word_1_338' title='bbox 1329 2508 1396 2562; x_wconf 84' lang='lat' dir='ltr'>quae</span> <span class='ocrx_word' id='word_1_339' title='bbox 1423 2488 1483 2553; x_wconf 91' lang='lat' dir='ltr'>sola</span> <span class='ocrx_word' id='word_1_340' title='bbox 1508 2489 1720 2553; x_wconf 89' lang='lat' dir='ltr'>universaliter</span> <span class='ocrx_word' id='word_1_341' title='bbox 1747 2491 1785 2553; x_wconf 89' lang='lat' dir='ltr'>de</span> <span class='ocrx_word' id='word_1_342' title='bbox 1810 2491 1939 2567; x_wconf 67' lang='lat' dir='ltr'>astibus,</span> <span class='ocrx_word' id='word_1_343' title='bbox 1956 2489 1988 2555; x_wconf 83' lang='lat' dir='ltr'>dr</span> 
     </span>
     <span class='ocr_line' id='line_1_27' title="bbox 425 2567 1987 2648; baseline 0 -16"><span class='ocrx_word' id='word_1_344' title='bbox 425 2581 574 2632; x_wconf 76' lang='lat' dir='ltr'>meritur.</span> <span class='ocrx_word' id='word_1_345' title='bbox 605 2570 645 2633; x_wconf 88' lang='lat' dir='ltr'>Et</span> <span class='ocrx_word' id='word_1_346' title='bbox 675 2569 780 2633; x_wconf 82' lang='lat' dir='ltr'>imilla</span> <span class='ocrx_word' id='word_1_347' title='bbox 811 2569 902 2634; x_wconf 89' lang='lat' dir='ltr'>babet</span> <span class='ocrx_word' id='word_1_348' title='bbox 933 2572 1107 2635; x_wconf 82' lang='lat' dir='ltr'>Alexander</span> <span class='ocrx_word' id='word_1_349' title='bbox 1136 2571 1191 2632; x_wconf 84' lang='lat' dir='ltr'>lsi.</span> <span class='ocrx_word' id='word_1_350' title='bbox 1227 2571 1296 2631; x_wconf 86' lang='lat' dir='ltr'>vita</span> <span class='ocrx_word' id='word_1_351' title='bbox 1318 2568 1442 2630; x_wconf 85' lang='lat' dir='ltr'>alterius</span> <span class='ocrx_word' id='word_1_352' title='bbox 1463 2567 1617 2644; x_wconf 82' lang='lat' dir='ltr'>disponere</span> <span class='ocrx_word' id='word_1_353' title='bbox 1638 2569 1757 2648; x_wconf 84' lang='lat' dir='ltr'>potest.</span> <span class='ocrx_word' id='word_1_354' title='bbox 1777 2570 1872 2646; x_wconf 81' lang='lat' dir='ltr'>Quod</span> <span class='ocrx_word' id='word_1_355' title='bbox 1893 2586 1987 2635; x_wconf 87' lang='lat' dir='ltr'>autern</span> 
     </span>
     <span class='ocr_line' id='line_1_28' title="bbox 426 2643 1987 2729; baseline 0.001 -19"><span class='ocrx_word' id='word_1_356' title='bbox 426 2668 492 2721; x_wconf 76' lang='lat' dir='ltr'>cap</span> <span class='ocrx_word' id='word_1_357' title='bbox 513 2652 676 2712; x_wconf 76' lang='lat' dir='ltr'>Exteriore</span> <span class='ocrx_word' id='word_1_358' title='bbox 696 2651 828 2713; x_wconf 73' lang='lat' dir='ltr'>rireod.</span> <span class='ocrx_word' id='word_1_359' title='bbox 850 2651 894 2713; x_wconf 87' lang='lat' dir='ltr'>Et</span> <span class='ocrx_word' id='word_1_360' title='bbox 913 2649 952 2715; x_wconf 83' lang='lat' dir='ltr'>fic</span> <span class='ocrx_word' id='word_1_361' title='bbox 972 2651 1106 2714; x_wconf 91' lang='lat' dir='ltr'>sentiunt</span> <span class='ocrx_word' id='word_1_362' title='bbox 1122 2651 1194 2729; x_wconf 87' lang='lat' dir='ltr'>Syl·</span> <span class='ocrx_word' id='word_1_363' title='bbox 1227 2643 1354 2724; x_wconf 85' lang='lat' dir='ltr'>poteslas</span> <span class='ocrx_word' id='word_1_364' title='bbox 1377 2646 1494 2723; x_wconf 91' lang='lat' dir='ltr'>publica</span> <span class='ocrx_word' id='word_1_365' title='bbox 1511 2652 1697 2712; x_wconf 86' lang='lat' dir='ltr'>incarcerare</span> <span class='ocrx_word' id='word_1_366' title='bbox 1722 2647 1813 2727; x_wconf 80' lang='lat' dir='ltr'>possit</span> <span class='ocrx_word' id='word_1_367' title='bbox 1836 2698 1845 2726; x_wconf 93' lang='lat'>,</span> <span class='ocrx_word' id='word_1_368' title='bbox 1869 2645 1987 2715; x_wconf 81' lang='lat' dir='ltr'>manist-</span> 
     </span>
     <span class='ocr_line' id='line_1_29' title="bbox 428 2724 1990 2806; baseline 0.001 -16"><span class='ocrx_word' id='word_1_369' title='bbox 428 2724 547 2802; x_wconf 81' lang='lat' dir='ltr'>vester,</span> <span class='ocrx_word' id='word_1_370' title='bbox 564 2728 709 2806; x_wconf 87' lang='lat' dir='ltr'>Bannez,</span> <span class='ocrx_word' id='word_1_371' title='bbox 727 2731 847 2793; x_wconf 78' lang='lat' dir='ltr'>Suarea</span> <span class='ocrx_word' id='word_1_372' title='bbox 861 2729 921 2794; x_wconf 77' lang='lat' dir='ltr'>&amp;c</span> <span class='ocrx_word' id='word_1_373' title='bbox 945 2730 1087 2794; x_wconf 88' lang='lat' dir='ltr'>Salonius</span> <span class='ocrx_word' id='word_1_374' title='bbox 1117 2750 1194 2792; x_wconf 89' lang='lat' dir='ltr'>vero</span> <span class='ocrx_word' id='word_1_375' title='bbox 1227 2725 1384 2788; x_wconf 82' lang='lat' dir='ltr'>stumesl:</span> <span class='ocrx_word' id='word_1_376' title='bbox 1406 2730 1522 2789; x_wconf 89' lang='lat' dir='ltr'>etenim</span> <span class='ocrx_word' id='word_1_377' title='bbox 1548 2725 1568 2787; x_wconf 87' lang='lat' dir='ltr'>sr</span> <span class='ocrx_word' id='word_1_378' title='bbox 1587 2748 1639 2803; x_wconf 91' lang='lat' dir='ltr'>per</span> <span class='ocrx_word' id='word_1_379' title='bbox 1654 2728 1855 2805; x_wconf 77' lang='lat' dir='ltr'>occisionem,</span> <span class='ocrx_word' id='word_1_380' title='bbox 1874 2730 1990 2793; x_wconf 86' lang='lat' dir='ltr'>velmu·</span> 
     </span>
    </p>

    <p class='ocr_par' dir='ltr' id='par_1_4' title="bbox 426 2804 1989 2886">
     <span class='ocr_line' id='line_1_30' title="bbox 426 2804 1989 2886; baseline 0.004 -21"><span class='ocrx_word' id='word_1_381' title='bbox 426 2806 457 2866; x_wconf 93' lang='lat' dir='ltr'>id</span> <span class='ocrx_word' id='word_1_382' title='bbox 478 2804 595 2868; x_wconf 87' lang='lat' dir='ltr'>limitat</span> <span class='ocrx_word' id='word_1_383' title='bbox 611 2824 647 2871; x_wconf 90' lang='lat' dir='ltr'>ut</span> <span class='ocrx_word' id='word_1_384' title='bbox 668 2827 725 2871; x_wconf 88' lang='lat' dir='ltr'>nec</span> <span class='ocrx_word' id='word_1_385' title='bbox 754 2809 946 2884; x_wconf 87' lang='lat' dir='ltr'>parentibus,</span> <span class='ocrx_word' id='word_1_386' title='bbox 968 2830 1024 2873; x_wconf 89' lang='lat' dir='ltr'>nec</span> <span class='ocrx_word' id='word_1_387' title='bbox 1047 2808 1192 2886; x_wconf 85' lang='lat' dir='ltr'>magistris</span> <span class='ocrx_word' id='word_1_388' title='bbox 1227 2806 1403 2869; x_wconf 86' lang='lat' dir='ltr'>tiiatiouem</span> <span class='ocrx_word' id='word_1_389' title='bbox 1429 2809 1599 2884; x_wconf 83' lang='lat' dir='ltr'>integritati</span> <span class='ocrx_word' id='word_1_390' title='bbox 1619 2810 1753 2883; x_wconf 83' lang='lat' dir='ltr'>corporis</span> <span class='ocrx_word' id='word_1_391' title='bbox 1784 2826 1900 2881; x_wconf 69' lang='lat' dir='ltr'>uouere</span> <span class='ocrx_word' id='word_1_392' title='bbox 1928 2825 1989 2885; x_wconf 91' lang='lat' dir='ltr'>pot·</span> 
     </span>
    </p>

    <p class='ocr_par' dir='ltr' id='par_1_5' title="bbox 424 2883 1996 2965">
     <span class='ocr_line' id='line_1_31' title="bbox 424 2883 1996 2965; baseline 0.003 -19"><span class='ocrx_word' id='word_1_393' title='bbox 424 2883 520 2946; x_wconf 80' lang='lat' dir='ltr'>liccat</span> <span class='ocrx_word' id='word_1_394' title='bbox 541 2885 706 2951; x_wconf 89' lang='lat' dir='ltr'>verberare</span> <span class='ocrx_word' id='word_1_395' title='bbox 725 2886 808 2951; x_wconf 86' lang='lat' dir='ltr'>filios</span> <span class='ocrx_word' id='word_1_396' title='bbox 828 2910 862 2950; x_wconf 88' lang='lat' dir='ltr'>ac</span> <span class='ocrx_word' id='word_1_397' title='bbox 883 2888 1047 2965; x_wconf 79' lang='lat' dir='ltr'>discipulos</span> <span class='ocrx_word' id='word_1_398' title='bbox 1069 2889 1192 2964; x_wconf 86' lang='lat' dir='ltr'>presby·-</span> <span class='ocrx_word' id='word_1_399' title='bbox 1226 2884 1268 2947; x_wconf 89' lang='lat' dir='ltr'>est</span> <span class='ocrx_word' id='word_1_400' title='bbox 1289 2933 1304 2960; x_wconf 92' lang='lat'>,.</span> <span class='ocrx_word' id='word_1_401' title='bbox 1328 2886 1380 2947; x_wconf 87' lang='lat' dir='ltr'>vel</span> <span class='ocrx_word' id='word_1_402' title='bbox 1418 2904 1469 2960; x_wconf 89' lang='lat' dir='ltr'>per</span> <span class='ocrx_word' id='word_1_403' title='bbox 1498 2886 1744 2949; x_wconf 87' lang='lat' dir='ltr'>verberationem</span> <span class='ocrx_word' id='word_1_404' title='bbox 1774 2900 1790 2964; x_wconf 74' lang='lat'>,¹</span> <span class='ocrx_word' id='word_1_405' title='bbox 1822 2887 1996 2952; x_wconf 70' lang='lat' dir='ltr'>delectaru-</span> 
     </span>
    </p>

    <p class='ocr_par' dir='ltr' id='par_1_6' title="bbox 425 2963 1993 3046">
     <span class='ocr_line' id='line_1_32' title="bbox 425 2963 1993 3046; baseline 0.003 -21"><span class='ocrx_word' id='word_1_406' title='bbox 425 2978 516 3027; x_wconf 83' lang='lat' dir='ltr'>teros·</span> <span class='ocrx_word' id='word_1_407' title='bbox 531 2963 571 3029; x_wconf 91' lang='lat' dir='ltr'>ob</span> <span class='ocrx_word' id='word_1_408' title='bbox 590 2965 770 3043; x_wconf 86' lang='lat' dir='ltr'>dignitatem</span> <span class='ocrx_word' id='word_1_409' title='bbox 789 2967 932 3044; x_wconf 87' lang='lat' dir='ltr'>Ordinis,</span> <span class='ocrx_word' id='word_1_410' title='bbox 952 2971 1003 3046; x_wconf 93' lang='lat' dir='ltr'>qui</span> <span class='ocrx_word' id='word_1_411' title='bbox 1025 2967 1104 3032; x_wconf 86' lang='lat' dir='ltr'>filios</span> <span class='ocrx_word' id='word_1_412' title='bbox 1125 2970 1192 3029; x_wconf 86' lang='lat' dir='ltr'>exi·</span> <span class='ocrx_word' id='word_1_413' title='bbox 1233 2983 1303 3027; x_wconf 88' lang='lat' dir='ltr'>nem</span> <span class='ocrx_word' id='word_1_414' title='bbox 1318 3012 1331 3039; x_wconf 88' lang='lat'>,</span> <span class='ocrx_word' id='word_1_415' title='bbox 1356 2963 1405 3027; x_wconf 88' lang='lat' dir='ltr'>vel</span> <span class='ocrx_word' id='word_1_416' title='bbox 1434 2967 1567 3039; x_wconf 90' lang='lat' dir='ltr'>quietem</span> <span class='ocrx_word' id='word_1_417' title='bbox 1583 2964 1683 3030; x_wconf 89' lang='lat' dir='ltr'>sensus</span> <span class='ocrx_word' id='word_1_418' title='bbox 1703 2965 1851 3041; x_wconf 86' lang='lat' dir='ltr'>impedire</span> <span class='ocrx_word' id='word_1_419' title='bbox 1872 2989 1885 3044; x_wconf 91' lang='lat'>,·</span> <span class='ocrx_word' id='word_1_420' title='bbox 1903 2969 1993 3031; x_wconf 84' lang='lat' dir='ltr'>multo</span> 
     </span>
    </p>

    <p class='ocr_par' dir='ltr' id='par_1_7' title="bbox 427 3043 1994 3134">
     <span class='ocr_line' id='line_1_33' title="bbox 427 3043 1994 3134; baseline 0.006 -32"><span class='ocrx_word' id='word_1_421' title='bbox 427 3045 486 3107; x_wconf 87' lang='lat' dir='ltr'>mit</span> <span class='ocrx_word' id='word_1_422' title='bbox 507 3064 525 3105; x_wconf 94' lang='lat' dir='ltr'>a</span> <span class='ocrx_word' id='word_1_423' title='bbox 546 3050 646 3119; x_wconf 85' lang='lat' dir='ltr'>patria</span> <span class='ocrx_word' id='word_1_424' title='bbox 666 3046 840 3122; x_wconf 86' lang='lat' dir='ltr'>potestate.</span> <span class='ocrx_word' id='word_1_425' title='bbox 861 3047 949 3110; x_wconf 88' lang='lat' dir='ltr'>Circa</span> <span class='ocrx_word' id='word_1_426' title='bbox 972 3067 1053 3111; x_wconf 88' lang='lat' dir='ltr'>vero</span> <span class='ocrx_word' id='word_1_427' title='bbox 1076 3044 1193 3123; x_wconf 87' lang='lat' dir='ltr'>percus·</span> <span class='ocrx_word' id='word_1_428' title='bbox 1208 3085 1212 3134; x_wconf 63' lang='grc' dir='ltr'>Ι</span> <span class='ocrx_word' id='word_1_429' title='bbox 1228 3047 1321 3121; x_wconf 81' lang='lat' dir='ltr'>magis</span> <span class='ocrx_word' id='word_1_430' title='bbox 1339 3043 1484 3119; x_wconf 88' lang='lat' dir='ltr'>impedire</span> <span class='ocrx_word' id='word_1_431' title='bbox 1506 3046 1590 3108; x_wconf 86' lang='lat' dir='ltr'>valet</span> <span class='ocrx_word' id='word_1_432' title='bbox 1611 3062 1728 3110; x_wconf 90' lang='lat' dir='ltr'>motum</span> <span class='ocrx_word' id='word_1_433' title='bbox 1750 3045 1785 3110; x_wconf 80' lang='lat' dir='ltr'>dc</span> <span class='ocrx_word' id='word_1_434' title='bbox 1803 3048 1892 3111; x_wconf 88' lang='lat' dir='ltr'>usum</span> <span class='ocrx_word' id='word_1_435' title='bbox 1907 3067 1994 3112; x_wconf 86' lang='lat' dir='ltr'>mern·</span> 
     </span>
    </p>

    <p class='ocr_par' dir='ltr' id='par_1_8' title="bbox 427 3120 1997 3202">
     <span class='ocr_line' id='line_1_34' title="bbox 427 3120 1997 3202; baseline 0.006 -20"><span class='ocrx_word' id='word_1_436' title='bbox 427 3120 560 3197; x_wconf 84' lang='lat' dir='ltr'>sionem,</span> <span class='ocrx_word' id='word_1_437' title='bbox 580 3144 728 3196; x_wconf 85' lang='lat' dir='ltr'>quaenam-</span> <span class='ocrx_word' id='word_1_438' title='bbox 738 3129 769 3187; x_wconf 92' lang='lat' dir='ltr'>in</span> <span class='ocrx_word' id='word_1_439' title='bbox 791 3125 848 3187; x_wconf 91' lang='lat' dir='ltr'>hoc</span> <span class='ocrx_word' id='word_1_440' title='bbox 870 3126 1021 3202; x_wconf 77' lang='lat' dir='ltr'>proposito</span> <span class='ocrx_word' id='word_1_441' title='bbox 1049 3126 1193 3191; x_wconf 88' lang='lat' dir='ltr'>censenda</span> <span class='ocrx_word' id='word_1_442' title='bbox 1228 3122 1351 3186; x_wconf 89' lang='lat' dir='ltr'>brorum</span> <span class='ocrx_word' id='word_1_443' title='bbox 1377 3145 1435 3199; x_wconf 90' lang='lat' dir='ltr'>per</span> <span class='ocrx_word' id='word_1_444' title='bbox 1459 3125 1673 3201; x_wconf 83' lang='lat' dir='ltr'>ligationem,</span> <span class='ocrx_word' id='word_1_445' title='bbox 1697 3126 1753 3189; x_wconf 90' lang='lat' dir='ltr'>vel</span> <span class='ocrx_word' id='word_1_446' title='bbox 1781 3127 1997 3192; x_wconf 77' lang='lat' dir='ltr'>incarceratio-</span> 
     </span>
    </p>

    <p class='ocr_par' dir='ltr' id='par_1_9' title="bbox 426 3199 1992 3281">
     <span class='ocr_line' id='line_1_35' title="bbox 426 3199 1992 3281; baseline 0.005 -21"><span class='ocrx_word' id='word_1_447' title='bbox 426 3199 464 3263; x_wconf 83' lang='lat' dir='ltr'>sit</span> <span class='ocrx_word' id='word_1_448' title='bbox 485 3200 563 3263; x_wconf 89' lang='lat' dir='ltr'>levis</span> <span class='ocrx_word' id='word_1_449' title='bbox 586 3200 768 3278; x_wconf 88' lang='lat' dir='ltr'>,respondet</span> <span class='ocrx_word' id='word_1_450' title='bbox 790 3203 910 3280; x_wconf 85' lang='lat' dir='ltr'>Sylvius</span> <span class='ocrx_word' id='word_1_451' title='bbox 936 3205 1011 3269; x_wconf 87' lang='lat' dir='ltr'>hanc</span> <span class='ocrx_word' id='word_1_452' title='bbox 1040 3207 1194 3280; x_wconf 91' lang='lat' dir='ltr'>quantita·</span> <span class='ocrx_word' id='word_1_453' title='bbox 1229 3220 1322 3264; x_wconf 76' lang='lat' dir='ltr'>nem.</span> <span class='ocrx_word' id='word_1_454' title='bbox 1341 3203 1474 3267; x_wconf 78' lang='lat' dir='ltr'>Accedit</span> <span class='ocrx_word' id='word_1_455' title='bbox 1498 3203 1582 3279; x_wconf 91' lang='lat' dir='ltr'>quod</span> <span class='ocrx_word' id='word_1_456' title='bbox 1600 3207 1706 3281; x_wconf 89' lang='lat' dir='ltr'>punire</span> <span class='ocrx_word' id='word_1_457' title='bbox 1724 3201 1937 3271; x_wconf 75' lang='lat' dir='ltr'>malefactores</span> <span class='ocrx_word' id='word_1_458' title='bbox 1954 3202 1992 3269; x_wconf 78' lang='lat' dir='ltr'>esi</span> 
     </span>
    </p>

    <p class='ocr_par' dir='ltr' id='par_1_10' title="bbox 426 3278 1992 3360">
     <span class='ocr_line' id='line_1_36' title="bbox 426 3278 1992 3360; baseline 0.006 -21"><span class='ocrx_word' id='word_1_459' title='bbox 426 3295 493 3340; x_wconf 86' lang='lat' dir='ltr'>rem</span> <span class='ocrx_word' id='word_1_460' title='bbox 514 3298 577 3341; x_wconf 93' lang='lat' dir='ltr'>non</span> <span class='ocrx_word' id='word_1_461' title='bbox 593 3280 659 3342; x_wconf 85' lang='lat' dir='ltr'>esse</span> <span class='ocrx_word' id='word_1_462' title='bbox 675 3278 870 3356; x_wconf 87' lang='lat' dir='ltr'>absolutam,</span> <span class='ocrx_word' id='word_1_463' title='bbox 901 3281 950 3346; x_wconf 92' lang='lat' dir='ltr'>sed</span> <span class='ocrx_word' id='word_1_464' title='bbox 969 3282 1193 3359; x_wconf 73' lang='lat' dir='ltr'>respectivam,</span> <span class='ocrx_word' id='word_1_465' title='bbox 1233 3280 1365 3359; x_wconf 84' lang='lat' dir='ltr'>publitae·</span> <span class='ocrx_word' id='word_1_466' title='bbox 1387 3280 1573 3356; x_wconf 86' lang='lat' dir='ltr'>potestatis.</span> <span class='ocrx_word' id='word_1_467' title='bbox 1595 3285 1647 3348; x_wconf 80' lang='lat' dir='ltr'>Ad·</span> <span class='ocrx_word' id='word_1_468' title='bbox 1667 3303 1720 3348; x_wconf 82' lang='lat' dir='ltr'>eos</span> <span class='ocrx_word' id='word_1_469' title='bbox 1741 3302 1847 3348; x_wconf 90' lang='lat' dir='ltr'>autem</span> <span class='ocrx_word' id='word_1_470' title='bbox 1873 3288 1992 3360; x_wconf 87' lang='lat' dir='ltr'>punien-</span> 
     </span>
    </p>

    <p class='ocr_par' dir='ltr' id='par_1_11' title="bbox 426 3360 1992 3439">
     <span class='ocr_line' id='line_1_37' title="bbox 426 3360 1992 3439; baseline 0.007 -21"><span class='ocrx_word' id='word_1_471' title='bbox 426 3375 537 3432; x_wconf 88' lang='lat' dir='ltr'>nempe</span> <span class='ocrx_word' id='word_1_472' title='bbox 559 3361 824 3434; x_wconf 85' lang='lat' dir='ltr'>proportionatam</span> <span class='ocrx_word' id='word_1_473' title='bbox 841 3364 958 3424; x_wconf 90' lang='lat' dir='ltr'>muneri</span> <span class='ocrx_word' id='word_1_474' title='bbox 978 3366 1046 3426; x_wconf 89' lang='lat' dir='ltr'>elus</span> <span class='ocrx_word' id='word_1_475' title='bbox 1058 3410 1074 3438; x_wconf 93' lang='lat'>,.</span> <span class='ocrx_word' id='word_1_476' title='bbox 1086 3364 1202 3437; x_wconf 86' lang='lat' dir='ltr'>quica··.</span> <span class='ocrx_word' id='word_1_477' title='bbox 1229 3363 1287 3422; x_wconf 90' lang='lat' dir='ltr'>dos</span> <span class='ocrx_word' id='word_1_478' title='bbox 1303 3362 1427 3424; x_wconf 80' lang='lat' dir='ltr'>necesse·</span> <span class='ocrx_word' id='word_1_479' title='bbox 1441 3360 1484 3424; x_wconf 88' lang='lat' dir='ltr'>est</span> <span class='ocrx_word' id='word_1_480' title='bbox 1503 3361 1581 3439; x_wconf 92' lang='lat' dir='ltr'>quod</span> <span class='ocrx_word' id='word_1_481' title='bbox 1603 3362 1827 3439; x_wconf 89' lang='lat' dir='ltr'>detineantur,</span> <span class='ocrx_word' id='word_1_482' title='bbox 1843 3362 1886 3429; x_wconf 75' lang='grc' dir='ltr'>ὅτ</span> <span class='ocrx_word' id='word_1_483' title='bbox 1901 3367 1992 3430; x_wconf 85' lang='lat' dir='ltr'>incar·</span> 
     </span>
    </p>

    <p class='ocr_par' dir='ltr' id='par_1_12' title="bbox 425 3434 1998 3520">
     <span class='ocr_line' id='line_1_38' title="bbox 425 3434 1998 3520; baseline 0.009 -24"><span class='ocrx_word' id='word_1_484' title='bbox 425 3434 460 3496; x_wconf 80' lang='lat' dir='ltr'>sii</span> <span class='ocrx_word' id='word_1_485' title='bbox 484 3453 597 3510; x_wconf 88' lang='lat' dir='ltr'>at,ac</span> <span class='ocrx_word' id='word_1_486' title='bbox 616 3436 859 3514; x_wconf 81' lang='lat' dir='ltr'>personae,quae·</span> <span class='ocrx_word' id='word_1_487' title='bbox 873 3440 1038 3518; x_wconf 79' lang='lat' dir='ltr'>castigatur</span> <span class='ocrx_word' id='word_1_488' title='bbox 1060 3438 1195 3519; x_wconf 72' lang='lat' dir='ltr'>‚defini</span> <span class='ocrx_word' id='word_1_489' title='bbox 1228 3456 1388 3514; x_wconf 77' lang='lat' dir='ltr'>ceremur,</span> <span class='ocrx_word' id='word_1_490' title='bbox 1409 3437 1473 3505; x_wconf 86' lang='lat' dir='ltr'>srve</span> <span class='ocrx_word' id='word_1_491' title='bbox 1493 3444 1523 3503; x_wconf 91' lang='lat' dir='ltr'>in</span> <span class='ocrx_word' id='word_1_492' title='bbox 1550 3440 1786 3520; x_wconf 84' lang='lat' dir='ltr'>poenam,.s1ve</span> <span class='ocrx_word' id='word_1_493' title='bbox 1809 3462 1853 3507; x_wconf 84' lang='lat' dir='ltr'>ex</span> <span class='ocrx_word' id='word_1_494' title='bbox 1920 3442 1998 3510; x_wconf 76' lang='lat' dir='ltr'>ando</span> 
     </span>
    </p>

    <p class='ocr_par' dir='ltr' id='par_1_13' title="bbox 427 3456 1995 3602">
     <span class='ocr_line' id='line_1_39' title="bbox 427 3456 1995 3602; baseline 0.009 -27"><span class='ocrx_word' id='word_1_495' title='bbox 427 3456 610 3592; x_wconf 69' lang='lat' dir='ltr'>disciplina,</span> <span class='ocrx_word' id='word_1_496' title='bbox 632 3517 682 3579; x_wconf 89' lang='lat' dir='ltr'>seu</span> <span class='ocrx_word' id='word_1_497' title='bbox 697 3516 890 3582; x_wconf 66' lang='lat' dir='ltr'>correctionis</span> <span class='ocrx_word' id='word_1_498' title='bbox 912 3536 1079 3595; x_wconf 65' lang='lat' dir='ltr'>paterna.</span> <span class='ocrx_word' id='word_1_499' title='bbox 1104 3519 1196 3596; x_wconf 87' lang='lat' dir='ltr'>Quod</span> <span class='ocrx_word' id='word_1_500' title='bbox 1229 3520 1302 3582; x_wconf 92' lang='lat' dir='ltr'>dum</span> <span class='ocrx_word' id='word_1_501' title='bbox 1322 3520 1510 3597; x_wconf 79' lang='lat' dir='ltr'>cognoscitur</span> <span class='ocrx_word' id='word_1_502' title='bbox 1529 3520 1567 3583; x_wconf 87' lang='lat' dir='ltr'>de</span> <span class='ocrx_word' id='word_1_503' title='bbox 1595 3522 1717 3596; x_wconf 80' lang='lat' dir='ltr'>caussa,</span> <span class='ocrx_word' id='word_1_504' title='bbox 1742 3540 1781 3585; x_wconf 90' lang='lat' dir='ltr'>ut</span> <span class='ocrx_word' id='word_1_505' title='bbox 1867 3543 1910 3588; x_wconf 83' lang='lat' dir='ltr'>ta·</span> <span class='ocrx_word' id='word_1_506' title='bbox 1929 3542 1995 3602; x_wconf 76' lang='lat' dir='ltr'>gra·</span> 
     </span>
    </p>

    <p class='ocr_par' dir='ltr' id='par_1_14' title="bbox 427 3591 1997 3679">
     <span class='ocr_line' id='line_1_40' title="bbox 427 3591 1997 3679; baseline 0.006 -23"><span class='ocrx_word' id='word_1_507' title='bbox 427 3591 448 3655; x_wconf 83' lang='lat' dir='ltr'>si</span> <span class='ocrx_word' id='word_1_508' title='bbox 471 3612 578 3670; x_wconf 88' lang='lat' dir='ltr'>pater,</span> <span class='ocrx_word' id='word_1_509' title='bbox 598 3597 648 3658; x_wconf 89' lang='lat' dir='ltr'>vel</span> <span class='ocrx_word' id='word_1_510' title='bbox 680 3598 821 3675; x_wconf 84' lang='lat' dir='ltr'>magister</span> <span class='ocrx_word' id='word_1_511' title='bbox 851 3600 1014 3675; x_wconf 90' lang='lat' dir='ltr'>paululum</span> <span class='ocrx_word' id='word_1_512' title='bbox 1034 3603 1195 3664; x_wconf 84' lang='lat' dir='ltr'>excesserit</span> <span class='ocrx_word' id='word_1_513' title='bbox 1230 3601 1310 3663; x_wconf 88' lang='lat' dir='ltr'>viuri</span> <span class='ocrx_word' id='word_1_514' title='bbox 1333 3619 1424 3676; x_wconf 80' lang='lat' dir='ltr'>poena</span> <span class='ocrx_word' id='word_1_515' title='bbox 1448 3598 1629 3664; x_wconf 67' lang='lat' dir='ltr'>mulctentur</span> <span class='ocrx_word' id='word_1_516' title='bbox 1651 3602 1775 3664; x_wconf 82' lang='lat' dir='ltr'>..Licet</span> <span class='ocrx_word' id='word_1_517' title='bbox 1802 3600 1935 3679; x_wconf 84' lang='lat' dir='ltr'>insuper·</span> <span class='ocrx_word' id='word_1_518' title='bbox 1950 3598 1997 3664; x_wconf 84' lang='lat' dir='ltr'>se·</span> 
     </span>
    </p>

    <p class='ocr_par' dir='ltr' id='par_1_15' title="bbox 428 3673 1999 3759">
     <span class='ocr_line' id='line_1_41' title="bbox 428 3673 1999 3759; baseline 0.009 -26"><span class='ocrx_word' id='word_1_519' title='bbox 428 3676 460 3759; x_wconf 89' lang='lat' dir='ltr'>in</span> <span class='ocrx_word' id='word_1_520' title='bbox 486 3673 658 3753; x_wconf 83' lang='lat' dir='ltr'>castigando</span> <span class='ocrx_word' id='word_1_521' title='bbox 679 3680 774 3740; x_wconf 90' lang='lat' dir='ltr'>etiam</span> <span class='ocrx_word' id='word_1_522' title='bbox 798 3675 955 3754; x_wconf 81' lang='lat' dir='ltr'>usque-ad</span> <span class='ocrx_word' id='word_1_523' title='bbox 976 3677 1126 3758; x_wconf 83' lang='lat' dir='ltr'>sanguinis</span> <span class='ocrx_word' id='word_1_524' title='bbox 1153 3674 1196 3741; x_wconf 87' lang='lat' dir='ltr'>es·</span> <span class='ocrx_word' id='word_1_525' title='bbox 1229 3679 1361 3742; x_wconf 90' lang='lat' dir='ltr'>cundum</span> <span class='ocrx_word' id='word_1_526' title='bbox 1380 3678 1516 3742; x_wconf 89' lang='lat' dir='ltr'>ordinem</span> <span class='ocrx_word' id='word_1_527' title='bbox 1532 3678 1695 3745; x_wconf 88' lang='lat' dir='ltr'>charitatis</span> <span class='ocrx_word' id='word_1_528' title='bbox 1714 3681 1812 3744; x_wconf 90' lang='lat' dir='ltr'>alium</span> <span class='ocrx_word' id='word_1_529' title='bbox 1841 3682 1999 3747; x_wconf 69' lang='lat' dir='ltr'>edernae·</span> 
     </span>
    </p>

    <p class='ocr_par' dir='ltr' id='par_1_16' title="bbox 424 3749 1999 3838">
     <span class='ocr_line' id='line_1_42' title="bbox 424 3749 1999 3838; baseline 0.004 -22"><span class='ocrx_word' id='word_1_530' title='bbox 424 3749 593 3830; x_wconf 80' lang='lat' dir='ltr'>firsronem,</span> <span class='ocrx_word' id='word_1_531' title='bbox 613 3754 634 3817; x_wconf 86' lang='lat' dir='ltr'>sr</span> <span class='ocrx_word' id='word_1_532' title='bbox 653 3755 711 3819; x_wconf 92' lang='lat' dir='ltr'>boc</span> <span class='ocrx_word' id='word_1_533' title='bbox 730 3761 894 3837; x_wconf 90' lang='lat' dir='ltr'>contigerit</span> <span class='ocrx_word' id='word_1_534' title='bbox 910 3776 1029 3835; x_wconf 45' lang='lat' dir='ltr'>praeter*</span> <span class='ocrx_word' id='word_1_535' title='bbox 1048 3756 1134 3822; x_wconf 91' lang='lat' dir='ltr'>suam</span> <span class='ocrx_word' id='word_1_536' title='bbox 1150 3763 1196 3819; x_wconf 90' lang='lat' dir='ltr'>in·</span> <span class='ocrx_word' id='word_1_537' title='bbox 1233 3761 1291 3821; x_wconf 89' lang='lat' dir='ltr'>lam</span> <span class='ocrx_word' id='word_1_538' title='bbox 1311 3758 1450 3823; x_wconf 90' lang='lat' dir='ltr'>detinere</span> <span class='ocrx_word' id='word_1_539' title='bbox 1474 3757 1558 3836; x_wconf 84' lang='lat' dir='ltr'>,vei</span> <span class='ocrx_word' id='word_1_540' title='bbox 1582 3759 1755 3834; x_wconf 88' lang='lat' dir='ltr'>includere,</span> <span class='ocrx_word' id='word_1_541' title='bbox 1775 3779 1814 3822; x_wconf 89' lang='lat' dir='ltr'>ne</span> <span class='ocrx_word' id='word_1_542' title='bbox 1842 3757 1894 3824; x_wconf 89' lang='lat' dir='ltr'>srbi</span> <span class='ocrx_word' id='word_1_543' title='bbox 1917 3773 1999 3838; x_wconf 73' lang='lat' dir='ltr'>,ant</span> 
     </span>
    </p>

    <p class='ocr_par' dir='ltr' id='par_1_17' title="bbox 426 3834 1995 3915">
     <span class='ocr_line' id='line_1_43' title="bbox 426 3834 1995 3915; baseline 0.003 -20"><span class='ocrx_word' id='word_1_544' title='bbox 426 3836 618 3907; x_wconf 86' lang='lat' dir='ltr'>tentionem,</span> <span class='ocrx_word' id='word_1_545' title='bbox 651 3854 713 3899; x_wconf 93' lang='lat' dir='ltr'>non</span> <span class='ocrx_word' id='word_1_546' title='bbox 742 3836 787 3899; x_wconf 87' lang='lat' dir='ltr'>eil</span> <span class='ocrx_word' id='word_1_547' title='bbox 813 3834 985 3901; x_wconf 84' lang='lat' dir='ltr'>censendus</span> <span class='ocrx_word' id='word_1_548' title='bbox 1006 3839 1139 3902; x_wconf 85' lang='lat' dir='ltr'>incidere</span> <span class='ocrx_word' id='word_1_549' title='bbox 1164 3841 1196 3899; x_wconf 89' lang='lat' dir='ltr'>in</span> <span class='ocrx_word' id='word_1_550' title='bbox 1231 3839 1322 3902; x_wconf 86' lang='lat' dir='ltr'>alteri</span> <span class='ocrx_word' id='word_1_551' title='bbox 1340 3855 1468 3915; x_wconf 85' lang='lat' dir='ltr'>noceat,</span> <span class='ocrx_word' id='word_1_552' title='bbox 1484 3855 1519 3900; x_wconf 94' lang='lat' dir='ltr'>ut</span> <span class='ocrx_word' id='word_1_553' title='bbox 1538 3835 1559 3897; x_wconf 86' lang='lat' dir='ltr'>sr</span> <span class='ocrx_word' id='word_1_554' title='bbox 1579 3834 1684 3902; x_wconf 84' lang='lat' dir='ltr'>facere</span> <span class='ocrx_word' id='word_1_555' title='bbox 1697 3837 1799 3902; x_wconf 86' lang='lat' dir='ltr'>vellet</span> <span class='ocrx_word' id='word_1_556' title='bbox 1814 3840 1934 3905; x_wconf 88' lang='lat' dir='ltr'>malum</span> <span class='ocrx_word' id='word_1_557' title='bbox 1945 3837 1995 3903; x_wconf 82' lang='lat' dir='ltr'>ali·</span> 
     </span>
    </p>

    <p class='ocr_par' dir='ltr' id='par_1_18' title="bbox 423 3916 2001 3996">
     <span class='ocr_line' id='line_1_44' title="bbox 423 3916 2001 3996; baseline 0.006 -22"><span class='ocrx_word' id='word_1_558' title='bbox 423 3916 797 3993; x_wconf 81' lang='lat' dir='ltr'>excommunicationem,</span> <span class='ocrx_word' id='word_1_559' title='bbox 812 3934 923 3993; x_wconf 86' lang='lat' dir='ltr'>utpote</span> <span class='ocrx_word' id='word_1_560' title='bbox 939 3924 989 3992; x_wconf 92' lang='lat' dir='ltr'>qui</span> <span class='ocrx_word' id='word_1_561' title='bbox 1005 3939 1131 3995; x_wconf 88' lang='lat' dir='ltr'>operam</span> <span class='ocrx_word' id='word_1_562' title='bbox 1142 3918 1197 3981; x_wconf 88' lang='lat' dir='ltr'>da·</span> <span class='ocrx_word' id='word_1_563' title='bbox 1229 3920 1308 3994; x_wconf 92' lang='lat' dir='ltr'>quod</span> <span class='ocrx_word' id='word_1_564' title='bbox 1326 3916 1451 3981; x_wconf 78' lang='lat' dir='ltr'>iustitiae</span> <span class='ocrx_word' id='word_1_565' title='bbox 1471 3937 1668 3995; x_wconf 80' lang='lat' dir='ltr'>repugnans,</span> <span class='ocrx_word' id='word_1_566' title='bbox 1679 3917 1732 3982; x_wconf 78' lang='lat' dir='ltr'>vei</span> <span class='ocrx_word' id='word_1_567' title='bbox 1755 3918 1844 3996; x_wconf 86' lang='lat' dir='ltr'>quod</span> <span class='ocrx_word' id='word_1_568' title='bbox 1860 3931 2001 3983; x_wconf 78' lang='lat' dir='ltr'>vertertt</span> 
     </span>
    </p>

    <p class='ocr_par' dir='ltr' id='par_1_19' title="bbox 427 3990 2001 4075">
     <span class='ocr_line' id='line_1_45' title="bbox 427 3990 2001 4075; baseline 0.007 -23"><span class='ocrx_word' id='word_1_569' title='bbox 427 4008 474 4053; x_wconf 84' lang='lat' dir='ltr'>ret</span> <span class='ocrx_word' id='word_1_570' title='bbox 495 3992 544 4054; x_wconf 87' lang='lat' dir='ltr'>rei</span> <span class='ocrx_word' id='word_1_571' title='bbox 557 3990 677 4069; x_wconf 82' lang='lat' dir='ltr'>licitae,</span> <span class='ocrx_word' id='word_1_572' title='bbox 697 4014 752 4057; x_wconf 87' lang='lat' dir='ltr'>nec</span> <span class='ocrx_word' id='word_1_573' title='bbox 769 3994 856 4069; x_wconf 77' lang='lat' dir='ltr'>possit</span> <span class='ocrx_word' id='word_1_574' title='bbox 876 3996 967 4059; x_wconf 88' lang='lat' dir='ltr'>homo</span> <span class='ocrx_word' id='word_1_575' title='bbox 986 3999 1046 4059; x_wconf 84' lang='lat' dir='ltr'>elle</span> <span class='ocrx_word' id='word_1_576' title='bbox 1064 4016 1130 4059; x_wconf 91' lang='lat' dir='ltr'>tam</span> <span class='ocrx_word' id='word_1_577' title='bbox 1150 4017 1198 4061; x_wconf 89' lang='lat' dir='ltr'>at·</span> <span class='ocrx_word' id='word_1_578' title='bbox 1231 4003 1263 4060; x_wconf 90' lang='lat' dir='ltr'>in</span> <span class='ocrx_word' id='word_1_579' title='bbox 1284 3995 1458 4061; x_wconf 89' lang='lat' dir='ltr'>scandalum</span> <span class='ocrx_word' id='word_1_580' title='bbox 1472 3999 1721 4072; x_wconf 83' lang='lat' dir='ltr'>communitatis,</span> <span class='ocrx_word' id='word_1_581' title='bbox 1742 3996 1778 4061; x_wconf 75' lang='grc' dir='ltr'>ἀ</span> <span class='ocrx_word' id='word_1_582' title='bbox 1799 3996 1975 4075; x_wconf 77' lang='lat' dir='ltr'>pusillorum</span> <span class='ocrx_word' id='word_1_583' title='bbox 1984 4013 2001 4064; x_wconf 67' lang='grc' dir='ltr'>ἱ·</span> 
     </span>
    </p>

    <p class='ocr_par' dir='ltr' id='par_1_20' title="bbox 426 4073 1996 4156">
     <span class='ocr_line' id='line_1_46' title="bbox 426 4073 1996 4156; baseline 0.006 -26"><span class='ocrx_word' id='word_1_584' title='bbox 426 4085 553 4146; x_wconf 84' lang='lat' dir='ltr'>centus,</span> <span class='ocrx_word' id='word_1_585' title='bbox 575 4090 611 4134; x_wconf 91' lang='lat' dir='ltr'>ur</span> <span class='ocrx_word' id='word_1_586' title='bbox 633 4074 728 4137; x_wconf 81' lang='lat' dir='ltr'>nullo·</span> <span class='ocrx_word' id='word_1_587' title='bbox 741 4074 831 4137; x_wconf 91' lang='lat' dir='ltr'>modo</span> <span class='ocrx_word' id='word_1_588' title='bbox 854 4073 985 4139; x_wconf 85' lang='lat' dir='ltr'>excedat</span> <span class='ocrx_word' id='word_1_589' title='bbox 1016 4076 1145 4139; x_wconf 85' lang='lat' dir='ltr'>limites.</span> <span class='ocrx_word' id='word_1_590' title='bbox 1166 4077 1196 4138; x_wconf 75' lang='lat' dir='ltr'>n</span> <span class='ocrx_word' id='word_1_591' title='bbox 1232 4083 1269 4140; x_wconf 85' lang='lat' dir='ltr'>in</span> <span class='ocrx_word' id='word_1_592' title='bbox 1294 4097 1355 4153; x_wconf 90' lang='lat' dir='ltr'>quo</span> <span class='ocrx_word' id='word_1_593' title='bbox 1382 4076 1451 4139; x_wconf 89' lang='lat' dir='ltr'>casu</span> <span class='ocrx_word' id='word_1_594' title='bbox 1476 4076 1585 4139; x_wconf 88' lang='lat' dir='ltr'>liceret</span> <span class='ocrx_word' id='word_1_595' title='bbox 1610 4078 1706 4139; x_wconf 89' lang='lat' dir='ltr'>etiam</span> <span class='ocrx_word' id='word_1_596' title='bbox 1735 4076 1852 4141; x_wconf 88' lang='lat' dir='ltr'>homini</span> <span class='ocrx_word' id='word_1_597' title='bbox 1878 4079 1996 4156; x_wconf 80' lang='lat' dir='ltr'>privato</span> 
     </span>
    </p>

    <p class='ocr_par' dir='ltr' id='par_1_21' title="bbox 425 4151 2003 4232">
     <span class='ocr_line' id='line_1_47' title="bbox 425 4151 2003 4232; baseline 0.005 -22"><span class='ocrx_word' id='word_1_598' title='bbox 425 4164 531 4211; x_wconf 87' lang='lat' dir='ltr'>tamen</span> <span class='ocrx_word' id='word_1_599' title='bbox 549 4152 684 4216; x_wconf 72' lang='lat' dir='ltr'>excellirs</span> <span class='ocrx_word' id='word_1_600' title='bbox 701 4151 780 4217; x_wconf 88' lang='lat' dir='ltr'>eliet</span> <span class='ocrx_word' id='word_1_601' title='bbox 794 4153 956 4230; x_wconf 81' lang='lat' dir='ltr'>notabilis,</span> <span class='ocrx_word' id='word_1_602' title='bbox 971 4158 1059 4218; x_wconf 82' lang='lat' dir='ltr'>iuxta</span> <span class='ocrx_word' id='word_1_603' title='bbox 1071 4156 1201 4220; x_wconf 91' lang='lat' dir='ltr'>Domin..</span> <span class='ocrx_word' id='word_1_604' title='bbox 1230 4157 1325 4220; x_wconf 87' lang='lat' dir='ltr'>alium</span> <span class='ocrx_word' id='word_1_605' title='bbox 1340 4156 1498 4232; x_wconf 89' lang='lat' dir='ltr'>detinere,</span> <span class='ocrx_word' id='word_1_606' title='bbox 1520 4156 1670 4232; x_wconf 90' lang='lat' dir='ltr'>quamdiu·</span> <span class='ocrx_word' id='word_1_607' title='bbox 1691 4156 1868 4231; x_wconf 88' lang='lat' dir='ltr'>periculum</span> <span class='ocrx_word' id='word_1_608' title='bbox 1881 4158 1974 4221; x_wconf 85' lang='lat' dir='ltr'>durat</span> <span class='ocrx_word' id='word_1_609' title='bbox 1987 4199 2003 4229; x_wconf 76' lang='lat'>‚-</span> 
     </span>
    </p>

    <p class='ocr_par' dir='ltr' id='par_1_22' title="bbox 427 4226 1998 4377">
     <span class='ocr_line' id='line_1_48' title="bbox 427 4226 1998 4377; baseline 0.006 -90"><span class='ocrx_word' id='word_1_610' title='bbox 427 4226 563 4320; x_wconf 77' lang='lat' dir='ltr'>Surum,</span> <span class='ocrx_word' id='word_1_611' title='bbox 580 4230 791 4296; x_wconf 81' lang='lat' dir='ltr'>&amp;Salonium</span> <span class='ocrx_word' id='word_1_612' title='bbox 804 4234 956 4299; x_wconf 89' lang='lat' dir='ltr'>incideret.</span> <span class='ocrx_word' id='word_1_613' title='bbox 969 4237 1001 4296; x_wconf 91' lang='lat' dir='ltr'>in</span> <span class='ocrx_word' id='word_1_614' title='bbox 1021 4254 1196 4301; x_wconf 88' lang='lat' dir='ltr'>excommu·</span> <span class='ocrx_word' id='word_1_615' title='bbox 1232 4254 1302 4377; x_wconf 84' lang='lat' dir='ltr'>autd</span> <span class='ocrx_word' id='word_1_616' title='bbox 1310 4233 1422 4299; x_wconf 87' lang='lat' dir='ltr'>saltem</span> <span class='ocrx_word' id='word_1_617' title='bbox 1451 4235 1548 4299; x_wconf 88' lang='lat' dir='ltr'>donee</span> <span class='ocrx_word' id='word_1_618' title='bbox 1571 4230 1718 4311; x_wconf 85' lang='lat' dir='ltr'>superiori</span> <span class='ocrx_word' id='word_1_619' title='bbox 1747 4235 1896 4312; x_wconf 82' lang='lat' dir='ltr'>potestati</span> <span class='ocrx_word' id='word_1_620' title='bbox 1926 4254 1998 4299; x_wconf 88' lang='lat' dir='ltr'>eum</span> 
     </span>
    </p>

    <p class='ocr_par' dir='ltr' id='par_1_23' title="bbox 430 4326 1363 4380">
     <span class='ocr_line' id='line_1_49' title="bbox 430 4326 1363 4380; baseline 0.013 -12"><span class='ocrx_word' id='word_1_621' title='bbox 430 4326 641 4372; x_wconf 86' lang='lat' dir='ltr'>meatronem.</span> <span class='ocrx_word' id='word_1_622' title='bbox 1233 4335 1283 4379; x_wconf 90' lang='lat' dir='ltr'>tra</span> <span class='ocrx_word' id='word_1_623' title='bbox 1306 4333 1363 4380; x_wconf 83' lang='lat' dir='ltr'>at..</span> 
     </span>
    </p>

    <p class='ocr_par' dir='ltr' id='par_1_24' title="bbox 254 4386 2046 4870">
     <span class='ocr_line' id='line_1_50' title="bbox 334 4386 2046 4479; baseline 0.002 -24"><span class='ocrx_word' id='word_1_624' title='bbox 334 4403 418 4479; x_wconf 66' lang='lat' dir='ltr'>ldae·</span> <span class='ocrx_word' id='word_1_625' title='bbox 469 4386 556 4451; x_wconf 88' lang='lat' dir='ltr'>Num</span> <span class='ocrx_word' id='word_1_626' title='bbox 581 4410 657 4453; x_wconf 87' lang='lat' dir='ltr'>vero</span> <span class='ocrx_word' id='word_1_627' title='bbox 684 4390 776 4456; x_wconf 91' lang='lat' dir='ltr'>liceat</span> <span class='ocrx_word' id='word_1_628' title='bbox 797 4396 918 4457; x_wconf 86' lang='lat' dir='ltr'>marito·</span> <span class='ocrx_word' id='word_1_629' title='bbox 936 4392 1199 4459; x_wconf 82' lang='lat' dir='ltr'>verberareuxo·</span> <span class='ocrx_word' id='word_1_630' title='bbox 1272 4395 1356 4457; x_wconf 89' lang='lat' dir='ltr'>Num</span> <span class='ocrx_word' id='word_1_631' title='bbox 1372 4414 1447 4458; x_wconf 91' lang='lat' dir='ltr'>vero</span> <span class='ocrx_word' id='word_1_632' title='bbox 1464 4394 1561 4457; x_wconf 89' lang='lat' dir='ltr'>liceat</span> <span class='ocrx_word' id='word_1_633' title='bbox 1577 4396 1700 4469; x_wconf 87' lang='lat' dir='ltr'>privato</span> <span class='ocrx_word' id='word_1_634' title='bbox 1725 4394 1860 4471; x_wconf 85' lang='lat' dir='ltr'>aliquem</span> <span class='ocrx_word' id='word_1_635' title='bbox 1879 4394 1998 4459; x_wconf 80' lang='lat' dir='ltr'>detine·</span> <span class='ocrx_word' id='word_1_636' title='bbox 2014 4395 2046 4458; x_wconf 65' lang='lat' dir='ltr'>d</span> 
     </span>
     <span class='ocr_line' id='line_1_51' title="bbox 318 4466 2046 4553; baseline 0.007 -24"><span class='ocrx_word' id='word_1_637' title='bbox 318 4480 394 4519; x_wconf 70' lang='lat' dir='ltr'>tuto·</span> <span class='ocrx_word' id='word_1_638' title='bbox 430 4467 568 4544; x_wconf 79' lang='lat' dir='ltr'>rem,&amp;</span> <span class='ocrx_word' id='word_1_639' title='bbox 588 4466 672 4533; x_wconf 92' lang='lat' dir='ltr'>sratri</span> <span class='ocrx_word' id='word_1_640' title='bbox 690 4487 765 4536; x_wconf 86' lang='lat' dir='ltr'>natu</span> <span class='ocrx_word' id='word_1_641' title='bbox 785 4475 890 4536; x_wconf 91' lang='lat' dir='ltr'>maiori</span> <span class='ocrx_word' id='word_1_642' title='bbox 914 4471 1023 4537; x_wconf 83' lang='lat' dir='ltr'>sratres</span> <span class='ocrx_word' id='word_1_643' title='bbox 1048 4477 1196 4550; x_wconf 84' lang='lat' dir='ltr'>minoret,</span> <span class='ocrx_word' id='word_1_644' title='bbox 1234 4494 1271 4537; x_wconf 84' lang='lat' dir='ltr'>re</span> <span class='ocrx_word' id='word_1_645' title='bbox 1285 4479 1341 4552; x_wconf 93' lang='lat' dir='ltr'>qui·</span> <span class='ocrx_word' id='word_1_646' title='bbox 1353 4491 1527 4553; x_wconf 84' lang='lat' dir='ltr'>patraturus</span> <span class='ocrx_word' id='word_1_647' title='bbox 1548 4470 1585 4536; x_wconf 84' lang='lat' dir='ltr'>srt</span> <span class='ocrx_word' id='word_1_648' title='bbox 1611 4491 1772 4551; x_wconf 88' lang='lat' dir='ltr'>peccatum</span> <span class='ocrx_word' id='word_1_649' title='bbox 1794 4521 1803 4549; x_wconf 93' lang='lat'>,</span> <span class='ocrx_word' id='word_1_650' title='bbox 1827 4473 1911 4551; x_wconf 86' lang='lat' dir='ltr'>quod</span> <span class='ocrx_word' id='word_1_651' title='bbox 1940 4475 2046 4542; x_wconf 64' lang='lat' dir='ltr'>taint?¹</span> 
     </span>
     <span class='ocr_line' id='line_1_52' title="bbox 285 4540 2046 4659; baseline 0.006 -52"><span class='ocrx_word' id='word_1_652' title='bbox 285 4540 407 4646; x_wconf 50' lang='grc' dir='ltr'>ἓξὲξ.</span> <span class='ocrx_word' id='word_1_653' title='bbox 429 4546 527 4619; x_wconf 88' lang='lat' dir='ltr'>quoad</span> <span class='ocrx_word' id='word_1_654' title='bbox 553 4553 683 4621; x_wconf 88' lang='lat' dir='ltr'>primum</span> <span class='ocrx_word' id='word_1_655' title='bbox 711 4551 781 4614; x_wconf 90' lang='lat' dir='ltr'>vult</span> <span class='ocrx_word' id='word_1_656' title='bbox 801 4551 926 4635; x_wconf 82' lang='lat' dir='ltr'>Sylvius</span> <span class='ocrx_word' id='word_1_657' title='bbox 949 4554 1111 4630; x_wconf 83' lang='lat' dir='ltr'>aliquando</span> <span class='ocrx_word' id='word_1_658' title='bbox 1137 4556 1196 4617; x_wconf 90' lang='lat' dir='ltr'>lici·</span> <span class='ocrx_word' id='word_1_659' title='bbox 1232 4554 1276 4617; x_wconf 88' lang='lat' dir='ltr'>est</span> <span class='ocrx_word' id='word_1_660' title='bbox 1298 4571 1410 4618; x_wconf 45' lang='lat' dir='ltr'>contra*</span> <span class='ocrx_word' id='word_1_661' title='bbox 1437 4552 1584 4617; x_wconf 87' lang='lat' dir='ltr'>iustitiam</span> <span class='ocrx_word' id='word_1_662' title='bbox 1602 4602 1617 4631; x_wconf 93' lang='lat'>,.</span> <span class='ocrx_word' id='word_1_663' title='bbox 1639 4572 1737 4629; x_wconf 88' lang='lat' dir='ltr'>neque</span> <span class='ocrx_word' id='word_1_664' title='bbox 1764 4550 2046 4659; x_wconf 42' lang='lat' dir='ltr'>scandalosuuqq,</span> 
     </span>
     <span class='ocr_line' id='line_1_53' title="bbox 286 4626 2046 4711; baseline 0.005 -24"><span class='ocrx_word' id='word_1_665' title='bbox 286 4666 315 4704; x_wconf 48' lang='grc' dir='ltr'>,ς</span> <span class='ocrx_word' id='word_1_666' title='bbox 328 4632 418 4710; x_wconf 56' lang='lat' dir='ltr'>m·</span> <span class='ocrx_word' id='word_1_667' title='bbox 428 4639 503 4687; x_wconf 90' lang='lat' dir='ltr'>tum·</span> <span class='ocrx_word' id='word_1_668' title='bbox 520 4627 601 4700; x_wconf 86' lang='lat' dir='ltr'>else,</span> <span class='ocrx_word' id='word_1_669' title='bbox 622 4626 643 4689; x_wconf 88' lang='lat' dir='ltr'>sr</span> <span class='ocrx_word' id='word_1_670' title='bbox 663 4631 814 4693; x_wconf 83' lang='lat' dir='ltr'>nimirum·</span> <span class='ocrx_word' id='word_1_671' title='bbox 838 4651 916 4695; x_wconf 82' lang='lat' dir='ltr'>uxor</span> <span class='ocrx_word' id='word_1_672' title='bbox 946 4637 1088 4710; x_wconf 88' lang='lat' dir='ltr'>graviter·</span> <span class='ocrx_word' id='word_1_673' title='bbox 1103 4635 1204 4697; x_wconf 77' lang='lat' dir='ltr'>delin-</span> <span class='ocrx_word' id='word_1_674' title='bbox 1232 4631 1281 4697; x_wconf 82' lang='lat' dir='ltr'>sed</span> <span class='ocrx_word' id='word_1_675' title='bbox 1298 4633 1349 4698; x_wconf 83' lang='lat' dir='ltr'>vel</span> <span class='ocrx_word' id='word_1_676' title='bbox 1370 4651 1479 4698; x_wconf 90' lang='lat' dir='ltr'>contra</span> <span class='ocrx_word' id='word_1_677' title='bbox 1497 4632 1706 4711; x_wconf 83' lang='lat' dir='ltr'>castitatem,</span> <span class='ocrx_word' id='word_1_678' title='bbox 1730 4634 1783 4697; x_wconf 86' lang='lat' dir='ltr'>vel</span> <span class='ocrx_word' id='word_1_679' title='bbox 1799 4634 1909 4699; x_wconf 84' lang='lat' dir='ltr'>:aliam</span> <span class='ocrx_word' id='word_1_680' title='bbox 1925 4631 2046 4708; x_wconf 61' lang='lat' dir='ltr'>simum</span> 
     </span>
     <span class='ocr_line' id='line_1_54' title="bbox 254 4710 2046 4792; baseline 0.005 -22"><span class='ocrx_word' id='word_1_681' title='bbox 254 4761 261 4770; x_wconf 94' lang='lat'>.</span> <span class='ocrx_word' id='word_1_682' title='bbox 286 4728 326 4767; x_wconf 72' lang='lat' dir='ltr'>rra</span> <span class='ocrx_word' id='word_1_683' title='bbox 345 4736 388 4772; x_wconf 69' lang='lat' dir='ltr'>aa.</span> <span class='ocrx_word' id='word_1_684' title='bbox 428 4719 502 4777; x_wconf 74' lang='lat' dir='ltr'>quat</span> <span class='ocrx_word' id='word_1_685' title='bbox 523 4750 539 4778; x_wconf 90' lang='lat'>,.</span> <span class='ocrx_word' id='word_1_686' title='bbox 558 4726 662 4782; x_wconf 89' lang='lat' dir='ltr'>neque</span> <span class='ocrx_word' id='word_1_687' title='bbox 683 4710 776 4772; x_wconf 90' lang='lat' dir='ltr'>aliter</span> <span class='ocrx_word' id='word_1_688' title='bbox 801 4713 910 4789; x_wconf 83' lang='lat' dir='ltr'>corrigi</span> <span class='ocrx_word' id='word_1_689' title='bbox 937 4714 1029 4790; x_wconf 83' lang='lat' dir='ltr'>possit</span> <span class='ocrx_word' id='word_1_690' title='bbox 1048 4762 1066 4792; x_wconf 90' lang='lat'>,.</span> <span class='ocrx_word' id='word_1_691' title='bbox 1085 4713 1118 4778; x_wconf 76' lang='grc' dir='ltr'>ἀ</span> <span class='ocrx_word' id='word_1_692' title='bbox 1147 4733 1205 4790; x_wconf 89' lang='lat' dir='ltr'>per·</span> <span class='ocrx_word' id='word_1_693' title='bbox 1234 4717 1298 4777; x_wconf 90' lang='lat' dir='ltr'>lem</span> <span class='ocrx_word' id='word_1_694' title='bbox 1321 4715 1473 4782; x_wconf 84' lang='lat' dir='ltr'>virtutem</span> <span class='ocrx_word' id='word_1_695' title='bbox 1493 4761 1507 4789; x_wconf 89' lang='lat'>,</span> <span class='ocrx_word' id='word_1_696' title='bbox 1529 4731 1598 4776; x_wconf 87' lang='lat' dir='ltr'>non:</span> <span class='ocrx_word' id='word_1_697' title='bbox 1616 4716 1811 4776; x_wconf 84' lang='lat' dir='ltr'>conveniunt</span> <span class='ocrx_word' id='word_1_698' title='bbox 1838 4712 2046 4792; x_wconf 52' lang='lat' dir='ltr'>theologiae·</span> 
     </span>
     <span class='ocr_line' id='line_1_55' title="bbox 285 4781 2046 4870; baseline 0.005 -25"><span class='ocrx_word' id='word_1_699' title='bbox 285 4790 315 4834; x_wconf 55' lang='grc' dir='ltr'><strong>ψ</strong></span> <span class='ocrx_word' id='word_1_700' title='bbox 332 4784 411 4833; x_wconf 74' lang='lat' dir='ltr'>msto.</span> <span class='ocrx_word' id='word_1_701' title='bbox 432 4781 616 4847; x_wconf 88' lang='lat' dir='ltr'>mediocrem</span> <span class='ocrx_word' id='word_1_702' title='bbox 637 4788 879 4852; x_wconf 83' lang='lat' dir='ltr'>verberationem</span> <span class='ocrx_word' id='word_1_703' title='bbox 893 4794 1083 4857; x_wconf 89' lang='lat' dir='ltr'>emendanda</span> <span class='ocrx_word' id='word_1_704' title='bbox 1106 4789 1200 4870; x_wconf 79' lang='lat' dir='ltr'>spere·</span> <span class='ocrx_word' id='word_1_705' title='bbox 1233 4795 1308 4867; x_wconf 89' lang='lat' dir='ltr'>qnia·</span> <span class='ocrx_word' id='word_1_706' title='bbox 1323 4790 1383 4856; x_wconf 83' lang='lat' dir='ltr'>etsr</span> <span class='ocrx_word' id='word_1_707' title='bbox 1398 4788 1527 4870; x_wconf 88' lang='lat' dir='ltr'>quisque·</span> <span class='ocrx_word' id='word_1_708' title='bbox 1542 4792 1700 4856; x_wconf 79' lang='lat' dir='ltr'>interdurn:</span> <span class='ocrx_word' id='word_1_709' title='bbox 1712 4791 1802 4869; x_wconf 83' lang='lat' dir='ltr'>pofflt</span> <span class='ocrx_word' id='word_1_710' title='bbox 1814 4841 1824 4869; x_wconf 91' lang='lat'><strong><em>‚</em></strong></span> <span class='ocrx_word' id='word_1_711' title='bbox 1838 4792 1875 4857; x_wconf 75' lang='grc' dir='ltr'>ἀ</span> <span class='ocrx_word' id='word_1_712' title='bbox 1891 4789 2046 4856; x_wconf 49' lang='lat' dir='ltr'>debeat&amp;</span> 
     </span>
    </p>
   </div>
   <div class='ocr_carea' id='block_1_2' title="bbox 285 4844 2009 5109">
    <p class='ocr_par' dir='ltr' id='par_1_25' title="bbox 285 4844 2009 5109">
     <span class='ocr_line' id='line_1_56' title="bbox 285 4844 2001 4955; baseline 0.006 -32"><span class='ocrx_word' id='word_1_713' title='bbox 285 4844 390 4955; x_wconf 47' lang='lat' dir='ltr'>{w}</span> <span class='ocrx_word' id='word_1_714' title='bbox 433 4877 509 4924; x_wconf 85' lang='lat' dir='ltr'>tur.</span> <span class='ocrx_word' id='word_1_715' title='bbox 522 4862 592 4955; x_wconf 60' lang='lat' dir='ltr'>ior</span> <span class='ocrx_word' id='word_1_716' title='bbox 610 4869 699 4928; x_wconf 90' lang='lat' dir='ltr'>enirn-</span> <span class='ocrx_word' id='word_1_717' title='bbox 721 4866 763 4931; x_wconf 85' lang='lat' dir='ltr'>est</span> <span class='ocrx_word' id='word_1_718' title='bbox 783 4885 878 4944; x_wconf 90' lang='lat' dir='ltr'>caput</span> <span class='ocrx_word' id='word_1_719' title='bbox 908 4872 1063 4948; x_wconf 85' lang='lat' dir='ltr'>mulieris,</span> <span class='ocrx_word' id='word_1_720' title='bbox 1084 4870 1121 4939; x_wconf 87' lang='lat'>&amp;</span> <span class='ocrx_word' id='word_1_721' title='bbox 1138 4872 1204 4950; x_wconf 89' lang='lat' dir='ltr'>ipsa·</span> <span class='ocrx_word' id='word_1_722' title='bbox 1233 4870 1364 4937; x_wconf 89' lang='lat' dir='ltr'>fratrem</span> <span class='ocrx_word' id='word_1_723' title='bbox 1381 4891 1403 4936; x_wconf 84' lang='lat' dir='ltr'>a</span> <span class='ocrx_word' id='word_1_724' title='bbox 1420 4888 1552 4951; x_wconf 88' lang='lat' dir='ltr'>peccato</span> <span class='ocrx_word' id='word_1_725' title='bbox 1565 4870 2001 4949; x_wconf 53' lang='lat' dir='ltr'>mulberenroctamenmn-</span> 
     </span>
     <span class='ocr_line' id='line_1_57' title="bbox 286 4940 2009 5039; baseline 0.005 -34"><span class='ocrx_word' id='word_1_726' title='bbox 286 4976 363 5019; x_wconf 51' lang='grc' dir='ltr'>ηις,</span> <span class='ocrx_word' id='word_1_727' title='bbox 378 4940 401 5024; x_wconf 66' lang='grc'>,’</span> <span class='ocrx_word' id='word_1_728' title='bbox 430 4940 600 5033; x_wconf 81' lang='lat' dir='ltr'>constituta</span> <span class='ocrx_word' id='word_1_729' title='bbox 629 4942 672 5007; x_wconf 88' lang='lat' dir='ltr'>est</span> <span class='ocrx_word' id='word_1_730' title='bbox 695 4945 748 5010; x_wconf 90' lang='lat' dir='ltr'>sub</span> <span class='ocrx_word' id='word_1_731' title='bbox 765 4951 824 5010; x_wconf 89' lang='lat' dir='ltr'>viri</span> <span class='ocrx_word' id='word_1_732' title='bbox 844 4948 995 5024; x_wconf 84' lang='lat' dir='ltr'>potestate</span> <span class='ocrx_word' id='word_1_733' title='bbox 1013 4996 1026 5013; x_wconf 56' lang='lat' dir='ltr'>t</span> <span class='ocrx_word' id='word_1_734' title='bbox 1042 4952 1206 5016; x_wconf 63' lang='lat' dir='ltr'>Caeterum.</span> <span class='ocrx_word' id='word_1_735' title='bbox 1235 4953 1354 5016; x_wconf 88' lang='lat' dir='ltr'>ceditur</span> <span class='ocrx_word' id='word_1_736' title='bbox 1373 4953 1508 5027; x_wconf 84' lang='lat' dir='ltr'>privatis</span> <span class='ocrx_word' id='word_1_737' title='bbox 1522 4970 1575 5025; x_wconf 91' lang='lat' dir='ltr'>per</span> <span class='ocrx_word' id='word_1_738' title='bbox 1587 4947 2009 5039; x_wconf 72' lang='lat' dir='ltr'>fraternamcorreflionem,</span> 
     </span>
     <span class='ocr_line' id='line_1_58' title="bbox 427 5020 2004 5109; baseline 0.004 -25"><span class='ocrx_word' id='word_1_739' title='bbox 427 5020 521 5084; x_wconf 87' lang='lat' dir='ltr'>alrter</span> <span class='ocrx_word' id='word_1_740' title='bbox 549 5021 710 5089; x_wconf 86' lang='lat' dir='ltr'>verberare</span> <span class='ocrx_word' id='word_1_741' title='bbox 736 5048 870 5092; x_wconf 84' lang='lat' dir='ltr'>uxorem</span> <span class='ocrx_word' id='word_1_742' title='bbox 897 5028 942 5093; x_wconf 90' lang='lat' dir='ltr'>est</span> <span class='ocrx_word' id='word_1_743' title='bbox 973 5050 1071 5108; x_wconf 84' lang='lat' dir='ltr'>grave</span> <span class='ocrx_word' id='word_1_744' title='bbox 1096 5052 1201 5109; x_wconf 87' lang='lat' dir='ltr'>pecta·</span> <span class='ocrx_word' id='word_1_745' title='bbox 1235 5050 1298 5095; x_wconf 89' lang='lat' dir='ltr'>non</span> <span class='ocrx_word' id='word_1_746' title='bbox 1315 5050 1424 5097; x_wconf 83' lang='lat' dir='ltr'>tamen</span> <span class='ocrx_word' id='word_1_747' title='bbox 1439 5029 2004 5098; x_wconf 80' lang='lat' dir='ltr'>vintadlribendo..&#39;C&#39;aeterumseeun·</span> 
     </span>
    </p>
   </div>
   <div class='ocr_carea' id='block_1_3' title="bbox 1899 5110 1972 5174">
    <p class='ocr_par' dir='ltr' id='par_1_26' title="bbox 1899 5110 1972 5174">
     <span class='ocr_line' id='line_1_59' title="bbox 1899 5110 1972 5174; baseline -0.027 0"><span class='ocrx_word' id='word_1_748' title='bbox 1899 5110 1972 5174; x_wconf 83' lang='lat' dir='ltr'>dum</span> 
     </span>
    </p>
   </div>
   <div class='ocr_carea' id='block_1_4' title="bbox 273 5163 334 5349">
    <p class='ocr_par' dir='ltr' id='par_1_27' title="bbox 273 5163 334 5349">
     <span class='ocr_line' id='line_1_60' title="bbox 273 5163 334 5349; baseline 0 0"><span class='ocrx_word' id='word_1_749' title='bbox 273 5163 334 5349; x_wconf 63' lang='lat' dir='ltr'>b</span> 
     </span>
    </p>
   </div>
   <div class='ocr_carea' id='block_1_5' title="bbox 0 0 2218 6000">
    <p class='ocr_par' dir='ltr' id='par_1_28' title="bbox 0 0 2218 6000">
     <span class='ocr_line' id='line_1_61' title="bbox 0 0 2218 6000; baseline 0 0"><span class='ocrx_word' id='word_1_750' title='bbox 0 0 2218 6000; x_wconf 95' lang='lat' dir='ltr'> </span> 
     </span>
    </p>
   </div>
  </div>
 </body>
</html>
