4425 6000
460 533 544 627 406
692 534 865 623 Tener.
886 555 948 625 ,na
973 534 1232 620 ,rantum
1262 531 1482 613 Dacatoer
1511 531 1615 608 Car.
1634 531 1738 608 vm.

409 651 536 699 ‚eretum
550 629 717 711 commiste,
736 632 879 710 voluisset
882 633 1120 720 particulariter
1135 652 1185 696 ce·
1221 630 1259 696 D.
1278 630 1340 696 Th.
1356 651 1390 709 a.
1412 649 1441 693 a.
1462 649 1490 710 q.
1505 648 1560 713 qo.
1591 642 1651 697 arr.
1674 633 1762 708 read
1777 651 1805 695 ι.
1831 630 1919 706 ilinc
1935 651 1993 702 ee·

414 712 499 779 lare:
522 732 593 777 nam
614 730 686 778 tune
702 717 928 793 treviriniuria
948 717 978 777 ei
999 713 1121 777 videtur
1137 714 1184 774 in·
1220 731 1327 775 nemur
1347 706 1544 778 manisella're
1572 731 1626 777 eos
1654 715 1705 787 qui
1735 710 1808 777 salsa
1830 712 1865 779 dr
1891 729 1991 791 prave

414 789 489 855 serri
504 792 561 934 ¹qui
577 789 725 858 secretum
742 789 906 872 commisit.
932 793 1025 870 Quod
1048 790 1184 856 stsecre·
1219 790 1360 869 dogmata
1369 791 1495 868 occulte
1505 790 1717 868 disseminant,
1736 791 1991 870 velaliquidmo·

416 889 484 935 turn
518 870 617 935 adium
639 876 700 935 itm
721 870 756 936 stt
773 870 893 936 aliunde
909 873 1066 947 publicum
1085 921 1094 949 ,
1110 891 1185 935 tunc
1221 871 1339 934 liuntur
1356 887 1468 935 contra
1478 872 1675 948 Principem,
1688 873 1848 951 Patriam,
1869 875 1921 939 vel
1942 878 1990 937 vi·

414 948 478 1014 sine
494 950 555 1016 ulla
572 952 660 1028 eulpa
681 950 756 1015 illud
779 955 875 1016 etiam
890 952 1094 1019 nescientibus
1115 967 1184 1028 pot·
1221 968 1304 1028 tatu,
1321 946 1456 1028 famam,
1475 950 1614 1026 bonaque
1631 950 1758 1015 alieuius
1775 955 1892 1029 privati
1914 999 1923 1030 ,
1943 953 1990 1018 bir

414 1032 475 1095 erit
496 1031 644 1094 revelari.
672 1031 751 1094 Cum
767 1034 849 1094 enim
870 1053 930 1096 non
961 1032 1090 1107 amplius
1108 1034 1184 1096 eia·
1220 1047 1323 1094 tamen
1351 1032 1487 1106 exeeptis
1503 1078 1518 1108 v,
1544 1032 1596 1107 qui
1615 1027 1672 1094 boe
1699 1050 1745 1102 ¹etr
1771 1028 1990 1104 ,sacramentali

416 1112 553 1204 periatur
568 1110 648 1191 quod
668 1110 818 1190 secretum
836 1108 879 1175 eil
902 1110 977 1185 ,sed
997 1112 1087 1184 dere
1106 1108 1185 1192 sabla
1219 1106 1404 1188 confeffione
1423 1108 1698 1187 deprehenderim
1715 1109 1804 1176 &ad
1820 1109 1881 1179 hoe
1906 1131 1990 1177 tene·

416 1210 477 1255 ram
499 1188 617 1268 publice
633 1188 689 1255 fiat
713 1191 855 1267 locutio,
870 1192 954 1254 nulla
966 1192 1015 1258 vel
1033 1194 1187 1268 patrain·
1214 1210 1307 1267 mur,
1320 1187 1451 1264 tametsi
1471 1189 1575 1254 oollrt
1592 1188 1744 1266 promisfio
1764 1191 1802 1255 de
1822 1211 1887 1257 nou
1899 1212 1990 1257 rere·

187 1303 189 1308 ·
292 1343 294 1348 ,
416 1267 497 1335 iuria
517 1268 591 1333 illud
611 1272 821 1350 committenti
841 1273 1011 1349 irrogatur.
1034 1266 1184 1340 itidemst
1220 1268 1313 1333 lando
1330 1271 1449 1344 secreto
1470 1262 1536 1345 ipso
1565 1272 1742 1342 iuramento
1761 1268 1893 1349 ‚firmet
1918 1269 1990 1338 fuis·

415 1352 468 1426 qui
487 1347 635 1414 secretum
653 1348 813 1427 promisit,
839 1354 985 1414 notitiam
1008 1354 1050 1414 rei
1068 1348 1120 1430 sub
1144 1349 1186 1412 se·
1220 1350 1283 1426 let;
1304 1351 1380 1426 quia
1393 1369 1465 1412 eum
1485 1347 1523 1414 ad
1544 1346 1600 1412 lroc
1616 1347 1744 1428 obligati
1756 1348 1848 1416 strnue
1865 1372 1906 1416 ex
1918 1353 1989 1417 char

415 1445 505 1494 creto
519 1429 737 1514 commendatae
764 1429 888 1494 aliunde
910 1435 1068 1512 attipiat,
1099 1429 1185 1494 licite
1221 1430 1323 1493 ritatis
1344 1428 1476 1507 naturali
1489 1444 1665 1505 praerepto,
1686 1432 1897 1497 iurauenturn
1910 1430 1988 1510 quod

417 1509 474 1574 hae
494 1511 610 1585 notitia
628 1511 678 1592 ,ml
701 1509 826 1587 potell,
853 1507 927 1576 idest
953 1515 985 1575 vi
1002 1512 1084 1573 illiur
1104 1510 1184 1587 loqui
1220 1527 1283 1572 non
1309 1508 1357 1590 est
1381 1508 1547 1587 ‚vinculum
1572 1510 1776 1588 iniquitatir,
1801 1530 1866 1576 non
1893 1507 1986 1590 potell

415 1608 487 1655 eum
504 1588 571 1653 aliie
590 1589 627 1673 de
657 1589 702 1652 re'
714 1585 766 1652 sub
787 1588 905 1655 secreto
927 1588 977 1654 sibi
997 1589 1155 1656 commissa
1176 1636 1185 1667 ,
1218 1586 1353 1668 obligare
1371 1587 1409 1655 ad
1423 1585 1600 1666 ‚oppositum
1616 1633 1630 1674 ,
1658 1585 1772 1669 ideirco
1801 1592 1835 1656 iu
1851 1590 1899 1659 lrir
1916 1588 1987 1660 east·

416 1666 480 1732 stne
497 1667 614 1756 eulpa,
632 1668 799 1755 ,dummodo
815 1687 924 1749 ‚tamen
940 1671 1021 1734 aliud
1042 1673 1186 1736 damnum
1219 1666 1273 1751 bur
1286 1669 1367 1739 esset
1383 1667 1555 1748 invalidum
1575 1664 1610 1736 dt
1628 1666 1788 1736 illicitum.

416 1767 479 1814 non
495 1744 659 1830 sequatur,
680 1768 717 1816 ut
727 1753 764 1828 ¹in
780 1747 897 1816 secreto
906 1748 1098 1817 conselsronir
1107 1751 1185 1835 quod
1253 1749 1378 1830 ,Pariter
1394 1750 1483 1816 iuxta
1501 1750 1617 1828 ,multoe
1634 1770 1699 1821 non
1725 1770 1869 1819 tenemur
1885 1750 1985 1821 servae

415 1824 544 1895 lirieliu‘r
560 1828 695 1909 obligat.
1111 1845 1112 1850 ¹
1221 1850 1252 1893 re
1266 1829 1416 1910 secretum
1432 1828 1509 1895 iuste
1524 1834 1686 1909 ¹cognitum
1704 1852 1777 1896 eun
1795 1851 1888 1900 oerto
1910 1839 1986 1914 peri·

458 1907 673 1993 Excusaturr.
696 1929 714 1975 a
734 1910 856 1975 mortali
882 1910 1036 1987 revelatio
1055 1911 1185 1994 secreti,
1221 1908 1291 1979 rulo
1317 1913 1444 1989 propria
1468 1914 1544 1988 vitre
1576 1910 1627 1975 vel
1657 1910 1824 1989 gravissimi
1854 1915 1987 1994 damni,

417 1987 440 2054 u
465 1989 520 2053 hoc
548 1992 709 2068 contingat
731 2008 770 2054 etr
790 1991 1046 2070 inadvertentia,
1073 1992 1125 2058 vel
1145 2011 1184 2054 err
1220 1986 1384 2056 dummodo
1402 2005 1561 2067 acceptum
1581 2010 1643 2053 non
1658 1988 1696 2053 srt
1717 2011 1759 2055 ex
1774 1988 1985 2076 consessione,

418 2063 591 2145 impersedia
612 2068 864 2151 deliberatione,
891 2087 965 2146 puta
991 2069 1018 2137 st
1047 2092 1111 2136 non
1133 2071 1185 2134 ad·
1223 2068 1272 2147 vel
1293 2066 1331 2134 fit
1353 2067 1505 2154 secretum
1530 2071 1673 2148 Principis
1702 2071 1754 2134 vel
1771 2071 1986 2149 ratperta,

418 2164 526 2216 vertat
544 2148 581 2214 ad
601 2151 788 2227 gravitatem
800 2144 968 2230 ,materia
987 2146 1038 2215 seu
1059 2172 1123 2223 non
1136 2170 1184 2231 re·
1224 2148 1273 2211 vel
1286 2147 1345 2211 nist
1360 2151 1425 2214 eiur
1446 2148 1601 2213 revelatio
1618 2148 1742 2224 rederet
1761 2152 1794 2214 in
1815 2159 1908 2233 grave
1928 2157 1987 2218 rei·

417 2228 561 2295 cordetur
582 2249 652 2292 eam
669 2226 720 2292 sibi
737 2230 925 2312 commissam
945 2231 1003 2294 esse
1021 2230 1071 2304 sub
1084 2229 1185 2300 secre-
1221 2227 1348 2302 publicae
1369 2276 1378 2307 ‚
1398 2226 1462 2294 five
1477 2229 1717 2303 Cmtmunitarir
1729 2227 1879 2306 elwinum
1899 2280 1908 2312 .
1935 2234 1986 2298 ved

419 2327 478 2376 to:
498 2307 609 2372 idcirco
629 2307 682 2394 ille
700 2314 796 2373 etiem
818 2357 827 2386 ,
846 2314 897 2387 qui
918 2307 1072 2387 revelavit
1093 2309 1184 2390 serre
1221 2310 1372 2384 accipiens
1406 2305 1556 2388 septetum
1589 2326 1659 2383 ‚non
1692 2309 1865 2385 prorniserit
1890 2314 1985 2378 eriam

419 2407 488 2456 tum
508 2392 609 2467 magni
626 2393 792 2468 momenti,
813 2390 887 2470 illud
906 2389 1081 2469 existimant
1098 2393 1185 2466 parvi
1215 2408 1292 2463 ¹tum
1311 2390 1421 2464 quovis
1438 2385 1496 2463 suo
1522 2387 1719 2459 incommodo
1744 2390 1819 2454 illud
1848 2390 1986 2458 servatae

419 2473 595 2553 momenti,
616 2467 637 2529 sr
655 2468 691 2532 ed
709 2468 765 2533 hoc
786 2468 1018 2548 dignoscendum
1034 2469 1186 2534 suffisien·
1223 2487 1320 2530 rum:
1343 2488 1418 2543 nam
1438 2465 1555 2533 seclusas
1581 2465 1661 2533 hisce
1675 2464 1793 2535 rasrbur
1812 2469 1984 2548 &teretia

420 2566 485 2613 tem
514 2545 702 2626 diligentiam
728 2549 928 2630 adhibuerit,
957 2568 1020 2613 non
1042 2549 1186 2631 ,censetur
1218 2545 1341 2622 paribur
1372 2550 1418 2612 iur
1448 2544 1593 2612 habentm
1620 2547 1796 2612 ronl'ulentli
1826 2549 1986 2631 nola'rpm

420 2647 487 2699 reus
505 2631 607 2705 gravis
623 2628 721 2704 culpe
741 2675 749 2703 ,
769 2633 840 2706 quia
854 2627 935 2693 bona
953 2628 1030 2711 ¹sides
1046 2629 1079 2696 dr
1101 2630 1185 2707 inad·
1223 2629 1284 2705 tius
1304 2646 1395 2701 quant
1410 2625 1500 2692 alteri
1524 2630 1652 2705 privato
1668 2675 1680 2707 ,
1707 2629 1758 2706 qui
1782 2632 1816 2702 in
1847 2630 1907 2694 boe
1925 2651 1984 2699 noe

421 2708 578 2773 vertentia
594 2726 664 2769 eum
684 2707 811 2773 excusat
833 2731 841 2782 ;
861 2704 944 2773 secur
958 2707 1072 2782 verost
1092 2708 1186 2787 negli·
1220 2706 1320 2781 potest
1335 2705 1402 2785 „elle
1414 2708 1646 2772 rationabiliter
1667 2710 1814 2787 invitor,
1842 2729 1899 2774 nee
1916 2728 1984 2789 pota

420 2805 493 2868 teor
507 2781 601 2851 suerit
620 2788 805 2865 negligentia
827 2788 890 2853 lata
910 2786 964 2853 vel
974 2790 1065 2867 trapi
1075 2790 1106 2850 in
1122 2809 1187 2866 gra·
1222 2781 1265 2847 est
1295 2782 1410 2863 censeri
1438 2806 1492 2851 nor
1519 2788 1617 2874 ligere
1641 2786 1771 2862 ‚voluisse
1794 2810 1868 2855 eum
1897 2805 1985 2865 rante

380 2894 383 2898 ⁴
421 2870 525 2933 vitate
548 2866 599 2929 rel
617 2861 1083 2946 levitatesedretiinvestiganda
1115 2872 1188 2944 quia
1220 2884 1321 2940 ¹onere
1340 2864 1379 2930 td
1398 2864 1472 2931 illud
1492 2865 1691 2943 servandum,

422 2964 499 3019 runc
520 2944 601 3011 adesi
630 2952 765 3026 gravitas
794 2945 932 3015 materia:
950 2999 960 3029 ,
987 2947 1022 3015 dr
1037 2917 1187 3029 sufficient
1264 2943 1338 3025 llle,
1355 2948 1405 3010 rui
1421 2948 1500 3012 alter
1518 2945 1627 3013 iniuste
1648 2945 1797 3016 secrodunt
1815 2950 1902 3016 tertii
1920 2965 1986 3031 ape·

421 3027 602 3103 deliberatio
622 3026 660 3111 ad
681 3029 845 3104 mortale„
867 3027 944 3106 Bon.
959 3028 1052 3095 Aaou
1083 3028 1118 3096 dr
1134 3029 1187 3092 alii
1224 3027 1309 3102 ruit,
1325 3027 1504 3093 nullatenus
1520 3027 1596 3099 illud
1614 3029 1757 3109 derepere
1778 3029 1896 3110 potest,
1917 3034 1985 3107 quit

421 3111 657 3189 rbmtnuniter3
684 3112 755 3184 quia
779 3109 817 3183 ad
912 3127 948 3176 ut
967 3113 1000 3173 in
1019 3107 1098 3174 ditio
1117 3106 1188 3174 casu
1223 3106 1295 3170 talis
1316 3109 1433 3173 notitia
1452 3109 1577 3181 adeum
1599 3113 1741 3184 pervenit
1766 3115 1901 3189 aprima
1923 3130 1985 3175 ma·

423 3187 577 3267 revelatio
595 3208 657 3252 non
672 3187 749 3254 ellet
768 3191 891 3254 morta'
922 3187 1083 3266 ,debebtt
1103 3206 1189 3254 cerro
1224 3182 1420 3252 ntsestatione
1436 3187 1507 3253 data
1527 3185 1579 3253 sub
1599 3189 1738 3270 secreto,
1759 3188 1796 3256 dt
1815 3187 1986 3254 manisella·

422 3267 580 3333 moraliter
598 3267 723 3333 eredere
741 3288 804 3333 rem
820 3269 882 3333 elie
900 3270 996 3346 parvi
1014 3271 1185 3335 momenti.
1225 3268 1271 3329 tio
1296 3266 1426 3332 ulterior
1448 3267 1520 3334 data
1549 3266 1603 3332 sub
1625 3270 1768 3348 secreto,
1801 3266 1826 3333 sr
1857 3270 1985 3337 ulterior

424 3349 456 3413 Si
484 3362 588 3413 autem
614 3348 646 3411 in
673 3345 764 3413 dubio
792 3348 896 3431 esset,
922 3347 1188 3427 rationepericuli
1225 3343 1389 3423 transiret,
1408 3346 1532 3413 cederet
1553 3350 1584 3410 in
1601 3351 1745 3415 iniuriam
1764 3349 1850 3413 illiue
1876 3354 1926 3426 qui
1942 3346 1984 3413 se·

424 3428 474 3491 eui
490 3425 519 3490 se
534 3443 705 3503 exponeret
720 3447 847 3506 gravem
877 3429 1023 3494 iniuriam
1046 3431 1189 3507 proximo
1219 3442 1345 3501 ¹cretum
1363 3426 1510 3493 commisit
1529 3476 1537 3505 ,
1561 3427 1595 3492 dt
1613 3430 1689 3493 ellet
1709 3426 1849 3494 extensio
1869 3449 1907 3494 ae
1926 3449 1985 3494 tta·

426 3507 597 3589 instandi,
616 3509 792 3580 mortaliter
807 3506 1019 3589 delinqueret.
1225 3504 1335 3582 pliatio
1358 3507 1476 3572 iniuria
1502 3505 1589 3573 fatie
1617 3528 1636 3574 a
1661 3512 1758 3586 primo
1786 3511 1895 3587 iniquo
1921 3526 1984 3598 pru·

465 3602 496 3669 3.
512 3584 593 3653 lulla
610 3585 711 3654 trulla
730 3580 1189 3671 duatqbcusarepoffiracurpa
1224 3583 1346 3662 ditare.
1841 3592 1843 3597 ’

425 3668 550 3734 mortali
578 3668 822 3745 revelationem*
838 3666 948 3739 secreti
982 3666 1128 3732 commissi
1155 3664 1189 3734 dr
1262 3665 1389 3731 Addunt
1413 3668 1506 3745 aliqui
1534 3669 1609 3740 alior
1640 3667 1717 3735 duor
1748 3667 1858 3733 modos
1884 3666 1985 3746 quibat

314 3778 317 3783 ¹
425 3746 578 3828 promissi,
594 3747 671 3826 esl',
696 3747 821 3831 quando
848 3749 1003 3814 revelatio
1027 3747 1190 3813 necessaria
1225 3744 1337 3833 aliquid
1357 3746 1415 3812 diei
1436 3746 1535 3827 potell
1556 3746 1849 3828 secretum,nempe
1865 3746 1986 3826 quando

424 3826 471 3915 esi
491 3827 529 3911 ad
548 3830 558 3891 i
626 3826 774 3905 ,diendum
792 3828 916 3907 tiquod
935 3846 1032 3909 greve
1045 3824 1188 3899 iniustum
1227 3845 1274 3888 res
1291 3826 1396 3905 aliqua
1411 3829 1534 3894 occulta
1545 3827 1743 3908 cognoscitur
1758 3830 1984 3906 per-iniurium,

424 3909 570 3986 &mrum
600 3900 744 3989 pirirprle
772 3926 817 3983 ve,
839 3908 1009 3986 temporale
1029 3911 1115 3972 tertii
1139 3909 1189 3973 vel
1224 3904 1260 3970 dr
1279 3908 1400 3982 quando
1422 3927 1470 3971 ter
1494 3909 1594 3986 aliqua
1616 3905 1810 3987 cognoscitur
1839 3906 1912 3972 casu
1941 3903 1986 3973 seu

425 3987 665 4054 communitatis
683 4034 692 4064 ,
711 3987 790 4063 quod
808 3984 996 4065 inserendum
1014 4034 1024 4063 ,
1048 4006 1103 4052 aut
1119 4008 1190 4050 con·
1225 3981 1358 4050 fortuito
1373 3985 1437 4050 stne
1455 3987 1518 4054 ulla
1540 3992 1667 4054 iniuria·
1686 3987 1721 4051 ln
1738 3984 1984 4066 primocasn'sen

427 4064 609 4141 tinuandun
627 4065 704 4131 ellet
721 4065 759 4130 ab
772 4067 860 4133 illua
879 4086 940 4146 quo
958 4065 1109 4132 secretum
1130 4064 1190 4132 suit
1225 4065 1318 4130 modo
1332 4067 1471 4131 revelare
1487 4065 1636 4141 secretum
1657 4066 1701 4133 est
1724 4082 1886 4144 peecatum
1911 4086 1987 4130 mor·

425 4146 523 4219 eredit
586 4170 598 4209 .·
631 4165 702 4211 narn
722 4162 796 4229 turre
818 4167 881 4212 non
904 4145 1190 4224 spedlatoSuperio-
1227 4146 1291 4209 tale
1307 4162 1417 4212 eontra
1439 4145 1586 4212 iusliriam
1611 4153 1643 4210 in
1671 4150 1798 4212 materia
1816 4149 1906 4226 gravi
1926 4194 1935 4225 ,
1954 4143 1987 4210 dr

427 4231 470 4295 rie
487 4164 781 4370 praeffiptotuisque
810 4243 935 4293 tenetur
961 4222 1110 4301 litterum
1136 4225 1188 4292 sibi
1226 4224 1270 4288 eli
1297 4229 1482 4291 corrtmunie.
1505 4228 1535 4289 Si
1560 4233 1625 4305 quir
1653 4231 1738 4290 enirn
1763 4246 1816 4304 per
1844 4229 1987 4299 iniuriam

424 4310 543 4390 commi,
563 4327 615 4371 um
633 4302 667 4373 dt
684 4305 725 4371 ab
742 4325 780 4370 eo
795 4309 969 4390 proprisium
987 4308 1025 4370 iir
1040 4302 1190 4383 pateface-
1227 4302 1337 4379 iniusle
1352 4306 1457 4373 literar
1477 4307 1606 4379 alieuius
1622 4311 1740 4387 aperit,
1756 4326 1795 4369 err
1816 4306 1924 4383 quibus
1941 4322 1990 4368 eo·

424 4409 478 4462 re,
494 4406 623 4475 quorum
641 4384 767 4463 interest
788 4384 919 4464 ,absque
938 4406 977 4453 eo
994 4385 1076 4463 quod
1090 4391 1190 4475 nomi·
1215 4376 1343 4460 “gnoscit
1363 4385 1494 4462 aliquem
1538 4391 1629 4469 ingue
1658 4388 1778 4464 aliquod
1806 4386 1991 4460 Beneficium

426 4487 520 4539 netur
533 4463 682 4546 persona,
700 4462 754 4528 nist
773 4466 828 4531 ltoc
844 4466 1044 4532 necessarium
1057 4465 1135 4531 esset
1155 4467 1190 4545 ad
1226 4481 1315 4533 certo
1331 4462 1431 4537 nedio
1448 4487 1486 4544 to
1521 4486 1687 4535 eruturum
1702 4515 1712 4546 ,
1738 4485 1826 4532 terta
1853 4466 1990 4546 negotii·

427 4548 492 4614 tale
511 4548 625 4621 utalum
646 4545 883 4628 impediendum,
911 4543 961 4628 lta
986 4550 1190 4627 eommuniter
1227 4547 1316 4609 tione
1337 4544 1471 4621 multum
1492 4548 1711 4627 lucraturum,
1735 4545 1769 4613 dr
1791 4543 1989 4624 huiusmodi,

427 4625 567 4699 sentiunt
587 4623 745 4695 Doblorer.
773 4627 897 4701 Etenim
923 4625 1058 4705 ehrritrs
1077 4625 1191 4706 obligat
1226 4622 1261 4689 dt
1281 4623 1339 4699 boc
1358 4622 1460 4709 pollet
1477 4628 1596 4692 revelat
1610 4630 1711 4692 amieo
1729 4629 1779 4705 qui
1797 4628 1991 4704 praevenient

420 4706 469 4781 'ad
484 4706 629 4772 damnum
642 4724 803 4781 commune
823 4704 856 4771 dr
878 4707 1190 4787 privatuminnocen·
1229 4702 1388 4782 impedit,
1414 4702 1448 4770 dr
1471 4705 1521 4770 srbi
1551 4708 1609 4771 tali
1635 4707 1734 4772 medio
1749 4708 1992 4786 negotiatione·

401 4811 415 4827 ’
427 4790 468 4854 tir
483 4787 704 4865 impediendum
721 4789 818 4851 eriam
844 4807 915 4849 cnm
941 4785 1055 4850 danmo
1075 4804 1189 4850 noeen-
1228 4787 1376 4861 acquirit,
1392 4803 1499 4862 peccet
1518 4786 1663 4851 revelant
1687 4787 1754 4852 tale
1774 4787 1994 4861 secretumlr-

377 4886 403 4896 “
426 4873 489 4935 tir:
510 4864 625 4933 bonurn
640 4873 723 4930 enim
745 4864 916 4943 publicum,
938 4866 988 4930 vel
1005 4866 1085 4928 illiue
1106 4868 1191 4930 inno.
1228 4861 1304 4928 iuste
1319 4867 1480 4940 cognitum
1495 4881 1602 4931 eontra
1620 4865 1770 4932 iullitiam
1790 4867 1850 4947 ,dr
1867 4882 1995 4933 tenerur

427 4950 554 5025 centis,
582 4966 638 5024 pro
652 4947 739 5011 cuius
761 4942 934 5008 defensione
967 4945 1127 5009 revelatur
1146 4945 1191 5010 le·
1229 4945 1266 5008 ad
1282 4945 1509 5009 rellitutionem
1537 4951 1627 5010 iuxta
1656 4954 1890 5025 proportionem
1904 4948 1997 5012 certi·

426 5024 839 5177 r‘tu-lt‘ulll¹¹¹f
852 5023 1191 5174 arenula
1226 5023 1691 5187 ωηιξη
1708 5028 1900 5178 rive·
1915 5025 1997 5186 lli

450 5129 468 5175 a
557 5128 566 5170 ι
822 5150 834 5185 ,
927 5127 935 5169 ι
1106 5148 1116 5169 .
1174 5126 1193 5176 t
1560 5154 1572 5189 ,
1690 5127 1833 5181 arturo
1861 5130 1912 5178 aa
