4425 6000
1161 389 1204 470 J

414 496 466 578 so
670 494 876 573 Tnaer.
905 494 1346 576 balurusrrrra'
1382 493 1453 575 dcc.
1494 495 1675 578 Car.1.·
1914 587 1916 591 ,

360 596 486 665 Etenim
504 593 607 678 iustus
626 596 720 667 refert
740 599 778 663 ad
797 596 976 663 Cbrislianae
996 596 1131 674 Religio-
1166 602 1358 676 apparuerit.
1378 596 1469 662 Unde
1485 599 1735 677 quandocaeteris
1750 599 1870 677 paribus
1891 616 1947 671 ta*

360 683 408 744 nis
432 679 549 754 decus,
578 694 615 743 ut
633 675 738 747 officia
762 697 852 757 quam
872 674 1076 742 decentilhme
1093 698 1129 742 ac
1166 678 1201 743 lis
1225 678 1261 743 sit
1286 684 1381 743 etiam
1410 677 1571 754 respeslive
1592 683 1630 746 ad
1650 684 1845 758 prudentiam
1865 734 1873 761 ‚
1890 684 1942 751 ’ἃς

358 756 551 826 devotissime
570 756 787 823 celebrentur.
813 758 1010 837 Quapropter
1028 754 1130 821 Cano·
1165 762 1311 834 pietatem
1329 806 1339 836 ,
1359 758 1477 836 dignior
1504 763 1634 837 acquirit
1654 781 1726 841 erga
1749 760 1941 829 Beneficium

358 841 421 905 uici
443 834 610 916 prasertim
619 836 849 906 cathedralium
866 837 1126 903 Ecclesiasumdo-
1165 843 1211 903 ius
1230 837 1365 903 stridium
1382 838 1503 904 ioliitiae
1517 843 1774 916 commutativae,
1794 842 1873 917 qttod
1892 839 1941 907 est

357 919 454 985 arina
475 916 631 998 &pietate
654 914 874 999 prsaefulgeant,
891 937 927 981 ut
945 935 1129 996 cooperato·
1165 922 1210 1005 ius
1226 919 1262 983 ad
1278 942 1343 984 rem
1362 938 1433 997 erga
1448 919 1654 998 heneficium,
1671 940 1707 987 ut
1728 919 1780 998 ipsi
1802 919 1840 985 srt
1863 942 1941 988 con·

358 1020 406 1065 tes
425 999 564 1080 Episcopi
580 998 641 1063 esse
661 998 817 1072 valeant,
842 1017 878 1062 ac
897 1001 1008 1061 merito
1025 997 1129 1060 Eccle·
1163 998 1319 1064 terendum
1339 1044 1348 1061 .
1377 998 1472 1076 Igitur
1488 998 1510 1061 ss
1532 1000 1680 1065 Praeiatus
1700 1003 1731 1065 in
1750 998 1940 1068 conserendo

357 1078 408 1147 srae
425 1079 545 1145 senatus
560 1096 743 1157 vocentur,
774 1076 859 1142 ficuti
885 1095 994 1142 notant
1023 1079 1127 1141 Patres
1165 1080 1228 1142 tale
1245 1078 1445 1156 beneficium,
1469 1077 1540 1144 buic
1564 1082 1693 1160 digniori
1714 1080 1837 1159 dignum
1848 1099 1939 1222 ‘faz-

358 1159 446 1225 Trid.
471 1159 601 1225 Consilii
614 1157 676 1303 fef.
697 1176 745 1239 24.
763 1176 824 1239 rap.
847 1174 894 1220 12.
911 1157 960 1221 ubi
982 1173 1127 1234 peroptat
1164 1156 1264 1236 serat,
1286 1177 1391 1237 peccat
1412 1159 1587 1224 mortaliter
1606 1209 1615 1237 ,
1636 1159 1671 1226 dc
1687 1176 1847 1226 tenetura
1886 1179 1938 1225 te·

249 1301 253 1309 .
355 1240 557 1316 Concilium,
584 1256 621 1303 ut
662 1241 763 1303 imidia
784 1259 851 1318 pars
869 1237 974 1301 saltem
995 1239 1126 1302 Canoni-
1162 1238 1377 1316 slitutionem,
1405 1241 1477 1316 quia
1501 1240 1602 1305 violat
1628 1238 1939 1305 iuslitiamcommrt·

352 1338 484 1387 catuum
502 1318 733 1383 Cathedralinm
753 1366 763 1396 ,
790 1316 825 1384 dt
847 1316 1004 1395 infignium
1024 1317 1125 1380 Colle-
1162 1325 1310 1382 tativam.
1327 1320 1377 1381 Sic
1397 1322 1603 1384 communiter
1622 1317 1784 1385 Doslores.

355 1403 507 1480 giatarum
524 1395 725 1465 conserantur
745 1416 868 1463 tantum
889 1397 1041 1478 Megillris
1061 1443 1071 1473 ,
1091 1394 1124 1462 dt
1201 1418 1227 1476 5.
1249 1398 1284 1461 ln
1304 1398 1492 1464 exhibitione
1512 1400 1637 1464 tandem
1658 1399 1810 1477 honoris,
1831 1420 1868 1465 ac
1884 1404 1974 1465 reos

354 1479 559 1555 Dosioribus,
586 1494 641 1545 aut
665 1480 764 1544 etiam
783 1478 964 1543 Licentiatis
988 1482 1020 1542 in
1041 1475 1123 1544 sacra
1160 1483 1310 1544 verentiae
1327 1479 1426 1543 adelle
1443 1477 1539 1554 potell
1555 1481 1694 1557 acceptio
1714 1477 1933 1560 personarum,
1949 1475 1977 1520 Ρ*

353 1559 532 1639 Theologiat
560 1557 715 1624 facultate
742 1605 751 1636 ,
779 1558 829 1623 vel
854 1562 885 1621 in
903 1556 972 1622 lure
990 1558 1124 1624 Canoni-
1159 1579 1194 1623 ut
1222 1558 1242 1620 [ι
1268 1563 1333 1636 quis
1354 1561 1385 1622 in
1412 1557 1532 1636 publico
1554 1560 1691 1624 consessu
1711 1580 1774 1624 non
1793 1558 1925 1639 affigoet
1941 1548 1977 1647 ἐξ

350 1660 416 1706 co.
447 1641 541 1705 Porro
561 1637 763 1705 huiuscemodi
784 1637 895 1703 bonum
916 1641 960 1703 ita
983 1638 1123 1706 Ecciefiae
1158 1639 1259 1705 lorum
1274 1643 1323 1704 cui
1345 1643 1466 1705 ratione
1479 1638 1588 1716 gradus
1603 1639 1646 1703 eli
1666 1638 1784 1704 debitus
1798 1660 1807 1703 t
1823 1638 1858 1706 dt
1874 1639 1926 1705 hic
1947 1675 1977 1711 sa

352 1718 553 1786 necessarium
572 1737 722 1797 ,tamque
742 1718 949 1798 expetendum
969 1740 1122 1796 nunquam
1158 1716 1387 1796 supponendum
1401 1740 1470 1783 cum
1486 1718 1526 1781 D.
1536 1719 1660 1784 Thoma
1675 1718 1822 1785 honorem
1836 1720 1932 1797 quod·
1950 1720 1977 1775 ri

350 1797 491 1880 consequi
511 1800 624 1877 poterit
640 1796 772 1864 Ecclesia
790 1795 844 1861 nisr
858 1803 968 1875 quovis
989 1800 1123 1864 humano
1159 1807 1227 1865 dam
1248 1799 1455 1865 tessimonium
1477 1797 1538 1862 esse
1558 1798 1595 1862 de
1612 1801 1732 1866 virtute
1754 1803 1849 1878 eius,
1877 1802 1931 1878 qui
1945 1801 1977 1843 ’θ

351 1880 483 1955 savore,
503 1899 539 1945 ac
554 1878 668 1944 carnali
689 1875 800 1942 affcslu
815 1877 953 1959 deposito
972 1880 1122 1959 digniores
1158 1879 1353 1958 honoratur,
1383 1897 1419 1943 ut
1441 1881 1508 1954 quis
1533 1878 1620 1956 pollit
1641 1878 1781 1946 honorari
1805 1899 1866 1945 non
1884 1881 1934 1945 so·

349 1962 477 2029 omnino
494 1955 712 2039 psaeseraotur.
732 1955 840 2032 Quare
856 1979 917 2022 non
927 1957 1050 2024 difficile
1062 1963 1121 2024 etit
1157 1962 1221 2025 lum
1245 1977 1367 2040 psopter
1390 1961 1542 2024 virtutem
1563 1962 1741 2039 propriam,
1765 1956 1815 2023 [εά
1837 1962 1932 2026 etiam

318 2038 575 2122 „deprehendere
592 2085 601 2116 ,
620 2058 673 2104 eos
725 2039 775 2115 qui
792 2036 961 2118 postpositis
980 2040 1122 2119 digniori·
1156 2043 1281 2106 alterius
1300 2089 1309 2119 ,
1338 2057 1373 2104 ut
1391 2041 1544 2115 Principes
1563 2087 1572 2117 ,
1596 2039 1822 2118 &Superiores
1847 2087 1856 2118 ,
1876 2039 1932 2117 qui

264 2184 268 2191 .
350 2121 405 2187 bus
425 2119 543 2199 eligunt
559 2121 660 2182 minus
679 2087 803 2197 signos,
824 2124 921 2182 teneri
943 2120 980 2184 ad
998 2120 1120 2184 reslitu·
1156 2122 1296 2198 quamvis
1312 2122 1421 2200 pravi,
1441 2118 1613 2183 honorandi
1631 2118 1703 2184 suot
1720 2136 1847 2201 propter
1858 2140 1931 2200 per·

349 2206 488 2280 tionem,
504 2201 575 2275 quia
595 2192 665 2263 sunt
679 2196 782 2264 caussa
801 2196 902 2261 damni
923 2199 1004 2275 quod
1020 2199 1120 2264 Eccle·
1156 2203 1257 2264 sonam
1279 2222 1370 2278 quam
1389 2218 1500 2278 gerunt
1517 2200 1596 2277 Dei,
1614 2199 1648 2265 er
1669 2200 1929 2296 (ἰοιιιιιιιιιιῑιιιῐςΙ

350 2280 448 2346 sraex
468 2299 507 2343 eo
529 2280 651 2357 patitur
701 2276 838 2355 eoquod
857 2297 919 2341 non
939 2277 1049 2344 habeat
1069 2278 1120 2344 be·
1155 2286 1203 2345 cui
1236 2278 1446 2357 praeficiuntur
1475 2324 1483 2340 .
1509 2281 1582 2355 Qna
1608 2283 1729 2344 ratione
1758 2278 1931 2346 honoranda

349 2360 546 2426 oeficiarium
562 2359 642 2440 digni
670 2379 765 2423 rmum
783 2377 873 2436 quem
897 2360 1120 2444 poteratbabe·
1156 2358 1225 2426 sunt
1244 2364 1342 2453 gtinm
1358 2375 1522 2440 parentes,
1541 2358 1574 2422 dt
1590 2359 1704 2423 domini
1722 2377 1847 2439 propter
1863 2378 1933 2437 par·

350 2461 409 2506 re.
435 2436 587 2505 Beneficia
613 2440 697 2503 enim
723 2433 793 2501 sunt
821 2436 962 2503 inslituta
993 2460 1121 2521 propter
1157 2443 1371 2520 ticipationem
1400 2440 1558 2516 dignitatis
1581 2438 1638 2501 Dei
1672 2442 1757 2516 ,qui
1788 2441 1932 2504 omnium

350 2518 494 2587 Ecclesrae
511 2518 683 2584 utilitatem
702 2564 711 2597 ,
735 2536 772 2583 ut
792 2517 831 2581 D.
860 2516 922 2581 Th.
943 2520 1048 2595 quassi.
1070 2519 1119 2597 85.
1157 2538 1244 2601 pater
1263 2519 1323 2594 est,
1344 2519 1379 2585 dc
1399 2519 1564 2581 dominus.
1596 2516 1644 2583 lta
1664 2536 1760 2583 aetate
1777 2518 1932 2595 provesin

350 2618 409 2666 art.
433 2616 460 2682 3.
482 2602 683 2678 incorpore.
709 2596 810 2678 igitur
836 2596 1053 2675 dispensatores
1073 2618 1121 2663 tc·
1156 2618 1279 2676 propter
1299 2598 1414 2679 signum
1432 2599 1585 2675 virtutis,
1605 2598 1685 2674 quod
1707 2596 1751 2661 cll
1773 2598 1930 2678 senesius,

349 2699 462 2753 nentur
477 2699 514 2744 ea
533 2677 750 2759 dispensarem
766 2675 906 2745 Ecclcsrae
928 2680 1120 2754 utilitatem,·
1155 2679 1219 2744 srvc
1235 2682 1306 2756 quia
1327 2683 1488 2825 imaffinem
1504 2676 1560 2738 Dei
1578 2696 1709 2756 gerunt,
1727 2695 1794 2742 tum
1816 2677 1933 2752 ipi'oae·

310 2841 312 2844 .
350 2758 417 2827 &ss
437 2759 528 2825 aliter
549 2755 697 2830 fecerint,
716 2779 751 2823 ac
767 2755 900 2824 Ecclesia
914 2760 1058 2824 damnum
1075 2763 1122 2822 in·
1157 2782 1219 2837 vo,
1239 2779 1306 2824 tum
1323 2782 1377 2838 pru
1399 2761 1503 2835 cotia,
1524 2777 1614 2834 quam
1632 2760 1675 2821 eis
1693 2756 1801 2821 attulit
1822 2756 1932 2838 longus

350 2842 558 2921 depatiatur,
584 2836 645 2905 dte.
658 2836 1050 2913 tenenttrrcompensare&
1071 2858 1122 2905 ut·
1156 2840 1247 2918 usus,
1263 2858 1331 2904 tum
1353 2840 1483 2916 denique
1503 2857 1681 2914 curaquarn
1702 2853 1814 2916 gerunt
1834 2840 1942 2901 minoi

350 2940 423 3002 pote
451 2923 502 3001 qui
535 2918 688 2999 gesserunt
718 2920 814 2983 ctiam
839 2938 947 2985 contra
974 2918 1121 2986 iussitiam
1157 2943 1244 2996 rum,
1263 2919 1362 2998 sicque
1377 2924 1526 2985 maiorem
1545 2916 1647 2980 locum
1667 2919 1697 2978 in
1717 2916 1931 3006 communita·

346 3002 623 3067 commutativam·
928 3009 931 3014 '
1157 3021 1189 3066 te
1209 3002 1375 3066 obtinent.
1408 3003 1514 3077 Quare
1525 3019 1596 3062 cuna
1618 2994 1679 3061 sola
1701 2999 1800 3060 virtus
1819 2996 1857 3059 ht
1876 2995 1931 3062 ho·

390 3082 476 3146 Num
498 3099 573 3144 vero
586 3075 744 3144 restitutio
765 3075 904 3144 facienda
920 3079 957 3145 sit
972 3080 1121 3160 digniori,
1156 3079 1318 3159 notanda,
1348 3080 1397 3146 vel
1415 3081 1536 3158 propria
1560 3124 1570 3154 ,
1599 3076 1650 3141 vel
1672 3074 1827 3154 persone,
1844 3080 1934 3142 cuius

346 3161 598 3226 controvertitur
633 3177 651 3221 a
681 3152 871 3236 Theologis,
904 3156 940 3224 dt
960 3156 1121 3223 secundum
1158 3163 1393 3238 viresgerunt,
1422 3160 1472 3221 vel
1490 3154 1748 3234 similitudinem,
1769 3153 1790 3218 ss
1809 3159 1874 3231 quis
1892 3153 1933 3221 ob

350 3242 528 3305 Navarrum
545 3258 611 3317 cap.
625 3255 671 3320 tp.
692 3257 776 3299 oum.
788 3253 835 3316 ¹3·
853 3235 1036 3317 probabilius
1058 3258 1121 3303 oon
1157 3239 1273 3302 nullam
1290 3236 1419 3302 similem
1434 3232 1569 3302 caussam
1585 3235 1775 3315 honoratur,
1794 3233 1843 3298 [εά
1863 3256 1932 3300 tau·

349 3319 439 3386 debet
460 3315 527 3382 sreri
549 3363 558 3395 ,
575 3320 646 3394 quia
664 3312 852 3392 dispensator
871 3321 950 3381 circa
970 3319 1122 3399 digniores
1157 3338 1225 3383 tum
1243 3317 1283 3383 ob
1304 3318 1424 3397 aliquod
1445 3366 1455 3397 ,
1481 3316 1557 3393 quod
1579 3337 1641 3380 nou
1658 3313 1731 3380 facit
1752 3313 1868 3380 bonore
1887 3313 1933 3378 di·

350 3416 455 3480 peccat
475 3394 660 3461 solummodo
678 3412 789 3459 contra
817 3396 966 3464 iuslitiam
985 3395 1122 3462 distribu-
1156 3419 1266 3478 gnum,
1286 3399 1357 3461 idest
1368 3396 1621 3462 solodivitiarum
1637 3395 1866 3471 intuitu,quod
1875 3413 1932 3460 ve·

349 3483 476 3553 rivam,
501 3479 588 3540 cuius
606 3473 737 3539 violatio
756 3494 821 3540 noo
839 3475 958 3542 inducit
978 3498 1054 3541 onus
1074 3497 1122 3542 re·
1158 3481 1251 3544 titum
1270 3477 1313 3542 est
1335 3483 1399 3542 ine
1423 3476 1509 3541 islola
1525 3475 1685 3540 Catholica
1699 3474 1738 3539 D.
1749 3473 1854 3540 iacobi
1862 3493 1933 3554 cap.

349 3557 492 3624 slituendi
514 3604 523 3634 ,
550 3576 620 3622 tum
638 3575 679 3619 ex
701 3551 754 3618 illa
779 3553 882 3621 siritio
907 3560 971 3622 iure
990 3578 1051 3621 non
1072 3557 1122 3621 de·
1157 3579 1175 3620 s
1197 3578 1358 3640 peccatum
1374 3500 1421 3623 cs
1434 3559 1619 3632 acceptionis
1641 3555 1833 3632 personarum
1849 3573 1934 3617 osor·

347 3640 482 3706 beantur
503 3639 566 3712 iis,
591 3632 697 3712 quibus
723 3630 861 3702 facienda
884 3636 962 3702 ell'et
980 3636 1123 3703 distribu·
1158 3640 1251 3712 tale,
1280 3639 1315 3705 dt
1339 3640 1443 3701 multo
1466 3641 1560 3716 magis
1580 3634 1601 3698 [ι
1630 3633 1688 3699 fiat
1708 3657 1780 3702 cum
1800 3632 1934 3698 notabili

350 3725 400 3785 tio
425 3764 433 3796 ,
460 3715 508 3781 sed
532 3713 721 3780 solummodo
756 3717 826 3792 quia
847 3718 877 3779 in
898 3714 964 3794 ipsis
981 3719 1122 3783 invenia·
1157 3737 1339 3796 contemptu
1359 3720 1508 3797 aliorum,
1527 3716 1633 3792 quibus
1650 3715 1751 3782 honor
1768 3713 1863 3778 diviti
1879 3733 1933 3777 ex·

351 3816 403 3865 tur
418 3802 515 3862 maior
531 3797 692 3872 aptitudo,
766 3799 946 3874 proportio.
965 3796 1122 3862 Beneficia
1158 3798 1272 3864 hibitus
1293 3803 1386 3881 magis
1396 3797 1542 3872 debetur,
1563 3796 1613 3860 vel
1635 3793 1656 3857 [ι
1677 3817 1715 3860 eo
1734 3811 1860 3859 tantum
1876 3815 1933 3858 no·

351 3883 431 3943 enim
452 3897 515 3942 non
534 3875 682 3940 debentur
706 3875 887 3954 dignioribus
908 3893 1054 3953 tanquam
1074 3899 1122 3942 res
1156 3881 1253 3953 mint,
1275 3881 1423 3956 quiaquis
1443 3875 1486 3940 ell
1502 3877 1607 3949 dives,
1623 3875 1661 3939 ad
1676 3871 1751 3938 sacri
1770 3872 1933 3937 ministerii

351 3961 511 4038 prepriae,
534 3976 567 4019 ac
589 3959 690 4033 ptimo
711 3973 835 4031 propter
856 3953 952 4036 ipsos,
973 3956 1007 4024 ἃ
1024 3955 1122 4035 perse
1156 3960 1264 4039 gradus
1284 3954 1533 4033 Ecclesiasticos,
1560 3955 1611 4019 vel
1630 3953 1667 4018 ad
1684 3953 1843 4020 l'aeculatia
1860 3951 1934 4018 offi-

354 4040 518 4113 ioshtuta,
535 4036 583 4098 led
605 4050 751 4109 tanquam
771 4033 852 4099 bona
870 4041 1043 4101 communia
1060 4085 1069 4113 ,
1088 4034 1123 4102 bt
1155 4042 1203 4103 cia
1223 4087 1234 4117 ,
1261 4060 1330 4116 quae
1352 4035 1531 4117 pauperibus
1553 4037 1687 4100 multum
1708 4037 1740 4097 in
1757 4033 1935 4098 idoneitate

351 4140 414 4185 uon
432 4118 573 4190 illorum,
597 4111 645 4177 sed
665 4116 807 4180 ordinata
824 4119 855 4178 in
875 4135 1068 4182 communem
1089 4140 1125 4180 ιι·
1156 4117 1377 4199 excellentibus
1392 4117 1596 4193 deberentur,
1612 4113 1795 4179 assumatur.
1815 4113 1936 4177 Venia·
1952 4167 1966 4190 ,

352 4201 528 4264 tilitatem.
557 4195 628 4258 Hoc
650 4211 754 4259 tamen
780 4196 1011 4276 intelligendum
1026 4194 1069 4261 cll
1087 4197 1124 4260 de
1158 4202 1186 4265 le
1203 4219 1297 4278 vcro,
1316 4197 1450 4274 siquoad
1469 4193 1619 4260 consessus
1640 4244 1649 4273 ,
1677 4195 1710 4260 dt
1732 4191 1937 4258 salutationes

260 4276 264 4283 “
350 4277 514 4343 Beneficiis
533 4274 637 4364 quibus
656 4294 729 4339 cura
746 4279 917 4340 animarum
938 4274 1050 4340 nonest
1072 4277 1123 4341 ad·
1157 4280 1348 4358 quotidianas
1374 4278 1460 4341 dives
1483 4274 1656 4340 honoretur
1680 4292 1743 4358 prae
1774 4292 1963 4353 paupere,.

324 4389 326 4392 >
352 4379 453 4432 nexa,
473 4356 506 4422 &
529 4357 682 4432 speciatim
704 4356 741 4418 de
758 4356 794 4418 iis
815 4403 825 4432 ,
845 4376 971 4432 quorum
993 4357 1124 4434 provisio
1159 4377 1250 4436 atque
1273 4362 1319 4424 ita
1349 4356 1480 4422 humano
1508 4352 1614 4420 affediu
1639 4351 1786 4432 relpedlus
1808 4353 1935 4431 quidam

352 4459 416 4502 ¹³0⁰
442 4437 479 4500 fit
506 4446 571 4516 pei
586 4431 793 4511 (οηΐῦῐῖὓωὶ
815 4440 884 4509 quia
909 4440 939 4500 io
962 4434 1138 4516 ueneficiis
1159 4439 1305 4502 habeatur
1325 4437 1363 4502 ad
1383 4438 1527 4501 divitias.
1544 4437 1574 4499 Si
1599 4454 1674 4501 veto
1692 4434 1749 4498 hoc
1766 4431 1843 4508 hat,
1862 4435 1936 4510 quia

356 4523 471 4582 curatis
497 4536 628 4592 quorum
654 4512 783 4578 collatio
807 4513 843 4578 fit
873 4537 925 4590 per
945 4513 1125 4580 concursum
1158 4519 1272 4583 divites
1294 4516 1333 4581 ob
1351 4537 1462 4582 eorum
1486 4515 1611 4588 divitias
1637 4510 1821 4578 inlotis&
1841 4511 1937 4577 com·

351 4596 443 4662 alitor
458 4592 593 4660 sentiunt
610 4590 775 4669 Dodlores,
791 4615 825 4660 ut
842 4590 896 4660 suo
916 4595 999 4674 loco,
1021 4595 1071 4659 ubi
1088 4596 1125 4660 de
1159 4597 1362 4662 munitatibus
1385 4597 1487 4662 locum
1506 4594 1670 4661 obtineant
1698 4594 1841 4658 altiorem
1860 4640 1870 4672 ,
1900 4588 1936 4657 dt

352 4673 508 4748 beneficiis
523 4678 585 4737 iarn
605 4674 804 4737 notavimus.
826 4673 908 4737 Nam
923 4679 1126 4755 provocatio,
1160 4698 1199 4743 ex
1219 4677 1338 4741 divitiis
1362 4673 1547 4742 facultatem
1573 4675 1707 4740 habeant
1722 4673 1824 4738 multa
1842 4691 1937 4750 agen·

354 4777 424 4835 qttae
453 4755 488 4819 fit
510 4777 527 4821 a
546 4754 683 4822 Praelato
704 4753 867 4817 invitando
893 4757 930 4819 ad
949 4759 1126 4820 concursum
1162 4758 1210 4835 di,
1226 4777 1319 4834 quam
1334 4757 1388 4821 alii
1404 4777 1467 4820 non
1488 4755 1601 4820 habent
1620 4803 1629 4832 ,
1645 4754 1743 4819 honor
1762 4754 1820 4816 hoc
1838 4752 1945 4815 intui·.

354 4835 398 4900 esl
414 4836 536 4914 quidam
552 4836 761 4896 innominatus
776 4832 948 4898 contraditis
966 4882 976 4912 ,
995 4833 1068 4899 idest
1087 4836 1128 4899 do
1162 4854 1217 4914 tu,
1238 4839 1289 4913 qui
1310 4836 1348 4902 ad
1363 4836 1486 4900 civilem
1501 4831 1677 4900 convisium
1697 4836 1855 4912 pertinet,
1874 4829 1936 4895 sine

357 4916 477 4988 urdes,
499 4935 588 4991 quem
604 4912 820 4977 initPraelatus
834 4934 906 4978 cum
920 4914 1037 4979 clericis
1051 4936 1127 4981 con·
1162 4935 1291 4995 peccato
1312 4920 1410 4980 maior
1425 4936 1515 4991 quam
1534 4915 1601 4979 aliis
1619 4962 1628 4990 ,
1655 4913 1699 4976 eis
1714 4912 1850 4977 exhiberi
1869 4926 1937 4989 pot·

356 4991 514 5073 currentib
537 5002 721 5057 scootrnens
737 4991 919 5068 implicitum
928 4993 1047 5072 padiurn
1055 4994 1127 5064 dao-
1162 4994 1204 5060 esi
1225 5045 1235 5076 ,
1255 4994 1289 5060 dt
1304 4993 1343 5060 src
1351 4996 1490 5061 advertit
1505 4997 1602 5059 etiam
1621 4992 1784 5056 &loannes
1805 4987 1937 5073 Chryso·

357 5074 389 5140 di
413 5073 495 5141 liene
520 5073 602 5140 ciu'm
630 5075 660 5138 ei
678 5119 689 5153 ,
715 5073 822 5150 quiin
842 5076 982 5142 examine
1008 5074 1128 5158 dignior
1164 5075 1295 5156 slotnus,
1311 5095 1421 5155 nempe
1439 5094 1503 5140 nou
1517 5075 1650 5141 ervitio
1669 5075 1858 5153 acceptionis
1870 5087 1937 5149 per·

535 5178 537 5182 “
862 5189 865 5193 ’
1817 5171 1895 5219 oua·
