4425 6000
517 496 1190 574 Trncr.oeiur.usrtr1n
1218 489 1289 568 &n
1314 494 1516 595 Cnemis.
1707 504 1759 599 69

235 617 429 681 quocumque
450 595 542 662 modo
556 599 685 673 periret,
704 595 902 662 restituenda.
926 612 953 674 3.
976 596 1006 658 Si
1041 592 1162 680 quidem
1182 590 1202 655 sr
1219 593 1324 658 'talem
1338 597 1520 659 cautionem
1537 615 1598 661 non
1626 598 1809 669 adbibuerit·

238 681 495 748 commodatarios
522 696 586 740 non
610 674 778 741 restituerit
796 696 862 741 tem
878 676 1007 751 praefixo
1041 694 1079 737 eo
1098 671 1270 749 quoa-tune
1300 692 1419 753 magnas
1450 675 1647 754 negligentiae
1677 702 1747 747 reus

236 759 452 839 tempore‚ob
488 776 558 820 uam
581 776 696 820 moram
726 776 773 819 res
800 758 923 833 perierit
952 775 1006 820 aut
1041 771 1078 817 ut
1099 752 1178 833 ercl-
1203 773 1228 841 ¹:
1252 757 1278 818 §-
1296 754 1333 841 de
1351 750 1435 833 oblig.
1455 752 1564 843 (aab.
1585 757 1635 821 ubi
1667 759 1727 825 stc:
1747 783 1809 826 nra·

234 843 376 906 deterior
407 778 568 910 evaserit,
595 834 674 912 quod
702 835 908 900 verisimiliter
945 834 1006 898 sine
1037 852 1128 911 gnam
1144 833 1349 911 negligentiam
1366 835 1477 911 placuit
1495 833 1529 899 in
1547 836 1606 901 doli
1624 839 1812 907 criminere·

238 919 296 985 hac
318 940 406 987 mora
424 937 487 982 non
503 915 679 995 contigisset
697 960 706 977 .
729 916 778 982 Sic
800 918 1006 982 communiter
1041 913 1125 976 dere.

1080 991 1150 1055 Nec
1176 991 1260 1055 valet
1290 991 1410 1071 dicere,
1439 993 1517 1071 quod
1536 994 1624 1061 sicuti
1651 1019 1811 1069 mutuatae

1042 1074 1126 1147 rius,
1146 1073 1197 1148 qui
1219 1091 1299 1147 rem,
1323 1075 1514 1152 pecuniam,
1539 1078 1649 1140 vinum
1678 1078 1739 1145 &c
1762 1102 1807 1147 re·

570 1160 598 1219 ς,
638 1152 677 1215 V.
1041 1153 1142 1214 mittit
1171 1171 1223 1227 per
1251 1153 1395 1243 nuntium
1418 1156 1515 1217 etiam
1534 1153 1739 1248 fidelissimum
1762 1175 1810 1227 te·

238 1282 281 1343 n
302 1272 428 1355 diversa
447 1267 608 1336 amam
632 1264 763 1337 arrian
777 1290 797 1331 ⁸
811 1267 1004 1335 ammm.
1042 1229 1189 1375 latiaris
1203 1227 1809 1383 tristissimilatiali

276 1393 357 1457 Cum
383 1388 560 1454 Precarium
590 1383 698 1449 habeat
729 1384 786 1448 hoc
812 1406 890 1450 onus
910 1404 1006 1451 anne·
1042 1389 1267 1466 modatariumt
1282 1410 1355 1454 nam
1376 1388 1437 1454 lata
1461 1394 1543 1456 inter
1570 1364 1623 1459 lr'os
1651 1397 1808 1475 disparitas

235 1494 332 1548 rum,
349 1487 387 1535 ut
419 1467 533 1545 semper
562 1467 701 1530 revocari
722 1462 809 1538 possit
831 1466 868 1530 ad
895 1483 1005 1529 nutum
1043 1468 1227 1546 intercedit,
1243 1488 1282 1532 eo
1300 1470 1373 1544 quia
1396 1475 1602 1537 mutuatarius
1626 1474 1735 1542 habeat
1754 1478 1808 1542 do·

236 1550 433 1619 concedentis
454 1548 564 1611 merito
580 1544 712 1625 Legibus
730 1542 880 1608 statutum
908 1544 950 1607 ell
969 1562 1005 1608 ut
1042 1551 1170 1612 minium
1188 1551 1232 1612 rei
1252 1566 1362 1612 mutuo
1383 1567 1536 1629 accepta,
1556 1553 1683 1631 ideoque
1709 1558 1805 1623 donec

237 1636 269 1696 in
298 1630 426 1709 precarii
442 1624 600 1691 contrado
626 1643 687 1687 non
712 1641 855 1689 teneatur
874 1626 940 1700 quis
968 1624 1005 1689 ad
1042 1649 1102 1693 non
1124 1627 1160 1692 stt
1182 1631 1212 1690 in
1233 1647 1326 1690 manu
1346 1634 1519 1696 mutuantis
1528 1634 1626 1709 perire
1642 1633 1730 1701 debet
1740 1658 1808 1702 mu-

237 1707 480 1784 restituendum,
501 1704 553 1781 nist
573 1723 612 1768 ex
631 1702 721 1779 dolo,
741 1720 797 1770 aut
811 1702 900 1779 culpa
922 1703 1014 1768 lata.¹
1042 1712 1195 1784 tuatario,
1214 1709 1267 1783 qui
1296 1710 1423 1771 interim
1444 1706 1557 1786 semper
1575 1713 1618 1776 esi
1640 1714 1807 1794 dominus,

238 1791 341 1858 Aliter
362 1807 468 1854 tamen
488 1780 648 1848 dicendum
667 1782 711 1845 est
737 1785 769 1846 in
789 1782 1003 1863 commodato.
1040 1791 1111 1865 quia
1128 1808 1176 1851 res
1192 1787 1317 1850 domino
1334 1790 1413 1863 perit
1429 1835 1438 1863 ‚
1457 1809 1518 1853 non
1540 1810 1615 1857 vero
1632 1798 1808 1861 commoda-

238 1872 323 1938 Nam
337 1866 529 1933 commodans
551 1883 612 1926 non
633 1859 730 1939 potest
747 1882 810 1925 rern
827 1863 1001 1946 commoda·
1042 1870 1149 1943 tarius,
1166 1883 1275 1942 utpote
1295 1870 1428 1943 quinon
1448 1867 1638 1937 sitdominus
1659 1877 1702 1937 rei
1725 1895 1808 1939 com·

236 1969 303 2017 tam
320 1964 460 2027 repetere
476 1942 530 2007 nisi
550 1940 613 2019 poll
632 1939 737 2020 usum,
756 1940 789 2006 ἀ
822 1960 939 2016 tempus
961 1942 1006 2010 'de
1040 1945 1183 2011 modatae.
1200 1944 1296 2023 Igitur
1314 1943 1353 2009 ob
1366 1944 1535 2024 oppostam
1555 1953 1810 2029 rationemquan·

207 2098 210 2104 ,
237 2030 348 2109 quibus
366 2041 555 2092 conventum
574 2021 646 2085 cst.
681 2019 770 2085 Unde
788 2044 858 2085 cum
881 2040 919 2083 ex
947 2010 1005 2104 bic
1039 2027 1078 2090 do
1094 2047 1134 2090 ex
1162 2026 1249 2090 nulla
1276 2024 1365 2099 culpa
1394 2046 1434 2089 ex
1461 2046 1546 2103 parte
1576 2034 1808 2100 commodatarii

239 2121 337 2190 parte]
350 2107 416 2185 plus
430 2103 543 2168 habeat
559 2104 677 2179 oneris,
696 2102 813 2166 exalia
838 2103 1005 2178 ffloe‘mi·
1041 2123 1146 2183 pereat
1163 2127 1210 2171 res
1229 2104 1282 2168 luo
1298 2101 1422 2171 domino
1436 2110 1516 2185 perit
1534 2156 1544 2190 ,
1574 2109 1704 2189 ideoque
1726 2134 1808 2180 com·

237 2210 297 2255 nus
317 2184 460 2252 sustinete
475 2183 578 2248 debet.
1042 2186 1198 2252 modanti.
1793 2242 1796 2248 ,

276 2270 308 2333 st
328 2286 376 2333 tes
397 2281 502 2330 autem
521 2261 712 2328 commodata
731 2264 928 2343 pereatapud
956 2285 1005 2330 co·
1608 2343 1622 2350 ,μ

238 2348 445 2415 modatarium
464 2344 537 2409 dum
557 2364 645 2421 aeque
671 2341 916 2421 periturasuisset
928 2346 1005 2424 apud
1352 2352 1380 2413 §-
1410 2345 1499 2431 Vll,

235 2426 485 2496 commodantem
505 2445 535 2489 v.
552 2445 579 2499 g.
596 2428 750 2489 communi
768 2425 1004 2501 incendiorum
1040 2470 1082 2530 De
1092 2461 1272 2608 suffitum
1286 2461 1328 2530 (φ
1342 2446 1579 2606 „qmfigo'wllae
1593 2466 1673 2533 levis
1688 2469 1730 2533 ad
1741 2491 1806 2535 m.

236 2502 504 2724 {ailisisti
518 2503 1005 2661 tataruulalutr
1079 2544 1652 2704 335,,5323ngqu2
1663 2548 1807 2630 aaran

237 2670 337 2733 tarius
357 2683 392 2730 ut
435 2666 614 2738 upponimus
647 2682 709 2725 non
738 2658 797 2725 suit
825 2662 929 2726 caussa
961 2667 1004 2726 in·

237 2744 415 2812 cendii.1n
446 2738 516 2805 casu
546 2761 621 2804 vero
661 2740 719 2803 uod
748 2742 1007 2805 commodatarius‘
1079 2738 1238 2817 Supposito
1268 2740 1426 2806 contrailu
1445 2743 1477 2804 in
1497 2742 1657 2819 utriusque
1682 2746 1805 2812 utilita-

198 2845 209 2856 ·
239 2847 286 2891 res
307 2819 376 2889 suas
393 2819 429 2887 dt
448 2818 500 2884 srbi
519 2763 731 2884 commodatae
749 2818 876 2884 liberare
899 2825 1005 2897 nequit
1041 2836 1123 2896 tem,
1139 2819 1175 2882 ad
1193 2822 1405 2884 incurrendam
1420 2819 1636 2899 obligationem
1647 2822 1805 2888 restituen-

239 2926 257 2971 a
274 2907 363 2970 ruina
376 2950 391 2980 ,.
405 2917 478 2978 puta
497 2899 535 2964 ab
553 2900 695 2962 incendio
717 2898 839 2974 alioque
857 2904 944 2978 gravi
953 2921 1005 2965 ca·
1043 2897 1100 2976 di,
1124 2896 1235 2963 sufficit
1264 2920 1300 2963 ac
1320 2902 1481 2976 requiritur
1499 2902 1587 2979 culpa
1607 2902 1687 2967 levis
1705 2901 1739 2967 &
1761 2907 1806 2968 la·

224 2982 280 3065 su,
297 2984 332 3051 dc
352 3004 398 3048 res
420 2979 609 3045 commodata
631 2995 666 3043 ut
693 2974 767 3044 solet
786 2978 874 3044 cedat
894 2986 926 3044 in
943 2983 1004 3046 uti·
1041 2994 1074 3043 ta
1097 3027 1105 3055 ,
1138 2999 1199 3042 non
1220 2996 1323 3045 autem
1343 2978 1493 3070 levissima
1511 3001 1552 3045 ex
1571 2981 1591 3045 l.
1614 3004 1641 3060 5.
1671 2988 1697 3048 §-
1723 2988 1806 3048 Com·

238 3065 359 3132 litatem
374 3061 465 3127 solius
487 3062 662 3137 recipientis
679 3057 750 3123 idest
769 3062 1002 3127 commodatarii
1039 3060 1115 3123 mod.
1144 3058 1178 3124 ἀ
1195 3059 1215 3121 l.
1238 3076 1286 3138 23.
1308 3061 1450 3139 deregul.
1468 3060 1565 3138 turis,
1584 3060 1618 3126 &
1639 3065 1722 3127 tatio
1742 3061 1806 3142 est,
1856 3115 1859 3121 .

236 3144 327 3210 debet
350 3143 401 3207 ille
438 3139 560 3206 raeserre
590 3162 655 3204 rem
685 3140 816 3206 alienam
847 3139 897 3206 sabi
922 3164 1004 3207 com·
1039 3142 1107 3218 quia
1124 3161 1194 3205 cum
1217 3137 1390 3205 contradus
1416 3140 1506 3205 cedat
1526 3144 1557 3204 in
1583 3142 1753 3208 utilitatem
1772 3164 1805 3210 e·

236 3224 393 3291 nodatam
414 3165 471 3285 suis
492 3223 620 3301 propriis
640 3222 785 3301 minoris,
806 3240 859 3286 aut
876 3225 1003 3299 aequalis
1041 3222 1116 3285 tiam
1131 3220 1232 3285 dantis
1254 3268 1262 3297 ‚
1293 3241 1416 3298 aequum
1432 3240 1494 3284 non
1511 3220 1554 3285 est
1572 3269 1580 3297 ,
1600 3239 1636 3286 ur
1656 3225 1805 3300 recipiens

238 3305 376 3381 rasoris,
398 3321 458 3365 non
479 3319 582 3364 tamen
604 3298 735 3378 suisquae
752 3301 931 3367 notabiliter
940 3303 1003 3377 plu·
1040 3299 1076 3362 ad
1094 3318 1214 3364 tantam
1234 3318 1379 3364 teneatur
1399 3298 1615 3379 diligentiam,
1635 3323 1671 3366 ac
1691 3300 1712 3365 sr
1733 3323 1806 3368 con·

241 3386 282 3449 ris
304 3385 429 3449 valent.
449 3379 479 3442 Si
499 3398 601 3444 tamen
623 3398 729 3460 agatur
749 3381 785 3444 de
811 3381 1004 3450 commodato
1040 3377 1151 3442 trastus
1171 3378 1311 3444 tenderet
1335 3385 1367 3442 in
1389 3376 1483 3444 solam
1502 3379 1584 3444 suam
1605 3382 1802 3447 utilitatem:

239 3465 405 3544 improprie
423 3460 522 3537 ditio,
541 3460 619 3535 quod
639 3461 732 3537 magis
755 3481 863 3540 vergat
886 3465 918 3524 in
942 3465 1004 3526 uti·
1040 3459 1151 3523 idcirco
1168 3460 1204 3522 ad
1226 3459 1301 3524 nihil
1320 3477 1470 3535 tenetur,
1498 3457 1519 3521 st
1542 3455 1649 3525 secerit
1666 3463 1743 3536 quod
1759 3463 1806 3529 di·

239 3541 361 3608 litatem
375 3542 488 3616 dantis,
504 3538 601 3616 potest
619 3560 665 3603 res
682 3539 747 3602 suas
768 3543 864 3604 etiam
880 3543 1004 3604 minoris
1040 3540 1213 3617 ligentiores
1233 3536 1330 3606 facere
1345 3536 1444 3603 solent
1464 3543 1495 3600 in
1515 3537 1603 3601 simili
1622 3561 1660 3603 re
1685 3547 1805 3620 propria

239 3622 352 3687 valoris
382 3618 469 3685 rebus
501 3621 626 3683 alterius
650 3614 816 3695 praeferre.
841 3620 871 3682 Si
900 3638 1004 3684 autem
1038 3615 1261 3684 conservanda.
1284 3619 1335 3681 Ita
1351 3620 1446 3682 etiam
1463 3617 1596 3681 habetur
1615 3639 1655 3682 ex
1675 3621 1734 3701 l.3.
1757 3623 1804 3683 in·

237 3701 410 3766 contradus
426 3697 463 3764 stt
480 3702 510 3760 in
532 3697 704 3761 utilitatem
730 3695 884 3779 utriusque
904 3699 1003 3775 potest
1039 3696 1137 3762 slitut.
1165 3702 1216 3762 tit.
1244 3694 1347 3776 quibus
1375 3697 1476 3771 ‚modis
1504 3696 1690 3761 contrabatur
1719 3697 1803 3778 oblig.

237 3779 361 3858 quisque
377 3781 500 3844 cacteris
522 3776 641 3850 paribus
661 3796 707 3837 res
718 3786 854 3852 proprias
871 3782 1004 3856 maioris,
1040 3777 1089 3842 ubi
1110 3777 1239 3855 dicitur,
1258 3776 1339 3854 quod
1360 3781 1508 3852 accipiens
1533 3778 1638 3855 pignus
1659 3794 1805 3845 teneatur

235 3879 288 3926 aut
309 3859 436 3936 aequalis
457 3855 571 3920 valoris
593 3853 735 3930 praeserre
755 3855 861 3919 alienis
883 3877 1004 3921 nonne-
1039 3857 1076 3920 ad
1105 3858 1243 3921 exaesam
1274 3856 1355 3920 illius
1387 3855 1579 3933 cuslodiam,
1603 3877 1665 3922 non
1699 3874 1804 3924 autem

238 3959 271 4004 ro
289 3941 417 4003 viliores
442 3981 449 3997 .
478 3933 620 4010 Idemque
639 3933 735 3998 dicito
753 3933 839 4000 dere
858 3935 1004 4015 deposita,
1041 3937 1078 4000 ad
1113 3936 1359 4010 crassissimam,
1392 3952 1428 3999 ut
1460 3937 1491 3998 in
1523 3934 1628 4001 Glossa
1655 3936 1802 4002 ibidem.

236 4017 404 4094 tondufla,
419 4018 450 4078 in
470 4017 575 4095 pignus
599 4009 713 4079 tradita
727 4012 788 4079 arc.
1040 4019 1150 4094 Pignus
1171 4033 1275 4081 autem
1294 4016 1375 4080 cedit
1403 4015 1623 4079 inutilitatem
1645 4019 1803 4083 creditoris

672 4146 676 4153 .
1040 4099 1071 4157 in
1097 4094 1348 4162 assecurationem
1369 4091 1410 4156 sui
1435 4095 1571 4173 crediti,
1597 4095 1801 4162 &debitoris

552 4184 579 4243 §-
618 4172 684 4239 Vl.
1040 4178 1072 4237 in
1092 4193 1241 4251 quantum
1257 4180 1362 4255 pignus
1378 4191 1466 4238 tenet
1487 4174 1586 4238 locum
1607 4179 1761 4253 pecuniae,

240 4296 283 4358 ne
297 4289 461 4379 puppim
480 4289 524 4355 m·
542 4292 730 4358 commodata·
750 4291 782 4355 in
798 4289 826 4371 ip
869 4314 883 4353 Ι
903 4290 1002 4374 Μὶψο,
1080 4255 1197 4321 Nautae
1223 4273 1353 4332 tamen,
1373 4274 1545 4330 caupones,
1565 4252 1731 4319 Stabularu
1756 4273 1801 4319 te.

314 4371 705 4514 rrtdrqqqp
725 4373 768 4436 «a
781 4372 809 4451 i
832 4390 923 4436 as
1040 4336 1444 4492 attumulatur
1464 4332 1712 4478 {arsula
1733 4355 1803 4494 tt·

1037 4495 1084 4559 tir.
1101 4511 1129 4572 9.
1151 4493 1170 4556 l.
1192 4496 1271 4558 nNe
1286 4490 1412 4571 quisquis
1430 4505 1514 4570 putei
1530 4498 1543 4573 (
1557 4496 1599 4558 ait
1618 4493 1808 4570 Vulpianusl
1836 4563 1852 4569 q

270 4565 337 4642 Qu
356 4582 418 4630 rem
437 4565 670 4631 commodatam
695 4589 749 4648 per
770 4568 902 4646 aliquem
927 4589 1001 4632 nun·
1033 4573 1174 4652 graviter
1203 4571 1253 4636 boc
1281 4571 1427 4651 adversus
1452 4593 1498 4658 eor
1517 4572 1569 4652 effe
1595 4572 1798 4653 constitutum.

236 4644 313 4710 tium
334 4648 464 4710 remittit
480 4649 530 4724 qui
550 4666 619 4709 eam
635 4645 826 4724 depraedatur
843 4666 900 4712 aut
924 4649 1000 4713 eiul-
1037 4656 1120 4716 Nam
1151 4652 1191 4730 est
1218 4653 1251 4715 in
1272 4651 1396 4730 ipsorum
1421 4651 1598 4716 arbitrique
1619 4673 1703 4729 quem
1730 4653 1801 4717 reci,-
1846 4681 1848 4684 ·

231 4723 300 4795 dem
321 4724 410 4802 culpa
431 4724 493 4789 alio
521 4728 614 4790 modo
643 4732 743 4804 perit,
763 4748 819 4791 nec
836 4723 865 4790 se
884 4727 999 4807 obliga·
1014 4762 1022 4814 Ι
1032 4733 1134 4809 pianr,
1150 4730 1256 4820 &nist
1273 4731 1324 4795 boc
1343 4732 1407 4811 effes
1419 4731 1581 4810 statutum,
1601 4730 1727 4796 materia
1746 4733 1800 4794 da·
1822 4807 1824 4811 Ι

234 4806 282 4868 vit
303 4803 340 4868 ad
362 4805 447 4869 illam
457 4826 509 4882 per
519 4802 642 4883 seipsum
664 4803 879 4869 restituendam
894 4806 998 4872 &ele-
1036 4819 1118 4874 retur
1133 4822 1197 4872 ium
1210 4809 1348 4890 juribus.
1369 4811 1515 4891 adversus
1534 4832 1607 4888 eos,
1636 4831 1706 4891 quos
1725 4806 1800 4876 recil
1821 4833 1823 4836 ·

234 4885 276 4955 rit
293 4881 449 4961 personam
464 4885 501 4948 de
520 4889 607 4950 cuius
623 4883 773 4950 fidelitate
790 4885 996 4964 &diligentia
1030 4889 1117 4967 piune
1133 4891 1271 4954 coeundi.
1294 4890 1342 4954 Sic
1364 4888 1501 4954 Toume.
1831 4917 1834 4923 ·

236 4975 457 5043 retruserat,
484 4962 643 5028 restituere
671 4985 734 5028 non
762 4981 888 5028 tenetur
919 5013 929 5044 ,
958 4986 996 5030 eo
1072 4968 1219 5034 Debitum
1253 4989 1327 5034 vero
1354 4967 1553 5035 restitutionis
1581 4972 1615 5034 in
1642 4966 1801 5036 recensitis
1879 4983 1881 4987 ’

236 5038 306 5112 quia
326 5034 388 5128 sine
407 5038 459 5107 sua
485 5044 577 5122 culpa
599 5042 745 5118 deceptus
772 5041 810 5106 srt
831 5064 840 5107 ε
870 5061 996 5112 tenetur
1031 5045 1146 5115 casibus
1166 5068 1375 5132 exurgentes
1390 5049 1480 5124 culpa
1500 5047 1719 5130 iuridicalevi,
1747 5044 1802 5125 vel
1821 5054 1850 5121 „5

311 5118 408 5217 infin.
425 5118 526 5187 Theoi.
544 5123 654 5223 dryas.
675 5121 765 5189 Tom.
782 5118 837 5186 ΙΙΙ.
1007 5136 1009 5141 ’
1121 5155 1185 5193 „f-
1432 5127 1459 5191 E
1497 5142 1516 5209 3
1715 5126 1833 5200 latr.
