4425 6000
517 497 688 580 Traur.
716 515 774 577 na
802 500 1064 583 virturis·
1092 487 1319 578 Decitoei
1350 490 1451 569 Cir.
1476 495 1525 569 v.
1659 585 1662 590 Ι

237 617 373 674 superem
393 598 446 670 fibi
470 604 678 682 praecludatur
703 608 755 669 via
780 606 976 680 poenitenriae
998 633 1008 664 c
1043 601 1115 676 ptiae
1133 603 1230 675 vitae,
1245 593 1319 660 idest
1334 615 1404 690 cum
1419 594 1569 691 occisione
1577 593 1680 664 iniusti
1698 588 1815 679 ageres·

238 685 289 751 lta
309 686 337 748 S.
361 687 536 750 Antoninus
553 702 632 761 part.
651 705 680 747 a.
705 682 753 748 ris.
777 704 803 747 1.
818 701 877 761 cap.
895 684 1008 763 3.Qiid
1042 679 1141 756 soris,-
1157 679 1244 742 licita
1262 674 1306 741 est
1326 674 1442 741 etiamsi
1462 674 1590 740 iniussus
1602 680 1751 761 aggressor
1770 677 1815 747 es·

238 785 317 832 vero
336 757 510 840 requiratur
527 782 561 828 ut
579 770 611 826 in
627 763 777 832 occisione
793 766 930 828 servetur
940 785 1004 828 mo·
1042 759 1087 823 set
1112 759 1269 835 princeps,
1289 774 1344 850 aut
1360 753 1493 851 minister
1523 756 1668 851 iustitiae,
1684 760 1815 858 ebrius,

238 846 384 910 letamen
404 844 573 919 inculpata
590 844 721 921 tutele,
738 847 799 907 iam
814 841 1008 919 exposuimus
1043 847 1177 915 amena,
1205 836 1268 902 sive
1298 836 1350 901 ille
1379 856 1476 932 ettam
1504 859 1556 914 qui
1578 840 1758 918 agnoscatur
1782 859 1815 905 in

238 942 331 989 antea
348 926 379 986 in
403 923 630 1006 conditionibus
651 923 754 1001 positis
778 926 812 988 iii
834 941 1008 1002 praenotan·
1042 918 1166 1012 mortali
1185 931 1312 1013 peccato
1331 916 1536 1012 constitutus,
1555 924 1625 994 quia
1642 923 1815 999 Princeps,

237 1003 300 1068 dis.
320 1000 498 1067 Difficultas
519 1010 622 1068 samen
639 1003 689 1070 hie·
705 1008 778 1069 oriri
800 1005 916 1083 pollet,
933 1025 1007 1066 iium
1043 1017 1098 1064 aut
1119 996 1255 1061 minister
1272 993 1397 1062 iuslisiae
1423 997 1592 1066 dominium
1617 1020 1679 1064 non
1699 1000 1815 1068 habent

239 1080 352 1146 liceret
372 1082 510 1147 occidere
532 1104 585 1159 pro
602 1081 677 1147 difla
699 1083 873 1149 defensione
894 1080 1008 1163 aggres·
1042 1078 1309 1172 humanavitae',
1331 1076 1381 1142 ubi
1406 1080 1681 1146 extraiudicialiter
1711 1080 1750 1145 de
1776 1099 1815 1148 ee

237 1159 355 1235 sorem,
374 1157 495 1239 quaudo
515 1162 637 1227 invasus
660 1166 793 1229 caussam
818 1163 933 1228 dederit
959 1185 1008 1242 ag·
1041 1158 1221 1246 disponant,
1244 1179 1315 1250 quta
1341 1176 1416 1222 tunc
1436 1177 1499 1221 non
1520 1155 1693 1237 plusquam
1713 1163 1815 1239 priva·

236 1238 400 1320 gressioui,
416 1257 491 1318 pura
508 1242 777 1322 irrideud0,alapa
792 1242 1006 1312 eredendoom
1043 1247 1084 1303 tae
1105 1241 1237 1315 personae
1258 1259 1359 1331 uicem
1383 1252 1523 1317 gerunt;
1556 1238 1625 1305 hinc
1645 1260 1708 1306 non
1733 1239 1814 1306 secut

236 1316 404 1386 Affirmant
421 1324 581 1403 permulti,
601 1341 639 1387 eo
654 1330 725 1402 quia
745 1329 795 1402 qui
812 1324 932 1402 alapam
959 1346 1007 1389 ac·
1041 1340 1077 1383 ac
1098 1329 1206 1383 contra
1228 1328 1384 1397 privatam
1413 1314 1597 1398 personam,
1625 1320 1744 1388 licitum
1770 1319 1814 1385 rsl

235 1402 338 1477 repit,
355 1419 395 1465 ex
417 1400 474 1465 buc
495 1405 543 1466 ius
563 1422 627 1467 non
653 1409 785 1482 acquirit
808 1404 942 1470 alterum
957 1424 1008 1468 oc·
1041 1408 1149 1463 contra
1169 1395 1249 1475 ipsos
1266 1396 1317 1461 sub
1333 1398 1391 1463 tali
1412 1395 1537 1490 precise
1557 1399 1813 1479 respersu-proca-

210 1525 214 1532 -
235 1479 375 1556 eideudi,
392 1499 448 1545 nec
465 1483 588 1560 proinde
609 1488 660 1559 qui
681 1505 749 1548 earn
769 1488 932 1562 impinxit,
958 1489 1006 1548 lua
1042 1478 1128 1542 dere.
1151 1469 1225 1543 Vita
1246 1491 1321 1572 vero
1342 1487 1494 1571 amentia,
1514 1477 1549 1543 δι
1569 1478 1748 1548 ebriolinon
1769 1481 1813 1545 est

236 1555 339 1624 amisi
355 1559 478 1625 tuendae
501 1566 598 1639 vitae,
620 1561 837 1629 acservandie.
857 1564 887 1626 Si
904 1568 1006 1641 potuit
1041 1560 1174 1623 melioris
1193 1558 1379 1623 conditionis
1400 1579 1490 1634 quain
1512 1575 1576 1623 vita
1597 1560 1728 1627 bominis
1745 1560 1813 1625 len·

236 1645 342 1704 trimis
358 1639 472 1704 occisor
492 1641 663 1719 praevidere
675 1642 730 1709 boc
740 1643 935 1721 secuturum,
952 1645 1007 1707 ob·
1042 1637 1118 1716 sati,
1138 1638 1171 1703 ἀ
1195 1640 1422 1714 temperantis,
1447 1639 1544 1702 Porro
1562 1659 1712 1718 gravatur
1730 1660 1813 1705 mor·

181 1763 188 1774 .
237 1722 347 1781 noxius
370 1723 430 1783 erit
450 1720 692 1800 irregularitati,
712 1722 874 1804 dutntnpdo
902 1741 1005 1787 tamen
1041 1718 1094 1781 tali
1116 1720 1206 1806 culpa
1231 1716 1340 1781 iniusla
1360 1717 1414 1782 sua
1441 1717 1626 1797 aggressione
1649 1742 1703 1797 per
1722 1721 1813 1786 buiu-

180 1862 183 1869 ,
234 1798 369 1861 eauslam
388 1819 450 1862 non
471 1799 683 1869 retraslavetit
711 1799 869 1868 oblatione
890 1799 1007 1867 satissa-
1039 1797 1168 1862 scemodi
1183 1801 1269 1861 suum
1289 1797 1403 1862 slatum
1420 1803 1525 1874 nequit
1542 1803 1664 1875 privare
1679 1802 1755 1866 alios
1765 1803 1812 1866 iu·

224 1876 369 1953 -slionia,
397 1882 469 1954 quia
494 1898 568 1945 tunc
600 1883 696 1949 adbuc
717 1883 793 1949 esset
822 1881 1005 1948 necessarius
1039 1897 1073 1939 re
1093 1876 1178 1942 iuslae
1199 1873 1396 1955 defensionis,
1417 1884 1489 1956 quia
1507 1879 1577 1943 talis
1601 1880 1747 1960 obligatio
1771 1897 1811 1954 etc

234 1954 408 2020 homicida·
429 2016 433 2023 ,
937 2005 942 2013 .
1038 1971 1147 2036 genere
1168 1954 1221 2021 luo
1240 1956 1399 2021 manifesse
1419 1959 1539 2022 cederet
1556 1962 1588 2021 in
1608 1980 1736 2038 gravem
1745 1980 1812 2040 per·

255 2034 312 2098 -lsl
329 2036 399 2099 ⁶³1⁰
415 2057 474 2112 ‘luo
489 2042 554 2115 quis
571 2040 784 2120 probabiliter,
798 2043 849 2107 rel
870 2034 1005 2120 probabi·
1040 2036 1266 2115 turbationem,
1288 2058 1323 2102 ac
1343 2037 1626 2103 damnificationem
1644 2041 1810 2119 proborum

233 2107 313 2191 lius,
333 2134 387 2178 aut
407 2117 515 2180 morali
534 2124 720 2186 certitudine
735 2127 873 2188 crederet
895 2123 933 2187 ab
949 2123 1005 2186 ali·
1038 2121 1177 2182 omnium
1203 2115 1537 2205 quorumconsetvatio
1552 2124 1724 2197 generatim
1732 2123 1812 2188 mus·

232 2212 298 2269 quo
317 2191 370 2256 sibi
403 2197 568 2260 machinari
597 2219 728 2266 mortem
788 2215 873 2267 certe
892 2224 931 2268 ex
948 2201 1004 2270 hac
1039 2211 1074 2261 to
1093 2201 1187 2276 magis
1203 2197 1424 2262 necessariaell
1442 2198 1587 2265 humanae
1608 2198 1810 2282 reipublice,

232 2271 365 2336 mentali
374 2280 480 2338 mortis
491 2280 718 2345 machinatione
731 2249 866 2348 absolute
877 2284 1005 2361 loquen·
1037 2299 1130 2354 quani
1150 2280 1373 2355 improborum.
1395 2277 1512 2342 Idcirco
1536 2281 1568 2342 in
1591 2279 1646 2345 tali
1666 2278 1737 2348 casii
1756 2302 1809 2348 oe·

231 2352 273 2416 do
291 2372 355 2415 nou
375 2359 404 2416 ei
425 2355 533 2421 liceret
555 2360 651 2425 alium
668 2366 837 2440 praevenire
855 2362 944 2439 ipsine
956 2367 1004 2427 in·
1036 2360 1139 2422 cidens
1160 2358 1254 2424 talem
1268 2361 1363 2422 etiam
1379 2356 1523 2421 iniussum
1540 2360 1738 2438 aggrederer
1753 2381 1810 2438 pro

232 2438 413 2495 teriiecione
423 2478 438 2511 ‚.
451 2435 504 2498 nili
523 2454 626 2504 rammi
642 2438 826 2521 aggressione
843 2445 1002 2522 violenta,
1038 2436 1207 2503 huiusmodi
1224 2435 1275 2501 sua
1295 2436 1468 2502 defensione
1488 2459 1550 2502 non
1572 2458 1676 2517 ageret
1690 2460 1809 2520 expro-

232 2526 288 2576 aut
314 2509 433 2577 adsone
462 2517 637 2593 aggressioni
668 2528 853 2601 propinqua,
884 2544 1001 2589 necnon
1036 2521 1103 2595 prio
1121 2518 1270 2594 arbitrio,
1286 2514 1334 2581 sed
1349 2539 1388 2581 ex
1409 2514 1465 2581 Dei
1487 2520 1700 2584 ordinatione.

230 2611 303 2656 euin
322 2596 411 2670 gravi
464 2599 562 2664 riculo
581 2600 742 2666 eoniunfla
764 2602 835 2667 talia
850 2603 1002 2670 machina·
1077 2600 1161 2661 Num
1183 2619 1261 2663 vero
1275 2602 1341 2677 quis
1369 2596 1486 2676 possit,
1517 2602 1578 2663 imo
1598 2598 1807 2667 debeat'oeei-

232 2674 280 2735 tio
300 2611 597 2768 manses-lectum&
619 2685 784 2759 periculum
810 2682 1001 2759 psaelentlfll·
1034 2676 1106 2744 dere
1130 2678 1274 2743 iniussum
1296 2678 1516 2758 aggressorem,
1535 2682 1585 2755 qui
1607 2681 1740 2746 alterum
1760 2686 1807 2746 vi»

231 2765 317 2814 mum
336 2769 444 2816 mortu
466 2763 577 2821 evitari
594 2775 749 2841 nequeat,
768 2768 839 2841 quie
865 2764 1001 2827 huiusce·
1036 2774 1069 2821 ta
1093 2764 1215 2833 privare
1239 2773 1371 2821 coua'tur
1391 2805 1400 2835 ,
1426 2757 1549 2835 quando
1569 2757 1616 2821 ills
1637 2760 1728 2826 aliter
1743 2760 1807 2827 lue·

230 2832 312 2895 mods
332 2850 426 2909 genus
448 2832 599 2901 homicidii
621 2861 676 2905 nec
701 2847 732 2905 in
749 2855 856 2920 genere
870 2891 879 2917 ,
893 2863 948 2907 nec
966 2848 999 2905 iti
1034 2842 1115 2901 curri
1148 2840 1281 2913 nequit,
1304 2836 1457 2902 affirmant
1473 2848 1677 2906 communiter
1696 2839 1806 2906 Dosto-

230 2906 327 2988 specie
346 2910 478 2977 habetur
499 2936 516 2978 a
538 2915 607 2981 Deo
627 2926 801 2987 concessum
820 2918 1000 2999 suisle3imo
1032 2936 1098 2995 res,
1117 2920 1168 2994 qui
1185 2916 1312 2982 credunt
1330 2918 1449 2981 licitum
1468 2916 1529 2981 esse
1549 2918 1722 2984 invasorem
1734 2941 1803 2998 pro-

229 2988 339 3056 filtaec
355 2999 574 3067 praeventionis
598 3000 724 3067 licentia
748 3003 970 3067 concederetur
991 3043 1000 3082 ,
1035 3001 1107 3076 pria
1126 3004 1203 3063 vitae
1221 2994 1413 3076 interficete;
1430 3000 1500 3075 quia
1522 2999 1804 3078 cumunsisquisque

227 3074 284 3137 via
302 3075 467 3139 innumeris
498 3088 666 3155 aperiretur
693 3085 825 3149 taedibua
848 3102 909 3145 non
938 3083 999 3147 sine
1035 3096 1180 3144 teneatur
1200 3077 1323 3156 diligere
1346 3082 1521 3155 proximum
1548 3076 1625 3143 sicut
1646 3077 1803 3160 seipsum,

249 3155 318 3217 ravi
338 3151 511 3221 violatione
527 3179 561 3222 ac
579 3163 688 3227 iniuria
705 3163 841 3241 supremo
855 3166 910 3226 iuri
921 3164 998 3240 quod
1031 3171 1102 3224 euni
1118 3173 1328 3238 oppugnatum
1348 3153 1506 3222 defendere
1528 3157 1625 3235 potess
1644 3162 1804 3226 etiamne·

280 3252 314 3295 ui
342 3238 374 3293 in
403 3234 564 3300 humanam
589 3245 692 3306 uitam
712 3243 763 3307 fibi
794 3242 998 3322 reservavit,-
1031 3241 1157 3304 eidendo
1174 3239 1391 3319 aggressuram,
1415 3238 1487 3301 dum
1512 3237 1545 3301 iii
1566 3240 1623 3303 tasi
1644 3237 1716 3305 casu
1731 3261 1803 3306 coo·

226 3329 349 3375 necnon
369 3309 455 3379 suavi
472 3320 580 3382 divino
601 3326 735 3402 regimini
755 3321 996 3390 cirri-bumana
1032 3339 1159 3398 peratur
1177 3341 1249 3383 euni
1271 3322 1415 3394 proximo
1430 3323 1461 3380 in
1481 3334 1514 3408 re
1539 3319 1644 3399 licita,
1666 3319 1705 3386 &
1725 3342 1800 3399 prae·

227 3391 402 3468 respublica
422 3398 696 3467 incolumitatem.
725 3401 867 3482 Qiaresi
889 3426 992 3482 uxor,
1029 3403 1118 3479 cipue
1137 3400 1195 3465 boe
1210 3397 1327 3476 potesl,
1347 3398 1367 3460 si
1389 3399 1538 3478 aggressus
1562 3397 1598 3464 sit
1629 3400 1737 3478 aliquit
1759 3421 1799 3464 eit

232 3473 285 3534 vel
305 3478 451 3555 maritus,
471 3478 534 3542 sive
554 3482 679 3557 persona
696 3483 756 3549 alia
777 3482 926 3549 afficiatu'i
943 3506 997 3549 ve·
1029 3483 1202 3559 parentibus
1222 3521 1231 3558 ,
1278 3479 1307 3542 el
1327 3489 1366 3542 eii
1386 3475 1503 3542 familia
1522 3520 1541 3556 ,¹
1560 3490 1597 3542 ur
1616 3477 1746 3545 habetur
1765 3483 1799 3545 in

226 3550 384 3628 hemis,
403 3576 438 3618 ae
456 3559 593 3623 violenta
614 3560 848 3641 presumptione
864 3566 901 3625 de
918 3566 995 3627 alte·
1030 3566 1127 3625 veteri
1145 3501 1356 3647 Ptenitditiasi
1377 3562 1474 3622 citato
1495 3579 1512 3621 a
1531 3557 1721 3638 Morino,in
1733 3574 1798 3651 tra·¹

224 3636 290 3695 riui
309 3636 537 3700 machinatione
560 3658 668 3705 contra
694 3648 844 3721 propriam
864 3645 996 3718 piram,
1027 3636 1112 3704 siaiu
1140 3641 1177 3705 de
1205 3642 1407 3712 Poenirentia,
1437 3635 1485 3700 ubi
1507 3642 1551 3701 ira
1567 3636 1735 3704 ¹liabetur:
1764 3645 1797 3705 Si

224 3725 352 3799 tenetur
373 3704 474 3787 potlus
496 3717 654 3782 consulere
675 3717 745 3800 suga
767 3723 893 3796 propriae
914 3720 993 3785 secu·
1027 3719 1093 3796 giiii
1108 3719 1142 3795 se
1156 3716 1356 3797 defendendo,
1372 3711 1429 3780 vel
1441 3729 1577 3804 parentes
1586 3715 1797 3800 suos,uelfe·

221 3793 333 3866 ‘stalli
353 3806 407 3852 ³ut
437 3797 655 3871 proteriionem
682 3802 788 3866 iudicis
809 3801 992 3878 implorare,
1026 3798 1143 3861 misiam
1166 3800 1256 3876 licam
1281 3812 1292 3875 3
1315 3796 1454 3876 occidisset
1480 3799 1637 3885 aliquem,
1661 3819 1722 3863 non
1737 3799 1796 3865 ert'r

221 3870 354 3934 velasio
378 3876 489 3952 modo,
510 3896 600 3952 quain
620 3882 719 3945 aliena
746 3898 847 3947 morte
868 3878 928 3945 suae
945 3883 992 3942 in·
1025 3896 1108 3943 reus.
1513 3948 1516 3954 ι

218 3949 400 4014 columitati
417 3950 609 4023 securitatem
624 3981 780 4039 quaerere.
798 3958 992 4037 Ideniutiedi·
1067 3959 1140 4022 Non
1159 3959 1351 4023 conveniunt
1372 3969 1477 4021 tamen
1495 3953 1646 4039 Theologi
1667 3958 1700 4023 iri
1720 3956 1795 4023 defi·

218 4032 288 4094 cito
304 4033 336 4091 in
350 4029 439 4111 calu,
459 4056 522 4113 quo
542 4041 667 4106 iniussus
689 4044 839 4123 aggressor
863 4042 938 4104 eslet
960 4045 989 4102 in
1024 4039 1135 4103 niendo
1153 4041 1232 4104 cirea
1256 4038 1341 4103 illum
1361 4041 1411 4116 qui
1426 4039 1518 4102 alium
1537 4036 1698 4103 defendere
1723 4056 1793 4115 pot·

219 4107 292 4174 artu
308 4106 372 4174 fure
388 4132 527 4194 remoto,
547 4118 610 4184 sive
630 4131 768 4199 proximo
786 4119 991 4202 aggressionis,
1023 4110 1065 4183 e'sl
1087 4139 1139 4198 pei
1161 4121 1287 4185 alterius
1308 4135 1454 4195 mortem,
1472 4139 1511 4180 an
1533 4117 1570 4182 ad
1587 4119 1643 4183 sior
1659 4120 1794 4184 necessa·

217 4190 343 4269 quando
359 4189 430 4272 fuga
454 4199 540 4274 iilius
562 4198 703 4281 aggressio
722 4204 832 4268 evitari
855 4203 959 4268 valeat
982 4250 989 4275 ,
1022 4203 1069 4263 rio
1086 4218 1249 4275 teneatur.
1270 4201 1334 4276 Qui
1357 4199 1414 4263 hoc
1431 4196 1608 4280 affirmant,
1623 4219 1678 4275 pro
1693 4202 1792 4263 ratio·

219 4290 258 4334 ae
282 4273 349 4335 vita
366 4279 507 4349 periculo.
518 4281 668 4346 subtrahi.
691 4285 719 4347 Si
743 4285 824 4347 assus
846 4300 921 4347 vero
941 4303 988 4360 ag·
1023 4299 1061 4342 ne
1083 4274 1232 4360 afferunt,
1247 4281 1325 4358 quod
1343 4282 1374 4342 in
1395 4283 1460 4357 pari
1473 4277 1583 4343 damno
1598 4280 1790 4343 meliorcon·

218 4348 377 4430 sssseffionls
398 4358 443 4420 ita
463 4360 538 4422 essct
554 4370 728 4439 proximus,
747 4382 782 4427 ut
805 4364 906 4426 locum
927 4382 987 4425 non
1021 4362 1098 4425 ditio
1117 4360 1208 4425 debet
1229 4364 1289 4425 elle
1311 4362 1482 4423 innocentie
1500 4379 1588 4435 quam
1614 4356 1715 4421 iniussi
1740 4377 1791 4503 ιζ

217 4430 404 4521 relinqueret
428 4437 601 4503 consult-ndi
633 4440 701 4521 fuga
727 4447 855 4522 propriae
879 4446 954 4506 vitae
980 4486 988 4520 ,
1021 4439 1191 4520 gresloris,
1218 4460 1253 4505 ut
1278 4441 1416 4515 Molina,
1439 4440 1551 4502 bonae.
1568 4437 1605 4501 de
1626 4440 1732 4515 Lugo,

209 4515 334 4589 *putasi
354 4513 528 4592 dispositum
542 4521 665 4586 liaberet
684 4524 986 4601 l'clnpetum,utcon·
1022 4522 1091 4587 alii.
1114 4521 1157 4583 Hi
1179 4538 1283 4586 raineri
1303 4519 1440 4585 sentiunt
1459 4520 1554 4582 etiam
1573 4520 1790 4610 ipuodcuinta‘

214 4610 269 4661 tra
288 4606 322 4657 te
339 4600 504 4678 explodat,
519 4599 553 4667 dr
574 4619 608 4666 tii
631 4625 748 4681 quoque
764 4602 835 4668 illud
847 4623 987 4680 paratum
1023 4604 1059 4665 lii
1085 4598 1218 4683 defenso
1244 4602 1371 4677 proximi
1397 4602 1568 4663 innocentis
1595 4595 1634 4662 sit
1653 4591 1790 4663 debitum

188 4672 327 4755 „babeat
367 4696 423 4743 nec
444 4680 524 4745 aliud
546 4680 729 4747 sitinediuni
770 4682 985 4749 nisiautmor·
1020 4680 1113 4748 solitu
1128 4680 1397 4759 charitatii,binc
1413 4679 1512 4744 intelli
1535 4677 1660 4742 italem
1675 4674 1789 4758 oblsga·

212 4764 283 4816 rem
303 4721 426 4838 subire,
456 4781 509 4825 aut
532 4762 697 4843 sclopctum
719 4741 909 4842 eliplodendo
936 4786 985 4846 ag·
1020 4768 1137 4828 tionem
1156 4783 1226 4826 cum
1244 4762 1423 4827 conditione
1444 4808 1454 4856 3
1477 4699 1574 4823 siloc
1592 4761 1702 4856 exequi
1724 4757 1788 4836 pos·

212 4832 381 4979 miluum
403 4847 577 4915 praevenite
602 4846 692 4924 ipsiui
713 4846 890 4923 occisione,
911 4861 986 4911 tunc
1019 4841 1200 4908 sumus-sine
1216 4847 1302 4922 gravi
1320 4841 1422 4922 nossro
1441 4838 1635 4905 incommodo
1655 4838 1787 4917 vim&

230 4919 236 4928 '
261 4919 265 4927 '
286 4924 337 4980 um
351 4936 412 4983 erit
433 4910 575 4989 iniusliim
590 4927 790 5008 aggresloiem
810 4926 985 4993 intasiatsu
1020 4923 1237 5002 temporalium
1255 4922 1431 4987 bonorum.
1456 4920 1520 4996 Qii
1544 4938 1620 4985 veto
1643 4936 1786 4998 negant,

183 5052 187 5057 ,
208 4994 416 5063 consiliorum
432 5004 624 5072 interlicere.
1020 5006 1076 5072 bac
1096 5005 1157 5069 alia
1173 5006 1294 5068 ratione
1309 5004 1480 5079 ducuntur,
1516 4998 1577 5064 uod
1597 4999 1786 5073 otiandoma·

213 5120 219 5129 ·
255 5077 439 5149 Huiusmodi
462 5102 567 5151 autem
583 5087 748 5154 necesaria
763 5083 897 5152 defensio
916 5106 986 5166 pro·
1019 5087 1050 5154 sa
1070 5084 1141 5153 suut
1162 5086 1265 5163 paria,
1286 5082 1319 5149 ἀ
1338 5084 1390 5224 ,ηὲιὶ
1418 5077 1492 5144 eas
1528 5082 1572 5145 ire
1590 5076 1786 5220 debent?-

257 5186 260 5191 ·
688 5185 695 5198 ·
1419 5178 1437 5219 ι
1676 5177 1716 5233 qu
1736 5185 1750 5204 ·
