<?xml version="1.0" encoding="UTF-8"?>
<!DOCTYPE html PUBLIC "-//W3C//DTD XHTML 1.0 Transitional//EN"
    "http://www.w3.org/TR/xhtml1/DTD/xhtml1-transitional.dtd">
<html xmlns="http://www.w3.org/1999/xhtml" xml:lang="en" lang="en">
 <head>
  <title>
</title>
<meta http-equiv="Content-Type" content="text/html;charset=utf-8" />
  <meta name='ocr-system' content='tesseract 3.04.00' />
  <meta name='ocr-capabilities' content='ocr_page ocr_carea ocr_par ocr_line ocrx_word'/>
</head>
<body>
  <div class='ocr_page' id='page_1' title='image "./institutionesth00boragoog/institutionesth00boragoog_0444.png"; bbox 0 0 4425 6000; ppageno 0'>
   <div class='ocr_carea' id='block_1_1' title="bbox 236 552 1973 5300">
    <p class='ocr_par' dir='ltr' id='par_1_1' title="bbox 561 552 1558 634">
     <span class='ocr_line' id='line_1_1' title="bbox 561 552 1558 634; baseline 0.003 -5"><span class='ocrx_word' id='word_1_1' title='bbox 561 560 732 633; x_wconf 78' lang='lat' dir='ltr'>Tener.</span> <span class='ocrx_word' id='word_1_2' title='bbox 759 570 816 629; x_wconf 81' lang='lat' dir='ltr'>oe</span> <span class='ocrx_word' id='word_1_3' title='bbox 844 552 1099 629; x_wconf 76' lang='lat' dir='ltr'>Paraetacis</span> <span class='ocrx_word' id='word_1_4' title='bbox 1129 553 1353 633; x_wconf 74' lang='lat' dir='ltr'>Eccaasae</span> <span class='ocrx_word' id='word_1_5' title='bbox 1381 556 1483 633; x_wconf 79' lang='lat' dir='ltr'>Car.</span> <span class='ocrx_word' id='word_1_6' title='bbox 1502 556 1558 634; x_wconf 81' lang='lat' dir='ltr'>ll.</span> 
     </span>
    </p>

    <p class='ocr_par' dir='ltr' id='par_1_2' title="bbox 248 648 1873 1377">
     <span class='ocr_line' id='line_1_2' title="bbox 248 648 1833 736; baseline 0.001 -11"><span class='ocrx_word' id='word_1_7' title='bbox 248 676 319 725; x_wconf 71' lang='lat' dir='ltr'>non</span> <span class='ocrx_word' id='word_1_8' title='bbox 340 658 467 726; x_wconf 87' lang='lat' dir='ltr'>tolerati</span> <span class='ocrx_word' id='word_1_9' title='bbox 486 705 495 736; x_wconf 86' lang='lat'>‚</span> <span class='ocrx_word' id='word_1_10' title='bbox 512 655 551 722; x_wconf 91' lang='lat' dir='ltr'>de</span> <span class='ocrx_word' id='word_1_11' title='bbox 603 661 640 721; x_wconf 85' lang='lat' dir='ltr'>iti</span> <span class='ocrx_word' id='word_1_12' title='bbox 661 655 711 723; x_wconf 87' lang='lat' dir='ltr'>vel</span> <span class='ocrx_word' id='word_1_13' title='bbox 730 652 880 717; x_wconf 81' lang='lat' dir='ltr'>infidelis.</span> <span class='ocrx_word' id='word_1_14' title='bbox 905 648 1025 717; x_wconf 82' lang='lat' dir='ltr'>Satisfit</span> <span class='ocrx_word' id='word_1_15' title='bbox 1062 654 1120 716; x_wconf 85' lang='lat' dir='ltr'>Per</span> <span class='ocrx_word' id='word_1_16' title='bbox 1139 653 1295 733; x_wconf 84' lang='lat' dir='ltr'>epilteiam</span> <span class='ocrx_word' id='word_1_17' title='bbox 1314 673 1421 721; x_wconf 87' lang='lat' dir='ltr'>autem</span> <span class='ocrx_word' id='word_1_18' title='bbox 1440 658 1499 724; x_wconf 92' lang='lat' dir='ltr'>huc</span> <span class='ocrx_word' id='word_1_19' title='bbox 1520 654 1626 725; x_wconf 87' lang='lat' dir='ltr'>referri</span> <span class='ocrx_word' id='word_1_20' title='bbox 1685 662 1769 730; x_wconf 89' lang='lat' dir='ltr'>ssunt</span> <span class='ocrx_word' id='word_1_21' title='bbox 1787 665 1833 727; x_wconf 84' lang='lat' dir='ltr'>in-</span> 
     </span>
     <span class='ocr_line' id='line_1_3' title="bbox 257 731 1827 818; baseline 0.001 -13"><span class='ocrx_word' id='word_1_22' title='bbox 257 741 373 818; x_wconf 86' lang='lat' dir='ltr'>pariter</span> <span class='ocrx_word' id='word_1_23' title='bbox 408 757 521 802; x_wconf 85' lang='lat' dir='ltr'>cama</span> <span class='ocrx_word' id='word_1_24' title='bbox 564 736 655 801; x_wconf 89' lang='lat' dir='ltr'>iendo</span> <span class='ocrx_word' id='word_1_25' title='bbox 686 732 872 800; x_wconf 88' lang='lat' dir='ltr'>celebratam</span> <span class='ocrx_word' id='word_1_26' title='bbox 895 731 933 795; x_wconf 91' lang='lat' dir='ltr'>de</span> <span class='ocrx_word' id='word_1_27' title='bbox 965 732 1027 794; x_wconf 88' lang='lat' dir='ltr'>Re·</span> <span class='ocrx_word' id='word_1_28' title='bbox 1063 731 1199 809; x_wconf 87' lang='lat' dir='ltr'>quilinii,</span> <span class='ocrx_word' id='word_1_29' title='bbox 1215 732 1250 801; x_wconf 79' lang='lat' dir='ltr'>dc</span> <span class='ocrx_word' id='word_1_30' title='bbox 1270 734 1324 799; x_wconf 90' lang='lat' dir='ltr'>alii</span> <span class='ocrx_word' id='word_1_31' title='bbox 1344 733 1562 804; x_wconf 71' lang='lat' dir='ltr'>familiaritatis</span> <span class='ocrx_word' id='word_1_32' title='bbox 1581 760 1639 805; x_wconf 90' lang='lat' dir='ltr'>cau</span> <span class='ocrx_word' id='word_1_33' title='bbox 1664 740 1827 809; x_wconf 81' lang='lat' dir='ltr'>ainvisen·</span> 
     </span>
     <span class='ocr_line' id='line_1_4' title="bbox 256 809 1835 904; baseline 0.001 -18"><span class='ocrx_word' id='word_1_34' title='bbox 256 822 360 897; x_wconf 76' lang='lat' dir='ltr'>quiem</span> <span class='ocrx_word' id='word_1_35' title='bbox 381 836 437 895; x_wconf 90' lang='lat' dir='ltr'>pro</span> <span class='ocrx_word' id='word_1_36' title='bbox 453 812 593 883; x_wconf 58' lang='lat' dir='ltr'>&amp;suasio</span> <span class='ocrx_word' id='word_1_37' title='bbox 607 819 641 881; x_wconf 89' lang='lat' dir='ltr'>in</span> <span class='ocrx_word' id='word_1_38' title='bbox 659 818 725 880; x_wconf 90' lang='lat' dir='ltr'>ritu</span> <span class='ocrx_word' id='word_1_39' title='bbox 745 832 845 894; x_wconf 79' lang='lat' dir='ltr'>graeco</span> <span class='ocrx_word' id='word_1_40' title='bbox 866 861 875 889; x_wconf 89' lang='lat'>,</span> <span class='ocrx_word' id='word_1_41' title='bbox 892 809 1027 904; x_wconf 84' lang='lat' dir='ltr'>syriaco,</span> <span class='ocrx_word' id='word_1_42' title='bbox 1064 830 1129 902; x_wconf 76' lang='lat' dir='ltr'>tes,</span> <span class='ocrx_word' id='word_1_43' title='bbox 1146 816 1196 878; x_wconf 89' lang='lat' dir='ltr'>vel</span> <span class='ocrx_word' id='word_1_44' title='bbox 1213 818 1328 893; x_wconf 80' lang='lat' dir='ltr'>negotii</span> <span class='ocrx_word' id='word_1_45' title='bbox 1347 816 1451 881; x_wconf 82' lang='lat' dir='ltr'>caussa</span> <span class='ocrx_word' id='word_1_46' title='bbox 1464 815 1656 884; x_wconf 84' lang='lat' dir='ltr'>conferentes</span> <span class='ocrx_word' id='word_1_47' title='bbox 1675 820 1721 899; x_wconf 85' lang='lat' dir='ltr'>,si</span> <span class='ocrx_word' id='word_1_48' title='bbox 1742 841 1835 889; x_wconf 86' lang='lat' dir='ltr'>vero·</span> 
     </span>
     <span class='ocr_line' id='line_1_5' title="bbox 256 890 1834 981; baseline -0.001 -13"><span class='ocrx_word' id='word_1_49' title='bbox 256 917 314 969; x_wconf 89' lang='lat' dir='ltr'>aut</span> <span class='ocrx_word' id='word_1_50' title='bbox 335 899 397 963; x_wconf 90' lang='lat' dir='ltr'>alio</span> <span class='ocrx_word' id='word_1_51' title='bbox 416 895 554 974; x_wconf 80' lang='lat' dir='ltr'>diverso,</span> <span class='ocrx_word' id='word_1_52' title='bbox 569 894 737 962; x_wconf 88' lang='lat' dir='ltr'>&#39;dnmmodo</span> <span class='ocrx_word' id='word_1_53' title='bbox 751 893 933 969; x_wconf 86' lang='lat' dir='ltr'>catholico,</span> <span class='ocrx_word' id='word_1_54' title='bbox 957 911 1027 981; x_wconf 82' lang='lat' dir='ltr'>quia</span> <span class='ocrx_word' id='word_1_55' title='bbox 1064 890 1158 956; x_wconf 79' lang='lat' dir='ltr'>simile</span> <span class='ocrx_word' id='word_1_56' title='bbox 1178 891 1270 959; x_wconf 88' lang='lat' dir='ltr'>suerit</span> <span class='ocrx_word' id='word_1_57' title='bbox 1292 892 1446 961; x_wconf 78' lang='lat' dir='ltr'>auslorem</span> <span class='ocrx_word' id='word_1_58' title='bbox 1488 899 1617 978; x_wconf 76' lang='lat' dir='ltr'>rivilcgii</span> <span class='ocrx_word' id='word_1_59' title='bbox 1640 904 1673 965; x_wconf 92' lang='lat' dir='ltr'>in</span> <span class='ocrx_word' id='word_1_60' title='bbox 1690 898 1762 966; x_wconf 90' lang='lat' dir='ltr'>casu</span> <span class='ocrx_word' id='word_1_61' title='bbox 1780 921 1834 965; x_wconf 82' lang='lat' dir='ltr'>ea·</span> 
     </span>
     <span class='ocr_line' id='line_1_6' title="bbox 256 920 1834 1067; baseline -0.001 -19"><span class='ocrx_word' id='word_1_62' title='bbox 256 976 419 1049; x_wconf 72' lang='lat' dir='ltr'>diversus</span> <span class='ocrx_word' id='word_1_63' title='bbox 438 981 516 1041; x_wconf 87' lang='lat' dir='ltr'>ritus</span> <span class='ocrx_word' id='word_1_64' title='bbox 537 997 599 1041; x_wconf 92' lang='lat' dir='ltr'>non</span> <span class='ocrx_word' id='word_1_65' title='bbox 615 973 738 1053; x_wconf 89' lang='lat' dir='ltr'>impedit</span> <span class='ocrx_word' id='word_1_66' title='bbox 758 969 1028 1067; x_wconf 33' lang='lat' dir='ltr'>esse-veramMrs·</span> <span class='ocrx_word' id='word_1_67' title='bbox 1064 972 1267 1039; x_wconf 87' lang='lat' dir='ltr'>traordinario</span> <span class='ocrx_word' id='word_1_68' title='bbox 1295 995 1347 1040; x_wconf 87' lang='lat' dir='ltr'>eos</span> <span class='ocrx_word' id='word_1_69' title='bbox 1375 920 1545 1045; x_wconf 74' lang='lat' dir='ltr'>honesatis</span> <span class='ocrx_word' id='word_1_70' title='bbox 1566 978 1668 1046; x_wconf 83' lang='lat' dir='ltr'>caussa</span> <span class='ocrx_word' id='word_1_71' title='bbox 1704 978 1834 1047; x_wconf 90' lang='lat' dir='ltr'>noluisse</span> 
     </span>
     <span class='ocr_line' id='line_1_7' title="bbox 256 1052 1461 1135; baseline -0.005 -10"><span class='ocrx_word' id='word_1_72' title='bbox 256 1058 339 1134; x_wconf 79' lang='lat' dir='ltr'>sam.</span> <span class='ocrx_word' id='word_1_73' title='bbox 359 1057 394 1123; x_wconf 79' lang='lat' dir='ltr'>dt</span> <span class='ocrx_word' id='word_1_74' title='bbox 414 1055 453 1123; x_wconf 87' lang='lat' dir='ltr'>ab</span> <span class='ocrx_word' id='word_1_75' title='bbox 472 1054 603 1122; x_wconf 82' lang='lat' dir='ltr'>Ecclesia</span> <span class='ocrx_word' id='word_1_76' title='bbox 629 1071 807 1129; x_wconf 75' lang='lat' dir='ltr'>acceptam:</span> <span class='ocrx_word' id='word_1_77' title='bbox 828 1052 964 1129; x_wconf 81' lang='lat' dir='ltr'>idemque</span> <span class='ocrx_word' id='word_1_78' title='bbox 983 1052 1026 1113; x_wconf 88' lang='lat' dir='ltr'>dr·</span> <span class='ocrx_word' id='word_1_79' title='bbox 1063 1053 1227 1118; x_wconf 84' lang='lat' dir='ltr'>excludere</span> <span class='ocrx_word' id='word_1_80' title='bbox 1247 1055 1461 1135; x_wconf 80' lang='lat' dir='ltr'>aprivilegio.</span> 
     </span>
     <span class='ocr_line' id='line_1_8' title="bbox 256 1131 1837 1219; baseline 0 -14"><span class='ocrx_word' id='word_1_81' title='bbox 256 1137 387 1205; x_wconf 86' lang='lat' dir='ltr'>cendum</span> <span class='ocrx_word' id='word_1_82' title='bbox 418 1134 456 1201; x_wconf 89' lang='lat' dir='ltr'>de</span> <span class='ocrx_word' id='word_1_83' title='bbox 482 1156 521 1201; x_wconf 85' lang='lat' dir='ltr'>eo</span> <span class='ocrx_word' id='word_1_84' title='bbox 557 1139 608 1213; x_wconf 89' lang='lat' dir='ltr'>qui</span> <span class='ocrx_word' id='word_1_85' title='bbox 635 1139 666 1199; x_wconf 91' lang='lat' dir='ltr'>in</span> <span class='ocrx_word' id='word_1_86' title='bbox 697 1134 880 1201; x_wconf 84' lang='lat' dir='ltr'>Nativitate</span> <span class='ocrx_word' id='word_1_87' title='bbox 904 1132 1027 1196; x_wconf 87' lang='lat' dir='ltr'>Domini</span> <span class='ocrx_word' id='word_1_88' title='bbox 1101 1131 1471 1203; x_wconf 76' lang='lat' dir='ltr'>ConceffionesOratorii</span> <span class='ocrx_word' id='word_1_89' title='bbox 1494 1138 1628 1219; x_wconf 76' lang='lat' dir='ltr'>privati,</span> <span class='ocrx_word' id='word_1_90' title='bbox 1655 1142 1763 1217; x_wconf 70' lang='lat' dir='ltr'>innuo</span> <span class='ocrx_word' id='word_1_91' title='bbox 1783 1154 1837 1216; x_wconf 86' lang='lat' dir='ltr'>per</span> 
     </span>
     <span class='ocr_line' id='line_1_9' title="bbox 256 1210 1834 1296; baseline 0 -14"><span class='ocrx_word' id='word_1_92' title='bbox 256 1238 352 1283; x_wconf 88' lang='lat' dir='ltr'>unam</span> <span class='ocrx_word' id='word_1_93' title='bbox 367 1216 454 1282; x_wconf 87' lang='lat' dir='ltr'>audit</span> <span class='ocrx_word' id='word_1_94' title='bbox 475 1235 516 1280; x_wconf 83' lang='lat' dir='ltr'>ex</span> <span class='ocrx_word' id='word_1_95' title='bbox 533 1214 649 1296; x_wconf 84' lang='lat' dir='ltr'>tribus,</span> <span class='ocrx_word' id='word_1_96' title='bbox 666 1213 783 1279; x_wconf 82' lang='lat' dir='ltr'>etiamsi</span> <span class='ocrx_word' id='word_1_97' title='bbox 804 1212 910 1291; x_wconf 82' lang='lat' dir='ltr'>audiat</span> <span class='ocrx_word' id='word_1_98' title='bbox 926 1215 958 1275; x_wconf 92' lang='lat' dir='ltr'>in</span> <span class='ocrx_word' id='word_1_99' title='bbox 966 1210 1027 1273; x_wconf 90' lang='lat' dir='ltr'>Ve·</span> <span class='ocrx_word' id='word_1_100' title='bbox 1063 1211 1283 1289; x_wconf 85' lang='lat' dir='ltr'>Cappellanum</span> <span class='ocrx_word' id='word_1_101' title='bbox 1299 1213 1497 1281; x_wconf 84' lang='lat' dir='ltr'>domesticum</span> <span class='ocrx_word' id='word_1_102' title='bbox 1516 1217 1592 1283; x_wconf 83' lang='lat' dir='ltr'>solet</span> <span class='ocrx_word' id='word_1_103' title='bbox 1621 1216 1725 1285; x_wconf 89' lang='lat' dir='ltr'>haberi</span> <span class='ocrx_word' id='word_1_104' title='bbox 1741 1218 1834 1284; x_wconf 82' lang='lat' dir='ltr'>Missa</span> 
     </span>
     <span class='ocr_line' id='line_1_10' title="bbox 256 1284 1873 1377; baseline -0.001 -14"><span class='ocrx_word' id='word_1_105' title='bbox 256 1294 342 1377; x_wconf 87' lang='lat' dir='ltr'>spere</span> <span class='ocrx_word' id='word_1_106' title='bbox 359 1294 508 1375; x_wconf 80' lang='lat' dir='ltr'>Vigiliae,</span> <span class='ocrx_word' id='word_1_107' title='bbox 533 1316 567 1361; x_wconf 92' lang='lat' dir='ltr'>ut</span> <span class='ocrx_word' id='word_1_108' title='bbox 589 1317 670 1361; x_wconf 88' lang='lat' dir='ltr'>nunc</span> <span class='ocrx_word' id='word_1_109' title='bbox 691 1292 822 1369; x_wconf 87' lang='lat' dir='ltr'>pluribus</span> <span class='ocrx_word' id='word_1_110' title='bbox 842 1296 882 1369; x_wconf 73' lang='lat' dir='ltr'>in]</span> <span class='ocrx_word' id='word_1_111' title='bbox 898 1284 1028 1358; x_wconf 78' lang='lat' dir='ltr'>locir’err</span> <span class='ocrx_word' id='word_1_112' title='bbox 1063 1292 1218 1359; x_wconf 90' lang='lat' dir='ltr'>ordinaria</span> <span class='ocrx_word' id='word_1_113' title='bbox 1238 1298 1269 1358; x_wconf 93' lang='lat' dir='ltr'>in</span> <span class='ocrx_word' id='word_1_114' title='bbox 1286 1295 1389 1361; x_wconf 87' lang='lat' dir='ltr'>dicbus</span> <span class='ocrx_word' id='word_1_115' title='bbox 1402 1296 1569 1363; x_wconf 82' lang='lat' dir='ltr'>Dominicis</span> <span class='ocrx_word' id='word_1_116' title='bbox 1585 1295 1744 1375; x_wconf 68' lang='lat' dir='ltr'>delestis,</span> <span class='ocrx_word' id='word_1_117' title='bbox 1763 1295 1834 1364; x_wconf 91' lang='lat' dir='ltr'>sunt</span> <span class='ocrx_word' id='word_1_118' title='bbox 1865 1302 1873 1311; x_wconf 81' lang='grc'><strong>“</strong></span> 
     </span>
    </p>

    <p class='ocr_par' dir='ltr' id='par_1_3' title="bbox 254 1370 1885 1933">
     <span class='ocr_line' id='line_1_11' title="bbox 280 1370 1834 1456; baseline 0.001 -15"><span class='ocrx_word' id='word_1_119' title='bbox 280 1376 422 1455; x_wconf 75' lang='lat' dir='ltr'>rivilegio</span> <span class='ocrx_word' id='word_1_120' title='bbox 456 1378 489 1441; x_wconf 92' lang='lat' dir='ltr'>in</span> <span class='ocrx_word' id='word_1_121' title='bbox 515 1372 647 1454; x_wconf 84' lang='lat' dir='ltr'>Vespere</span> <span class='ocrx_word' id='word_1_122' title='bbox 675 1374 795 1454; x_wconf 76' lang='lat' dir='ltr'>Vigiliae</span> <span class='ocrx_word' id='word_1_123' title='bbox 827 1370 1030 1446; x_wconf 87' lang='lat' dir='ltr'>celebratur,</span> <span class='ocrx_word' id='word_1_124' title='bbox 1064 1370 1170 1438; x_wconf 63' lang='lat' dir='ltr'>sicidae</span> <span class='ocrx_word' id='word_1_125' title='bbox 1191 1376 1482 1453; x_wconf 72' lang='lat' dir='ltr'>interpretationis,</span> <span class='ocrx_word' id='word_1_126' title='bbox 1506 1381 1583 1455; x_wconf 77' lang='lat' dir='ltr'>qnia</span> <span class='ocrx_word' id='word_1_127' title='bbox 1612 1378 1750 1455; x_wconf 73' lang='lat' dir='ltr'>Episcopi</span> <span class='ocrx_word' id='word_1_128' title='bbox 1770 1426 1781 1456; x_wconf 90' lang='lat'><strong><em>‚</em></strong></span> <span class='ocrx_word' id='word_1_129' title='bbox 1798 1376 1834 1444; x_wconf 76' lang='lat' dir='ltr'>dt</span> 
     </span>
     <span class='ocr_line' id='line_1_12' title="bbox 254 1400 1885 1535; baseline -0.001 -15"><span class='ocrx_word' id='word_1_130' title='bbox 254 1400 443 1535; x_wconf 62' lang='lat' dir='ltr'>selummodo</span> <span class='ocrx_word' id='word_1_131' title='bbox 462 1475 531 1521; x_wconf 86' lang='lat' dir='ltr'>eam</span> <span class='ocrx_word' id='word_1_132' title='bbox 551 1476 614 1520; x_wconf 90' lang='lat' dir='ltr'>non</span> <span class='ocrx_word' id='word_1_133' title='bbox 632 1472 790 1533; x_wconf 86' lang='lat' dir='ltr'>computet</span> <span class='ocrx_word' id='word_1_134' title='bbox 807 1472 864 1531; x_wconf 94' lang='lat' dir='ltr'>pro</span> <span class='ocrx_word' id='word_1_135' title='bbox 884 1452 934 1516; x_wconf 93' lang='lat' dir='ltr'>die</span> <span class='ocrx_word' id='word_1_136' title='bbox 952 1472 1029 1531; x_wconf 83' lang='lat' dir='ltr'>prae·</span> <span class='ocrx_word' id='word_1_137' title='bbox 1063 1452 1204 1518; x_wconf 87' lang='lat' dir='ltr'>Summus</span> <span class='ocrx_word' id='word_1_138' title='bbox 1233 1454 1380 1520; x_wconf 80' lang='lat' dir='ltr'>Pontifex</span> <span class='ocrx_word' id='word_1_139' title='bbox 1404 1460 1516 1520; x_wconf 89' lang='lat' dir='ltr'>nolunt</span> <span class='ocrx_word' id='word_1_140' title='bbox 1543 1458 1742 1534; x_wconf 81' lang='lat' dir='ltr'>praeiudicase</span> <span class='ocrx_word' id='word_1_141' title='bbox 1756 1455 1835 1522; x_wconf 84' lang='lat' dir='ltr'>obli·</span> <span class='ocrx_word' id='word_1_142' title='bbox 1872 1466 1885 1489; x_wconf 58' lang='lat'>⁸</span> 
     </span>
     <span class='ocr_line' id='line_1_13' title="bbox 256 1530 1837 1613; baseline 0 -12"><span class='ocrx_word' id='word_1_143' title='bbox 256 1534 398 1611; x_wconf 76' lang='lat' dir='ltr'>cedenti,</span> <span class='ocrx_word' id='word_1_144' title='bbox 415 1538 464 1610; x_wconf 81' lang='lat' dir='ltr'>otri</span> <span class='ocrx_word' id='word_1_145' title='bbox 486 1535 593 1600; x_wconf 86' lang='lat' dir='ltr'>incidit</span> <span class='ocrx_word' id='word_1_146' title='bbox 615 1538 646 1598; x_wconf 91' lang='lat' dir='ltr'>in</span> <span class='ocrx_word' id='word_1_147' title='bbox 666 1533 881 1607; x_wconf 88' lang='lat' dir='ltr'>Dominicam)</span> <span class='ocrx_word' id='word_1_148' title='bbox 898 1533 969 1609; x_wconf 84' lang='lat' dir='ltr'>quia</span> <span class='ocrx_word' id='word_1_149' title='bbox 984 1530 1026 1595; x_wconf 90' lang='lat' dir='ltr'>di·</span> <span class='ocrx_word' id='word_1_150' title='bbox 1064 1537 1179 1610; x_wconf 82' lang='lat' dir='ltr'>gationi</span> <span class='ocrx_word' id='word_1_151' title='bbox 1195 1534 1411 1613; x_wconf 84' lang='lat' dir='ltr'>antiquissrmae</span> <span class='ocrx_word' id='word_1_152' title='bbox 1427 1534 1600 1612; x_wconf 80' lang='lat' dir='ltr'>aposlolicae</span> <span class='ocrx_word' id='word_1_153' title='bbox 1613 1536 1754 1603; x_wconf 88' lang='lat' dir='ltr'>audiendi</span> <span class='ocrx_word' id='word_1_154' title='bbox 1765 1556 1837 1602; x_wconf 84' lang='lat' dir='ltr'>ver·</span> 
     </span>
     <span class='ocr_line' id='line_1_14' title="bbox 259 1612 1836 1695; baseline 0 -16"><span class='ocrx_word' id='word_1_155' title='bbox 259 1612 391 1679; x_wconf 76' lang='lat' dir='ltr'>versitas</span> <span class='ocrx_word' id='word_1_156' title='bbox 414 1614 528 1678; x_wconf 80' lang='lat' dir='ltr'>ordinis</span> <span class='ocrx_word' id='word_1_157' title='bbox 548 1634 610 1681; x_wconf 94' lang='lat' dir='ltr'>non</span> <span class='ocrx_word' id='word_1_158' title='bbox 634 1613 722 1679; x_wconf 85' lang='lat' dir='ltr'>tollit</span> <span class='ocrx_word' id='word_1_159' title='bbox 745 1617 820 1689; x_wconf 85' lang='lat' dir='ltr'>quin</span> <span class='ocrx_word' id='word_1_160' title='bbox 840 1612 933 1677; x_wconf 88' lang='lat' dir='ltr'>Missa</span> <span class='ocrx_word' id='word_1_161' title='bbox 958 1631 1029 1676; x_wconf 84' lang='lat' dir='ltr'>cen·</span> <span class='ocrx_word' id='word_1_162' title='bbox 1063 1613 1135 1676; x_wconf 92' lang='lat' dir='ltr'>bum</span> <span class='ocrx_word' id='word_1_163' title='bbox 1150 1613 1290 1679; x_wconf 90' lang='lat' dir='ltr'>divinum</span> <span class='ocrx_word' id='word_1_164' title='bbox 1305 1619 1337 1678; x_wconf 94' lang='lat' dir='ltr'>in</span> <span class='ocrx_word' id='word_1_165' title='bbox 1354 1616 1492 1680; x_wconf 86' lang='lat' dir='ltr'>Ecclesiis</span> <span class='ocrx_word' id='word_1_166' title='bbox 1513 1615 1670 1695; x_wconf 85' lang='lat' dir='ltr'>publicia.‚</span> <span class='ocrx_word' id='word_1_167' title='bbox 1693 1639 1730 1682; x_wconf 90' lang='lat' dir='ltr'>ac</span> <span class='ocrx_word' id='word_1_168' title='bbox 1745 1620 1777 1679; x_wconf 90' lang='lat' dir='ltr'>in</span> <span class='ocrx_word' id='word_1_169' title='bbox 1796 1618 1836 1680; x_wconf 87' lang='lat' dir='ltr'>iis</span> 
     </span>
     <span class='ocr_line' id='line_1_15' title="bbox 257 1690 1837 1771; baseline 0.001 -14"><span class='ocrx_word' id='word_1_170' title='bbox 257 1690 360 1760; x_wconf 78' lang='lat' dir='ltr'>seatm</span> <span class='ocrx_word' id='word_1_171' title='bbox 390 1694 450 1757; x_wconf 90' lang='lat' dir='ltr'>esse</span> <span class='ocrx_word' id='word_1_172' title='bbox 479 1696 562 1760; x_wconf 88' lang='lat' dir='ltr'>intra</span> <span class='ocrx_word' id='word_1_173' title='bbox 589 1694 668 1758; x_wconf 89' lang='lat' dir='ltr'>diem</span> <span class='ocrx_word' id='word_1_174' title='bbox 697 1690 818 1757; x_wconf 87' lang='lat' dir='ltr'>huiusce</span> <span class='ocrx_word' id='word_1_175' title='bbox 838 1690 931 1771; x_wconf 88' lang='lat' dir='ltr'>sesti,</span> <span class='ocrx_word' id='word_1_176' title='bbox 958 1711 1030 1764; x_wconf 88' lang='lat' dir='ltr'>cum</span> <span class='ocrx_word' id='word_1_177' title='bbox 1063 1690 1251 1757; x_wconf 82' lang='lat' dir='ltr'>contestandi</span> <span class='ocrx_word' id='word_1_178' title='bbox 1266 1700 1515 1761; x_wconf 88' lang='lat' dir='ltr'>communionem</span> <span class='ocrx_word' id='word_1_179' title='bbox 1535 1694 1672 1763; x_wconf 79' lang='lat' dir='ltr'>fideliam</span> <span class='ocrx_word' id='word_1_180' title='bbox 1688 1700 1720 1760; x_wconf 94' lang='lat' dir='ltr'>in</span> <span class='ocrx_word' id='word_1_181' title='bbox 1730 1697 1837 1760; x_wconf 77' lang='lat' dir='ltr'>[itur-</span> 
     </span>
     <span class='ocr_line' id='line_1_16' title="bbox 257 1768 1834 1852; baseline -0.002 -11"><span class='ocrx_word' id='word_1_182' title='bbox 257 1768 370 1841; x_wconf 80' lang='lat' dir='ltr'>fesium</span> <span class='ocrx_word' id='word_1_183' title='bbox 386 1775 510 1850; x_wconf 90' lang='lat' dir='ltr'>incipiat</span> <span class='ocrx_word' id='word_1_184' title='bbox 531 1795 549 1838; x_wconf 87' lang='lat' dir='ltr'>a</span> <span class='ocrx_word' id='word_1_185' title='bbox 565 1777 669 1851; x_wconf 91' lang='lat' dir='ltr'>primis</span> <span class='ocrx_word' id='word_1_186' title='bbox 680 1770 840 1849; x_wconf 78' lang='lat' dir='ltr'>vesperis,</span> <span class='ocrx_word' id='word_1_187' title='bbox 857 1773 930 1838; x_wconf 85' lang='lat' dir='ltr'>alias</span> <span class='ocrx_word' id='word_1_188' title='bbox 938 1770 1029 1837; x_wconf 84' lang='lat' dir='ltr'>Missa</span> <span class='ocrx_word' id='word_1_189' title='bbox 1064 1776 1111 1848; x_wconf 79' lang='lat' dir='ltr'>gia</span> <span class='ocrx_word' id='word_1_190' title='bbox 1128 1770 1254 1837; x_wconf 87' lang='lat' dir='ltr'>solemni</span> <span class='ocrx_word' id='word_1_191' title='bbox 1274 1774 1423 1852; x_wconf 73' lang='lat' dir='ltr'>supremas</span> <span class='ocrx_word' id='word_1_192' title='bbox 1439 1773 1589 1841; x_wconf 82' lang='lat' dir='ltr'>maiestati</span> <span class='ocrx_word' id='word_1_193' title='bbox 1606 1775 1710 1842; x_wconf 90' lang='lat' dir='ltr'>debita</span> <span class='ocrx_word' id='word_1_194' title='bbox 1729 1801 1740 1838; x_wconf 91' lang='lat'>.·</span> <span class='ocrx_word' id='word_1_195' title='bbox 1771 1778 1834 1840; x_wconf 89' lang='lat' dir='ltr'>imo</span> 
     </span>
     <span class='ocr_line' id='line_1_17' title="bbox 255 1850 1836 1933; baseline 0.001 -16"><span class='ocrx_word' id='word_1_196' title='bbox 255 1852 412 1919; x_wconf 88' lang='lat' dir='ltr'>celebrata</span> <span class='ocrx_word' id='word_1_197' title='bbox 443 1854 498 1917; x_wconf 88' lang='lat' dir='ltr'>tali</span> <span class='ocrx_word' id='word_1_198' title='bbox 531 1853 605 1921; x_wconf 89' lang='lat' dir='ltr'>hora</span> <span class='ocrx_word' id='word_1_199' title='bbox 633 1874 694 1919; x_wconf 92' lang='lat' dir='ltr'>non</span> <span class='ocrx_word' id='word_1_200' title='bbox 717 1850 871 1933; x_wconf 85' lang='lat' dir='ltr'>suppleret</span> <span class='ocrx_word' id='word_1_201' title='bbox 904 1854 1029 1927; x_wconf 83' lang='lat' dir='ltr'>primani</span> <span class='ocrx_word' id='word_1_202' title='bbox 1065 1851 1200 1929; x_wconf 86' lang='lat' dir='ltr'>Episcopi</span> <span class='ocrx_word' id='word_1_203' title='bbox 1218 1873 1377 1930; x_wconf 82' lang='lat' dir='ltr'>peccarent</span> <span class='ocrx_word' id='word_1_204' title='bbox 1396 1856 1599 1932; x_wconf 74' lang='lat' dir='ltr'>mortaliter,</span> <span class='ocrx_word' id='word_1_205' title='bbox 1629 1858 1649 1918; x_wconf 90' lang='lat' dir='ltr'>si</span> <span class='ocrx_word' id='word_1_206' title='bbox 1667 1856 1751 1922; x_wconf 91' lang='lat' dir='ltr'>ultra</span> <span class='ocrx_word' id='word_1_207' title='bbox 1772 1874 1836 1933; x_wconf 72' lang='lat' dir='ltr'>ter·</span> 
     </span>
    </p>

    <p class='ocr_par' dir='ltr' id='par_1_4' title="bbox 255 1926 1837 2157">
     <span class='ocr_line' id='line_1_18' title="bbox 255 1926 1835 2001; baseline 0.002 -5"><span class='ocrx_word' id='word_1_208' title='bbox 255 1932 381 1997; x_wconf 81' lang='lat' dir='ltr'>Missam</span> <span class='ocrx_word' id='word_1_209' title='bbox 408 1928 573 1999; x_wconf 89' lang='lat' dir='ltr'>solemnem</span> <span class='ocrx_word' id='word_1_210' title='bbox 598 1937 686 1999; x_wconf 81' lang='lat' dir='ltr'>iuxta</span> <span class='ocrx_word' id='word_1_211' title='bbox 712 1936 808 1998; x_wconf 88' lang='lat' dir='ltr'>ritum</span> <span class='ocrx_word' id='word_1_212' title='bbox 838 1930 875 1998; x_wconf 88' lang='lat' dir='ltr'>ab</span> <span class='ocrx_word' id='word_1_213' title='bbox 896 1926 1028 1996; x_wconf 77' lang='lat' dir='ltr'>Ecclesia</span> <span class='ocrx_word' id='word_1_214' title='bbox 1063 1934 1162 1997; x_wconf 87' lang='lat' dir='ltr'>minos</span> <span class='ocrx_word' id='word_1_215' title='bbox 1193 1930 1380 2001; x_wconf 81' lang='lat' dir='ltr'>necessitatis</span> <span class='ocrx_word' id='word_1_216' title='bbox 1404 1957 1441 2000; x_wconf 90' lang='lat' dir='ltr'>ac</span> <span class='ocrx_word' id='word_1_217' title='bbox 1469 1933 1638 2001; x_wconf 66' lang='lat' dir='ltr'>mandasse</span> <span class='ocrx_word' id='word_1_218' title='bbox 1663 1934 1835 2000; x_wconf 83' lang='lat' dir='ltr'>honestatis</span> 
     </span>
     <span class='ocr_line' id='line_1_19' title="bbox 256 2008 1837 2157; baseline 0.003 -84"><span class='ocrx_word' id='word_1_219' title='bbox 256 2010 465 2157; x_wconf 46' lang='lat' dir='ltr'>{rbaescriptum</span> <span class='ocrx_word' id='word_1_220' title='bbox 486 2014 541 2077; x_wconf 87' lang='lat' dir='ltr'>tali</span> <span class='ocrx_word' id='word_1_221' title='bbox 559 2013 607 2079; x_wconf 94' lang='lat' dir='ltr'>die</span> <span class='ocrx_word' id='word_1_222' title='bbox 623 2017 656 2078; x_wconf 92' lang='lat' dir='ltr'>in</span> <span class='ocrx_word' id='word_1_223' title='bbox 671 2016 735 2081; x_wconf 87' lang='lat' dir='ltr'>eiua</span> <span class='ocrx_word' id='word_1_224' title='bbox 760 2012 862 2077; x_wconf 87' lang='lat' dir='ltr'>media</span> <span class='ocrx_word' id='word_1_225' title='bbox 878 2008 966 2079; x_wconf 81' lang='lat' dir='ltr'>nosse</span> <span class='ocrx_word' id='word_1_226' title='bbox 980 2031 1029 2076; x_wconf 89' lang='lat' dir='ltr'>ce·</span> <span class='ocrx_word' id='word_1_227' title='bbox 1065 2032 1120 2089; x_wconf 90' lang='lat' dir='ltr'>pro</span> <span class='ocrx_word' id='word_1_228' title='bbox 1136 2012 1296 2078; x_wconf 81' lang='lat' dir='ltr'>ordinario</span> <span class='ocrx_word' id='word_1_229' title='bbox 1315 2037 1368 2093; x_wconf 92' lang='lat' dir='ltr'>per</span> <span class='ocrx_word' id='word_1_230' title='bbox 1387 2036 1501 2080; x_wconf 91' lang='lat' dir='ltr'>annum</span> <span class='ocrx_word' id='word_1_231' title='bbox 1516 2014 1694 2091; x_wconf 82' lang='lat' dir='ltr'>Sacrificio,</span> <span class='ocrx_word' id='word_1_232' title='bbox 1712 2033 1767 2079; x_wconf 92' lang='lat' dir='ltr'>aut</span> <span class='ocrx_word' id='word_1_233' title='bbox 1787 2018 1837 2077; x_wconf 92' lang='lat' dir='ltr'>ni·</span> 
     </span>
    </p>

    <p class='ocr_par' dir='ltr' id='par_1_5' title="bbox 313 2091 1834 2175">
     <span class='ocr_line' id='line_1_20' title="bbox 313 2091 1834 2175; baseline 0 -18"><span class='ocrx_word' id='word_1_234' title='bbox 313 2092 457 2157; x_wconf 81' lang='lat' dir='ltr'>rarrdain.</span> <span class='ocrx_word' id='word_1_235' title='bbox 474 2092 523 2157; x_wconf 84' lang='lat' dir='ltr'>Sic</span> <span class='ocrx_word' id='word_1_236' title='bbox 542 2094 648 2173; x_wconf 75' lang='lat' dir='ltr'>Lugn.</span> <span class='ocrx_word' id='word_1_237' title='bbox 1064 2095 1120 2155; x_wconf 89' lang='lat' dir='ltr'>mis</span> <span class='ocrx_word' id='word_1_238' title='bbox 1138 2092 1219 2172; x_wconf 78' lang='lat' dir='ltr'>large</span> <span class='ocrx_word' id='word_1_239' title='bbox 1235 2094 1365 2175; x_wconf 79' lang='lat' dir='ltr'>intelligi</span> <span class='ocrx_word' id='word_1_240' title='bbox 1388 2096 1507 2161; x_wconf 88' lang='lat' dir='ltr'>vellent</span> <span class='ocrx_word' id='word_1_241' title='bbox 1531 2095 1599 2160; x_wconf 90' lang='lat' dir='ltr'>suas</span> <span class='ocrx_word' id='word_1_242' title='bbox 1627 2091 1834 2161; x_wconf 88' lang='lat' dir='ltr'>concelliones</span> 
     </span>
    </p>

    <p class='ocr_par' dir='ltr' id='par_1_6' title="bbox 236 2171 1834 2254">
     <span class='ocr_line' id='line_1_21' title="bbox 236 2171 1834 2254; baseline 0.002 -19"><span class='ocrx_word' id='word_1_243' title='bbox 236 2207 250 2235; x_wconf 65' lang='lat' dir='ltr'>c</span> <span class='ocrx_word' id='word_1_244' title='bbox 299 2172 410 2248; x_wconf 83' lang='lat' dir='ltr'>Qioad</span> <span class='ocrx_word' id='word_1_245' title='bbox 432 2172 531 2236; x_wconf 88' lang='lat' dir='ltr'>locum</span> <span class='ocrx_word' id='word_1_246' title='bbox 553 2174 676 2237; x_wconf 81' lang='lat' dir='ltr'>Missam</span> <span class='ocrx_word' id='word_1_247' title='bbox 700 2173 840 2238; x_wconf 89' lang='lat' dir='ltr'>audiendi</span> <span class='ocrx_word' id='word_1_248' title='bbox 858 2194 913 2251; x_wconf 88' lang='lat' dir='ltr'>pro</span> <span class='ocrx_word' id='word_1_249' title='bbox 932 2172 1028 2237; x_wconf 86' lang='lat' dir='ltr'>adim·</span> <span class='ocrx_word' id='word_1_250' title='bbox 1065 2176 1096 2233; x_wconf 92' lang='lat' dir='ltr'>in</span> <span class='ocrx_word' id='word_1_251' title='bbox 1118 2171 1324 2248; x_wconf 82' lang='lat' dir='ltr'>praeiudicium</span> <span class='ocrx_word' id='word_1_252' title='bbox 1345 2177 1496 2254; x_wconf 72' lang='lat' dir='ltr'>Liturgiae</span> <span class='ocrx_word' id='word_1_253' title='bbox 1520 2172 1664 2240; x_wconf 81' lang='lat' dir='ltr'>solemnis</span> <span class='ocrx_word' id='word_1_254' title='bbox 1681 2178 1711 2238; x_wconf 91' lang='lat' dir='ltr'>in</span> <span class='ocrx_word' id='word_1_255' title='bbox 1729 2175 1834 2239; x_wconf 85' lang='lat' dir='ltr'>Eccle-</span> 
     </span>
    </p>

    <p class='ocr_par' dir='ltr' id='par_1_7' title="bbox 236 2249 1608 2333">
     <span class='ocr_line' id='line_1_22' title="bbox 236 2249 1608 2333; baseline 0.002 -19"><span class='ocrx_word' id='word_1_256' title='bbox 236 2268 245 2333; x_wconf 62' lang='grc' dir='ltr'>ι,</span> <span class='ocrx_word' id='word_1_257' title='bbox 260 2251 371 2330; x_wconf 91' lang='lat' dir='ltr'>plendn</span> <span class='ocrx_word' id='word_1_258' title='bbox 393 2272 545 2330; x_wconf 81' lang='lat' dir='ltr'>praecepto</span> <span class='ocrx_word' id='word_1_259' title='bbox 560 2254 632 2318; x_wconf 87' lang='lat' dir='ltr'>licet</span> <span class='ocrx_word' id='word_1_260' title='bbox 650 2252 792 2319; x_wconf 88' lang='lat' dir='ltr'>videatur</span> <span class='ocrx_word' id='word_1_261' title='bbox 800 2254 928 2319; x_wconf 87' lang='lat' dir='ltr'>Concilii</span> <span class='ocrx_word' id='word_1_262' title='bbox 942 2249 1027 2315; x_wconf 89' lang='lat' dir='ltr'>Trid.</span> <span class='ocrx_word' id='word_1_263' title='bbox 1064 2250 1105 2315; x_wconf 84' lang='lat' dir='ltr'>saa</span> <span class='ocrx_word' id='word_1_264' title='bbox 1121 2249 1180 2329; x_wconf 83' lang='lat' dir='ltr'>,dt</span> <span class='ocrx_word' id='word_1_265' title='bbox 1196 2252 1361 2321; x_wconf 75' lang='lat' dir='ltr'>auditionis</span> <span class='ocrx_word' id='word_1_266' title='bbox 1382 2255 1469 2322; x_wconf 89' lang='lat' dir='ltr'>verbi</span> <span class='ocrx_word' id='word_1_267' title='bbox 1488 2254 1608 2320; x_wconf 86' lang='lat' dir='ltr'>divini.</span> 
     </span>
    </p>

    <p class='ocr_par' dir='ltr' id='par_1_8' title="bbox 237 2329 1029 2405">
     <span class='ocr_line' id='line_1_23' title="bbox 237 2329 1029 2405; baseline -0.008 -8"><span class='ocrx_word' id='word_1_268' title='bbox 237 2336 245 2371; x_wconf 87' lang='lat'><strong>¹</strong></span> <span class='ocrx_word' id='word_1_269' title='bbox 260 2334 412 2405; x_wconf 86' lang='lat' dir='ltr'>intenti0,</span> <span class='ocrx_word' id='word_1_270' title='bbox 433 2349 471 2395; x_wconf 93' lang='lat' dir='ltr'>ut</span> <span class='ocrx_word' id='word_1_271' title='bbox 491 2330 599 2399; x_wconf 88' lang='lat' dir='ltr'>saltem</span> <span class='ocrx_word' id='word_1_272' title='bbox 615 2334 782 2399; x_wconf 81' lang='lat' dir='ltr'>Dominicis</span> <span class='ocrx_word' id='word_1_273' title='bbox 803 2332 907 2397; x_wconf 84' lang='lat' dir='ltr'>diebus</span> <span class='ocrx_word' id='word_1_274' title='bbox 922 2329 1029 2397; x_wconf 84' lang='lat' dir='ltr'>&amp;ma-</span> 
     </span>
    </p>

    <p class='ocr_par' dir='ltr' id='par_1_9' title="bbox 237 2406 1973 5296">
     <span class='ocr_line' id='line_1_24' title="bbox 237 2406 1622 2507; baseline 0.001 -30"><span class='ocrx_word' id='word_1_275' title='bbox 237 2406 486 2507; x_wconf 38' lang='lat' dir='ltr'>‚roribusnfesiis</span> <span class='ocrx_word' id='word_1_276' title='bbox 513 2412 692 2478; x_wconf 80' lang='lat' dir='ltr'>adsacrum</span> <span class='ocrx_word' id='word_1_277' title='bbox 716 2412 898 2506; x_wconf 82' lang='lat' dir='ltr'>audiendum</span> <span class='ocrx_word' id='word_1_278' title='bbox 919 2414 950 2473; x_wconf 95' lang='lat' dir='ltr'>in</span> <span class='ocrx_word' id='word_1_279' title='bbox 971 2409 1028 2504; x_wconf 81' lang='lat' dir='ltr'>suis</span> <span class='ocrx_word' id='word_1_280' title='bbox 1385 2420 1412 2483; x_wconf 77' lang='lat'>§-</span> <span class='ocrx_word' id='word_1_281' title='bbox 1451 2414 1509 2479; x_wconf 88' lang='lat'>11.</span> <span class='ocrx_word' id='word_1_282' title='bbox 1619 2420 1622 2427; x_wconf 88' lang='lat'>&#39;</span> 
     </span>
     <span class='ocr_line' id='line_1_25' title="bbox 260 2490 1816 2659; baseline 0.006 -63"><span class='ocrx_word' id='word_1_283' title='bbox 260 2490 1028 2659; x_wconf 47' lang='grc' dir='ltr'>Ξέξῗὲξῐξῗὲζῖᾗξὲἓῗξ.’ὅξᾞξῑιᾶἓῇῗξξὲᾞ</span> <span class='ocrx_word' id='word_1_284' title='bbox 1084 2535 1127 2596; x_wconf 83' lang='lat' dir='ltr'>De</span> <span class='ocrx_word' id='word_1_285' title='bbox 1142 2542 1269 2611; x_wconf 71' lang='lat' dir='ltr'>tempore</span> <span class='ocrx_word' id='word_1_286' title='bbox 1283 2526 1337 2611; x_wconf 77' lang='lat' dir='ltr'>fea</span> <span class='ocrx_word' id='word_1_287' title='bbox 1365 2531 1443 2598; x_wconf 85' lang='lat' dir='ltr'>boris</span> <span class='ocrx_word' id='word_1_288' title='bbox 1463 2534 1495 2597; x_wconf 81' lang='lat' dir='ltr'>in</span> <span class='ocrx_word' id='word_1_289' title='bbox 1511 2530 1614 2610; x_wconf 73' lang='lat' dir='ltr'>rursus</span> <span class='ocrx_word' id='word_1_290' title='bbox 1632 2534 1816 2608; x_wconf 78' lang='lat' dir='ltr'>audiendam</span> 
     </span>
     <span class='ocr_line' id='line_1_26' title="bbox 263 2614 1946 2741; baseline -0.004 -24"><span class='ocrx_word' id='word_1_291' title='bbox 263 2651 549 2717; x_wconf 83' lang='lat' dir='ltr'>lebrationeMisiae</span> <span class='ocrx_word' id='word_1_292' title='bbox 572 2651 781 2730; x_wconf 58' lang='lat' dir='ltr'>less-asnide</span> <span class='ocrx_word' id='word_1_293' title='bbox 802 2650 1028 2718; x_wconf 89' lang='lat' dir='ltr'>tamenConci·</span> <span class='ocrx_word' id='word_1_294' title='bbox 1143 2728 1149 2741; x_wconf 40' lang='lat'><strong>·</strong></span> <span class='ocrx_word' id='word_1_295' title='bbox 1273 2728 1278 2740; x_wconf 31' lang='grc' dir='ltr'>Ι</span> <span class='ocrx_word' id='word_1_296' title='bbox 1350 2614 1389 2705; x_wconf 67' lang='lat' dir='ltr'>‘st</span> <span class='ocrx_word' id='word_1_297' title='bbox 1406 2616 1546 2681; x_wconf 58' lang='lat' dir='ltr'>Sam·</span> <span class='ocrx_word' id='word_1_298' title='bbox 1888 2710 1894 2723; x_wconf 81' lang='grc'><strong>,</strong></span> <span class='ocrx_word' id='word_1_299' title='bbox 1938 2711 1946 2724; x_wconf 71' lang='grc'>,</span> 
     </span>
     <span class='ocr_line' id='line_1_27' title="bbox 262 2710 1970 2870; baseline 0.002 -75"><span class='ocrx_word' id='word_1_300' title='bbox 262 2732 339 2827; x_wconf 76' lang='lat' dir='ltr'>lium</span> <span class='ocrx_word' id='word_1_301' title='bbox 359 2733 397 2797; x_wconf 91' lang='lat' dir='ltr'>ibi</span> <span class='ocrx_word' id='word_1_302' title='bbox 421 2731 562 2797; x_wconf 85' lang='lat' dir='ltr'>hortatur</span> <span class='ocrx_word' id='word_1_303' title='bbox 577 2728 789 2824; x_wconf 69' lang='lat' dir='ltr'>solunimodo,</span> <span class='ocrx_word' id='word_1_304' title='bbox 813 2731 846 2796; x_wconf 80' lang='lat' dir='ltr'>dc</span> <span class='ocrx_word' id='word_1_305' title='bbox 868 2751 932 2794; x_wconf 91' lang='lat' dir='ltr'>non</span> <span class='ocrx_word' id='word_1_306' title='bbox 949 2751 1024 2823; x_wconf 66' lang='lat' dir='ltr'>prar-</span> <span class='ocrx_word' id='word_1_307' title='bbox 1084 2722 1358 2870; x_wconf 50' lang='lat' dir='ltr'>uMn&#39;sffssffld&#39;eseba</span> <span class='ocrx_word' id='word_1_308' title='bbox 1377 2728 1419 2792; x_wconf 90' lang='lat' dir='ltr'>esl</span> <span class='ocrx_word' id='word_1_309' title='bbox 1436 2735 1468 2793; x_wconf 90' lang='lat' dir='ltr'>in</span> <span class='ocrx_word' id='word_1_310' title='bbox 1489 2732 1571 2825; x_wconf 83' lang='lat' dir='ltr'>horis</span> <span class='ocrx_word' id='word_1_311' title='bbox 1585 2731 1693 2809; x_wconf 86' lang='lat' dir='ltr'>quibus</span> <span class='ocrx_word' id='word_1_312' title='bbox 1709 2736 1831 2800; x_wconf 84' lang='lat' dir='ltr'>licitum</span> <span class='ocrx_word' id='word_1_313' title='bbox 1842 2710 1970 2827; x_wconf 45' lang='lat' dir='ltr'>23³¹&amp;ss</span> 
     </span>
     <span class='ocr_line' id='line_1_28' title="bbox 259 2808 1973 2976; baseline -0.001 -21"><span class='ocrx_word' id='word_1_314' title='bbox 259 2830 340 2955; x_wconf 72' lang='lat' dir='ltr'>sss</span> <span class='ocrx_word' id='word_1_315' title='bbox 357 2808 487 2952; x_wconf 71' lang='lat' dir='ltr'>alhs</span> <span class='ocrx_word' id='word_1_316' title='bbox 505 2809 811 2969; x_wconf 57' lang='lat' dir='ltr'>aliishllfl‘nshhh</span> <span class='ocrx_word' id='word_1_317' title='bbox 822 2810 980 2975; x_wconf 56' lang='lat' dir='ltr'>slsis?</span> <span class='ocrx_word' id='word_1_318' title='bbox 985 2828 1029 2951; x_wconf 68' lang='lat'>‘1¹3</span> <span class='ocrx_word' id='word_1_319' title='bbox 1064 2810 1973 2976; x_wconf 58' lang='lat' dir='ltr'>{10nsaissssrcsssfhslssbhssiiss{⁶0¹3th§siis</span> 
     </span>
     <span class='ocr_line' id='line_1_29' title="bbox 263 2964 1973 3050; baseline 0.001 -16"><span class='ocrx_word' id='word_1_320' title='bbox 263 2969 319 3035; x_wconf 88' lang='lat' dir='ltr'>sua</span> <span class='ocrx_word' id='word_1_321' title='bbox 341 2969 486 3035; x_wconf 85' lang='lat' dir='ltr'>Parochia</span> <span class='ocrx_word' id='word_1_322' title='bbox 506 2970 632 3036; x_wconf 87' lang='lat' dir='ltr'>Sacrum</span> <span class='ocrx_word' id='word_1_323' title='bbox 650 2969 758 3036; x_wconf 81' lang='lat' dir='ltr'>aridire</span> <span class='ocrx_word' id='word_1_324' title='bbox 779 3018 788 3049; x_wconf 92' lang='lat'>,</span> <span class='ocrx_word' id='word_1_325' title='bbox 813 2966 866 3034; x_wconf 92' lang='lat' dir='ltr'>sed</span> <span class='ocrx_word' id='word_1_326' title='bbox 894 2966 965 3035; x_wconf 87' lang='lat' dir='ltr'>satis</span> <span class='ocrx_word' id='word_1_327' title='bbox 986 2967 1028 3032; x_wconf 84' lang='lat' dir='ltr'>esi</span> <span class='ocrx_word' id='word_1_328' title='bbox 1065 2966 1116 3031; x_wconf 90' lang='lat' dir='ltr'>bet</span> <span class='ocrx_word' id='word_1_329' title='bbox 1133 2980 1205 3029; x_wconf 85' lang='lat' dir='ltr'>ante</span> <span class='ocrx_word' id='word_1_330' title='bbox 1225 2964 1327 3031; x_wconf 88' lang='lat' dir='ltr'>Horas</span> <span class='ocrx_word' id='word_1_331' title='bbox 1350 2972 1522 3041; x_wconf 87' lang='lat' dir='ltr'>matutinas</span> <span class='ocrx_word' id='word_1_332' title='bbox 1543 3016 1552 3047; x_wconf 89' lang='lat'>,</span> <span class='ocrx_word' id='word_1_333' title='bbox 1578 2989 1637 3035; x_wconf 86' lang='lat' dir='ltr'>nee</span> <span class='ocrx_word' id='word_1_334' title='bbox 1658 2969 1730 3046; x_wconf 77' lang='lat' dir='ltr'>post.</span> <span class='ocrx_word' id='word_1_335' title='bbox 1743 2993 1834 3050; x_wconf 83' lang='lat' dir='ltr'>pran-</span> <span class='ocrx_word' id='word_1_336' title='bbox 1848 2964 1973 3020; x_wconf 51' lang='grc' dir='ltr'>ΝΜ*</span> 
     </span>
     <span class='ocr_line' id='line_1_30' title="bbox 262 3043 1842 3128; baseline 0.004 -14"><span class='ocrx_word' id='word_1_337' title='bbox 262 3066 299 3114; x_wconf 90' lang='lat' dir='ltr'>ut</span> <span class='ocrx_word' id='word_1_338' title='bbox 322 3052 353 3112; x_wconf 92' lang='lat' dir='ltr'>in</span> <span class='ocrx_word' id='word_1_339' title='bbox 381 3053 489 3126; x_wconf 85' lang='lat' dir='ltr'>quavis</span> <span class='ocrx_word' id='word_1_340' title='bbox 510 3052 569 3116; x_wconf 85' lang='lat' dir='ltr'>alia</span> <span class='ocrx_word' id='word_1_341' title='bbox 591 3049 721 3117; x_wconf 86' lang='lat' dir='ltr'>Ecclefia</span> <span class='ocrx_word' id='word_1_342' title='bbox 750 3050 813 3115; x_wconf 83' lang='lat' dir='ltr'>sive</span> <span class='ocrx_word' id='word_1_343' title='bbox 834 3048 1031 3115; x_wconf 83' lang='lat' dir='ltr'>Saecularium</span> <span class='ocrx_word' id='word_1_344' title='bbox 1065 3045 1168 3123; x_wconf 89' lang='lat' dir='ltr'>dium,</span> <span class='ocrx_word' id='word_1_345' title='bbox 1185 3048 1230 3111; x_wconf 91' lang='lat' dir='ltr'>ita</span> <span class='ocrx_word' id='word_1_346' title='bbox 1247 3063 1283 3109; x_wconf 91' lang='lat' dir='ltr'>ur</span> <span class='ocrx_word' id='word_1_347' title='bbox 1299 3043 1409 3112; x_wconf 91' lang='lat' dir='ltr'>saltem</span> <span class='ocrx_word' id='word_1_348' title='bbox 1426 3049 1573 3126; x_wconf 90' lang='lat' dir='ltr'>compleri</span> <span class='ocrx_word' id='word_1_349' title='bbox 1606 3069 1743 3128; x_wconf 77' lang='lat' dir='ltr'>nequeat</span> <span class='ocrx_word' id='word_1_350' title='bbox 1762 3072 1842 3122; x_wconf 81' lang='lat' dir='ltr'>ante</span> 
     </span>
     <span class='ocr_line' id='line_1_31' title="bbox 260 3126 1835 3222; baseline 0 -30"><span class='ocrx_word' id='word_1_351' title='bbox 260 3127 329 3196; x_wconf 82' lang='lat' dir='ltr'>sive</span> <span class='ocrx_word' id='word_1_352' title='bbox 348 3128 545 3207; x_wconf 76' lang='lat' dir='ltr'>Regularium</span> <span class='ocrx_word' id='word_1_353' title='bbox 566 3133 634 3196; x_wconf 83' lang='lat' dir='ltr'>&#39;eam</span> <span class='ocrx_word' id='word_1_354' title='bbox 654 3133 781 3195; x_wconf 88' lang='lat' dir='ltr'>audiant</span> <span class='ocrx_word' id='word_1_355' title='bbox 804 3178 812 3207; x_wconf 91' lang='lat'>‚</span> <span class='ocrx_word' id='word_1_356' title='bbox 836 3128 900 3195; x_wconf 81' lang='lat' dir='ltr'>save</span> <span class='ocrx_word' id='word_1_357' title='bbox 930 3128 1033 3194; x_wconf 85' lang='lat' dir='ltr'>inali-</span> <span class='ocrx_word' id='word_1_358' title='bbox 1068 3126 1173 3192; x_wconf 89' lang='lat' dir='ltr'>boram</span> <span class='ocrx_word' id='word_1_359' title='bbox 1193 3128 1381 3190; x_wconf 90' lang='lat' dir='ltr'>matutinam</span> <span class='ocrx_word' id='word_1_360' title='bbox 1400 3149 1487 3222; x_wconf 30' lang='lat' dir='ltr'>‚tnec</span> <span class='ocrx_word' id='word_1_361' title='bbox 1502 3129 1641 3196; x_wconf 88' lang='lat' dir='ltr'>inchoari</span> <span class='ocrx_word' id='word_1_362' title='bbox 1663 3129 1726 3206; x_wconf 84' lang='lat' dir='ltr'>posi</span> <span class='ocrx_word' id='word_1_363' title='bbox 1743 3139 1835 3200; x_wconf 75' lang='lat' dir='ltr'>meri-</span> 
     </span>
     <span class='ocr_line' id='line_1_32' title="bbox 263 3205 1836 3290; baseline 0.003 -16"><span class='ocrx_word' id='word_1_364' title='bbox 263 3231 327 3286; x_wconf 84' lang='lat' dir='ltr'>quo</span> <span class='ocrx_word' id='word_1_365' title='bbox 343 3209 491 3275; x_wconf 89' lang='lat' dir='ltr'>Oratorio</span> <span class='ocrx_word' id='word_1_366' title='bbox 512 3261 521 3290; x_wconf 91' lang='lat'>‚</span> <span class='ocrx_word' id='word_1_367' title='bbox 547 3217 597 3275; x_wconf 90' lang='lat' dir='ltr'>cni</span> <span class='ocrx_word' id='word_1_368' title='bbox 623 3209 795 3276; x_wconf 82' lang='lat' dir='ltr'>concessum</span> <span class='ocrx_word' id='word_1_369' title='bbox 827 3211 885 3277; x_wconf 91' lang='lat' dir='ltr'>luit</span> <span class='ocrx_word' id='word_1_370' title='bbox 903 3209 1031 3285; x_wconf 87' lang='lat' dir='ltr'>privile·</span> <span class='ocrx_word' id='word_1_371' title='bbox 1066 3205 1172 3284; x_wconf 89' lang='lat' dir='ltr'>diem,</span> <span class='ocrx_word' id='word_1_372' title='bbox 1198 3222 1233 3269; x_wconf 93' lang='lat' dir='ltr'>ut</span> <span class='ocrx_word' id='word_1_373' title='bbox 1254 3225 1293 3269; x_wconf 87' lang='lat' dir='ltr'>ex</span> <span class='ocrx_word' id='word_1_374' title='bbox 1310 3205 1422 3272; x_wconf 80' lang='lat' dir='ltr'>Missalr</span> <span class='ocrx_word' id='word_1_375' title='bbox 1443 3209 1586 3276; x_wconf 85' lang='lat' dir='ltr'>Romano</span> <span class='ocrx_word' id='word_1_376' title='bbox 1605 3259 1613 3287; x_wconf 94' lang='lat'>,</span> <span class='ocrx_word' id='word_1_377' title='bbox 1632 3208 1671 3276; x_wconf 80' lang='lat' dir='ltr'>dt</span> <span class='ocrx_word' id='word_1_378' title='bbox 1700 3217 1836 3288; x_wconf 73' lang='lat' dir='ltr'>generali</span> 
     </span>
     <span class='ocr_line' id='line_1_33' title="bbox 263 3284 1805 3373; baseline 0.004 -21"><span class='ocrx_word' id='word_1_379' title='bbox 263 3295 348 3368; x_wconf 82' lang='lat' dir='ltr'>gium</span> <span class='ocrx_word' id='word_1_380' title='bbox 371 3290 493 3354; x_wconf 88' lang='lat' dir='ltr'>Missam</span> <span class='ocrx_word' id='word_1_381' title='bbox 521 3295 553 3356; x_wconf 89' lang='lat' dir='ltr'>in</span> <span class='ocrx_word' id='word_1_382' title='bbox 568 3313 607 3356; x_wconf 91' lang='lat' dir='ltr'>co</span> <span class='ocrx_word' id='word_1_383' title='bbox 627 3291 800 3355; x_wconf 90' lang='lat' dir='ltr'>celebrandi</span> <span class='ocrx_word' id='word_1_384' title='bbox 821 3339 829 3369; x_wconf 89' lang='lat'>,</span> <span class='ocrx_word' id='word_1_385' title='bbox 853 3291 933 3355; x_wconf 89' lang='lat' dir='ltr'>circa</span> <span class='ocrx_word' id='word_1_386' title='bbox 953 3290 1031 3365; x_wconf 90' lang='lat' dir='ltr'>quod</span> <span class='ocrx_word' id='word_1_387' title='bbox 1068 3289 1154 3363; x_wconf 82' lang='lat' dir='ltr'>praxi</span> <span class='ocrx_word' id='word_1_388' title='bbox 1172 3306 1206 3373; x_wconf 80' lang='lat' dir='ltr'>ac</span> <span class='ocrx_word' id='word_1_389' title='bbox 1221 3284 1442 3351; x_wconf 89' lang='lat' dir='ltr'>consuetudine</span> <span class='ocrx_word' id='word_1_390' title='bbox 1464 3287 1549 3368; x_wconf 89' lang='lat' dir='ltr'>,nisl</span> <span class='ocrx_word' id='word_1_391' title='bbox 1564 3293 1641 3355; x_wconf 89' lang='lat' dir='ltr'>ritus</span> <span class='ocrx_word' id='word_1_392' title='bbox 1664 3289 1805 3359; x_wconf 82' lang='lat' dir='ltr'>Ecclefiae</span> 
     </span>
     <span class='ocr_line' id='line_1_34' title="bbox 264 3341 1836 3451; baseline 0.004 -18"><span class='ocrx_word' id='word_1_393' title='bbox 264 3387 369 3434; x_wconf 87' lang='lat' dir='ltr'>tamen</span> <span class='ocrx_word' id='word_1_394' title='bbox 388 3371 551 3438; x_wconf 91' lang='lat' dir='ltr'>videndum</span> <span class='ocrx_word' id='word_1_395' title='bbox 580 3394 653 3437; x_wconf 90' lang='lat' dir='ltr'>num</span> <span class='ocrx_word' id='word_1_396' title='bbox 676 3372 855 3436; x_wconf 83' lang='lat' dir='ltr'>oratorium</span> <span class='ocrx_word' id='word_1_397' title='bbox 878 3367 914 3433; x_wconf 81' lang='lat' dir='ltr'>sit</span> <span class='ocrx_word' id='word_1_398' title='bbox 937 3368 1032 3446; x_wconf 92' lang='lat' dir='ltr'>publi·</span> <span class='ocrx_word' id='word_1_399' title='bbox 1068 3384 1103 3430; x_wconf 92' lang='lat' dir='ltr'>ut</span> <span class='ocrx_word' id='word_1_400' title='bbox 1121 3367 1213 3431; x_wconf 90' lang='lat' dir='ltr'>Missa</span> <span class='ocrx_word' id='word_1_401' title='bbox 1235 3370 1266 3428; x_wconf 92' lang='lat' dir='ltr'>in</span> <span class='ocrx_word' id='word_1_402' title='bbox 1284 3365 1369 3431; x_wconf 80' lang='lat' dir='ltr'>nosle</span> <span class='ocrx_word' id='word_1_403' title='bbox 1390 3366 1577 3436; x_wconf 80' lang='lat' dir='ltr'>Natiuitatis</span> <span class='ocrx_word' id='word_1_404' title='bbox 1598 3371 1755 3451; x_wconf 90' lang='lat' dir='ltr'>Domini,</span> <span class='ocrx_word' id='word_1_405' title='bbox 1781 3341 1836 3440; x_wconf 80' lang='lat' dir='ltr'>ves</span> 
     </span>
     <span class='ocr_line' id='line_1_35' title="bbox 263 3443 1838 3533; baseline 0.003 -19"><span class='ocrx_word' id='word_1_406' title='bbox 263 3469 337 3515; x_wconf 88' lang='lat' dir='ltr'>eum</span> <span class='ocrx_word' id='word_1_407' title='bbox 357 3451 408 3513; x_wconf 87' lang='lat' dir='ltr'>vel</span> <span class='ocrx_word' id='word_1_408' title='bbox 425 3454 601 3532; x_wconf 86' lang='lat' dir='ltr'>privatum,</span> <span class='ocrx_word' id='word_1_409' title='bbox 621 3454 654 3518; x_wconf 81' lang='grc' dir='ltr'>ἀ</span> <span class='ocrx_word' id='word_1_410' title='bbox 671 3471 820 3528; x_wconf 90' lang='lat' dir='ltr'>quantum</span> <span class='ocrx_word' id='word_1_411' title='bbox 837 3451 950 3517; x_wconf 86' lang='lat' dir='ltr'>scilicet</span> <span class='ocrx_word' id='word_1_412' title='bbox 967 3495 976 3524; x_wconf 91' lang='lat'>,</span> <span class='ocrx_word' id='word_1_413' title='bbox 995 3447 1032 3513; x_wconf 89' lang='lat' dir='ltr'>ad</span> <span class='ocrx_word' id='word_1_414' title='bbox 1069 3443 1227 3511; x_wconf 78' lang='lat' dir='ltr'>necessitas</span> <span class='ocrx_word' id='word_1_415' title='bbox 1247 3494 1256 3523; x_wconf 95' lang='lat'>,</span> <span class='ocrx_word' id='word_1_416' title='bbox 1283 3447 1333 3510; x_wconf 89' lang='lat' dir='ltr'>vel</span> <span class='ocrx_word' id='word_1_417' title='bbox 1363 3447 1556 3528; x_wconf 60' lang='lat' dir='ltr'>privilegium</span> <span class='ocrx_word' id='word_1_418' title='bbox 1580 3451 1673 3517; x_wconf 86' lang='lat' dir='ltr'>aliter</span> <span class='ocrx_word' id='word_1_419' title='bbox 1692 3456 1838 3533; x_wconf 77' lang='lat' dir='ltr'>exigant.</span> 
     </span>
     <span class='ocr_line' id='line_1_36' title="bbox 262 3526 1840 3610; baseline 0.004 -17"><span class='ocrx_word' id='word_1_420' title='bbox 262 3549 339 3605; x_wconf 81' lang='lat' dir='ltr'>quos</span> <span class='ocrx_word' id='word_1_421' title='bbox 359 3531 420 3594; x_wconf 86' lang='lat' dir='ltr'>dies</span> <span class='ocrx_word' id='word_1_422' title='bbox 440 3530 475 3597; x_wconf 82' lang='lat' dir='ltr'>dt</span> <span class='ocrx_word' id='word_1_423' title='bbox 491 3533 629 3610; x_wconf 87' lang='lat' dir='ltr'>personas</span> <span class='ocrx_word' id='word_1_424' title='bbox 646 3531 676 3596; x_wconf 89' lang='lat' dir='ltr'>se</span> <span class='ocrx_word' id='word_1_425' title='bbox 691 3531 838 3596; x_wconf 87' lang='lat' dir='ltr'>extendat</span> <span class='ocrx_word' id='word_1_426' title='bbox 860 3579 868 3607; x_wconf 92' lang='lat'>,</span> <span class='ocrx_word' id='word_1_427' title='bbox 896 3550 967 3593; x_wconf 88' lang='lat' dir='ltr'>nam</span> <span class='ocrx_word' id='word_1_428' title='bbox 987 3547 1033 3592; x_wconf 91' lang='lat' dir='ltr'>et·</span> <span class='ocrx_word' id='word_1_429' title='bbox 1068 3526 1193 3592; x_wconf 85' lang='lat' dir='ltr'>Etenim</span> <span class='ocrx_word' id='word_1_430' title='bbox 1215 3545 1253 3590; x_wconf 86' lang='lat' dir='ltr'>ex</span> <span class='ocrx_word' id='word_1_431' title='bbox 1270 3527 1451 3605; x_wconf 74' lang='lat' dir='ltr'>privilegio,</span> <span class='ocrx_word' id='word_1_432' title='bbox 1466 3531 1518 3595; x_wconf 83' lang='lat' dir='ltr'>vel</span> <span class='ocrx_word' id='word_1_433' title='bbox 1539 3532 1625 3609; x_wconf 74' lang='lat' dir='ltr'>gravi</span> <span class='ocrx_word' id='word_1_434' title='bbox 1645 3533 1748 3598; x_wconf 87' lang='lat' dir='ltr'>caussa</span> <span class='ocrx_word' id='word_1_435' title='bbox 1764 3534 1840 3601; x_wconf 84' lang='lat' dir='ltr'>lieet</span> 
     </span>
     <span class='ocr_line' id='line_1_37' title="bbox 263 3603 1838 3689; baseline 0.004 -18"><span class='ocrx_word' id='word_1_436' title='bbox 263 3611 329 3673; x_wconf 88' lang='lat' dir='ltr'>iam</span> <span class='ocrx_word' id='word_1_437' title='bbox 346 3610 377 3672; x_wconf 93' lang='lat' dir='ltr'>in</span> <span class='ocrx_word' id='word_1_438' title='bbox 398 3613 550 3677; x_wconf 85' lang='lat' dir='ltr'>oratoriis</span> <span class='ocrx_word' id='word_1_439' title='bbox 567 3609 748 3689; x_wconf 84' lang='lat' dir='ltr'>publicis,sr</span> <span class='ocrx_word' id='word_1_440' title='bbox 769 3611 861 3686; x_wconf 86' lang='lat' dir='ltr'>aliqui</span> <span class='ocrx_word' id='word_1_441' title='bbox 884 3608 945 3672; x_wconf 88' lang='lat' dir='ltr'>dies</span> <span class='ocrx_word' id='word_1_442' title='bbox 964 3603 1032 3674; x_wconf 83' lang='lat' dir='ltr'>fessi</span> <span class='ocrx_word' id='word_1_443' title='bbox 1068 3607 1174 3671; x_wconf 87' lang='lat' dir='ltr'>horam</span> <span class='ocrx_word' id='word_1_444' title='bbox 1193 3610 1379 3671; x_wconf 88' lang='lat' dir='ltr'>matutinam</span> <span class='ocrx_word' id='word_1_445' title='bbox 1391 3605 1429 3672; x_wconf 77' lang='grc' dir='ltr'>ἀ</span> <span class='ocrx_word' id='word_1_446' title='bbox 1445 3610 1684 3684; x_wconf 83' lang='lat' dir='ltr'>pomeridianam</span> <span class='ocrx_word' id='word_1_447' title='bbox 1697 3616 1838 3678; x_wconf 83' lang='lat' dir='ltr'>inverte-</span> 
     </span>
     <span class='ocr_line' id='line_1_38' title="bbox 257 3686 1837 3769; baseline 0.004 -17"><span class='ocrx_word' id='word_1_448' title='bbox 257 3688 479 3769; x_wconf 78' lang='lat' dir='ltr'>excipiantur,</span> <span class='ocrx_word' id='word_1_449' title='bbox 499 3691 617 3758; x_wconf 83' lang='lat' dir='ltr'>utheri</span> <span class='ocrx_word' id='word_1_450' title='bbox 639 3691 716 3756; x_wconf 90' lang='lat' dir='ltr'>solet</span> <span class='ocrx_word' id='word_1_451' title='bbox 737 3691 836 3769; x_wconf 87' lang='lat' dir='ltr'>quoad</span> <span class='ocrx_word' id='word_1_452' title='bbox 856 3686 1031 3752; x_wconf 85' lang='lat' dir='ltr'>solemnita-</span> <span class='ocrx_word' id='word_1_453' title='bbox 1068 3706 1100 3750; x_wconf 88' lang='lat' dir='ltr'>re</span> <span class='ocrx_word' id='word_1_454' title='bbox 1121 3688 1174 3749; x_wconf 88' lang='lat' dir='ltr'>seu</span> <span class='ocrx_word' id='word_1_455' title='bbox 1189 3688 1312 3749; x_wconf 85' lang='lat' dir='ltr'>variare</span> <span class='ocrx_word' id='word_1_456' title='bbox 1334 3734 1343 3763; x_wconf 89' lang='lat'>,</span> <span class='ocrx_word' id='word_1_457' title='bbox 1370 3706 1479 3763; x_wconf 88' lang='lat' dir='ltr'>nempe</span> <span class='ocrx_word' id='word_1_458' title='bbox 1492 3690 1674 3754; x_wconf 85' lang='lat' dir='ltr'>celebrando</span> <span class='ocrx_word' id='word_1_459' title='bbox 1688 3692 1837 3759; x_wconf 78' lang='lat' dir='ltr'>excedere</span> 
     </span>
     <span class='ocr_line' id='line_1_39' title="bbox 266 3764 1837 3855; baseline 0.002 -23"><span class='ocrx_word' id='word_1_460' title='bbox 266 3785 316 3833; x_wconf 83' lang='lat' dir='ltr'>tes</span> <span class='ocrx_word' id='word_1_461' title='bbox 343 3773 571 3850; x_wconf 86' lang='lat' dir='ltr'>principaliores</span> <span class='ocrx_word' id='word_1_462' title='bbox 595 3772 777 3846; x_wconf 83' lang='lat' dir='ltr'>Pascharis,</span> <span class='ocrx_word' id='word_1_463' title='bbox 813 3769 1034 3855; x_wconf 79' lang='lat' dir='ltr'>Pentecosles,</span> <span class='ocrx_word' id='word_1_464' title='bbox 1068 3765 1292 3842; x_wconf 87' lang='lat' dir='ltr'>aliquantulum</span> <span class='ocrx_word' id='word_1_465' title='bbox 1314 3781 1386 3830; x_wconf 88' lang='lat' dir='ltr'>ante</span> <span class='ocrx_word' id='word_1_466' title='bbox 1410 3764 1518 3832; x_wconf 88' lang='lat' dir='ltr'>horam</span> <span class='ocrx_word' id='word_1_467' title='bbox 1542 3773 1751 3848; x_wconf 86' lang='lat' dir='ltr'>matutinam,</span> <span class='ocrx_word' id='word_1_468' title='bbox 1783 3773 1837 3837; x_wconf 86' lang='lat' dir='ltr'>ves</span> 
     </span>
     <span class='ocr_line' id='line_1_40' title="bbox 265 3845 1837 3925; baseline 0.002 -10"><span class='ocrx_word' id='word_1_469' title='bbox 265 3849 393 3915; x_wconf 85' lang='lat' dir='ltr'>Natalis</span> <span class='ocrx_word' id='word_1_470' title='bbox 415 3851 540 3916; x_wconf 88' lang='lat' dir='ltr'>Domini</span> <span class='ocrx_word' id='word_1_471' title='bbox 581 3849 746 3918; x_wconf 88' lang='lat' dir='ltr'>alteriusve</span> <span class='ocrx_word' id='word_1_472' title='bbox 763 3848 932 3915; x_wconf 86' lang='lat' dir='ltr'>huiusmodi</span> <span class='ocrx_word' id='word_1_473' title='bbox 949 3846 1034 3925; x_wconf 86' lang='lat' dir='ltr'>sessi,</span> <span class='ocrx_word' id='word_1_474' title='bbox 1070 3845 1370 3922; x_wconf 83' lang='lat' dir='ltr'>postmeridianam,</span> <span class='ocrx_word' id='word_1_475' title='bbox 1396 3867 1465 3920; x_wconf 77' lang='lat' dir='ltr'>quae</span> <span class='ocrx_word' id='word_1_476' title='bbox 1494 3867 1555 3913; x_wconf 89' lang='lat' dir='ltr'>non</span> <span class='ocrx_word' id='word_1_477' title='bbox 1586 3845 1837 3925; x_wconf 78' lang='lat' dir='ltr'>puntiomathe·</span> 
     </span>
     <span class='ocr_line' id='line_1_41' title="bbox 266 3903 1837 4016; baseline 0.003 -24"><span class='ocrx_word' id='word_1_478' title='bbox 266 3931 320 4004; x_wconf 82' lang='lat' dir='ltr'>qui</span> <span class='ocrx_word' id='word_1_479' title='bbox 341 3929 464 3995; x_wconf 78' lang='lat' dir='ltr'>Missam</span> <span class='ocrx_word' id='word_1_480' title='bbox 485 3935 515 3995; x_wconf 91' lang='lat' dir='ltr'>in</span> <span class='ocrx_word' id='word_1_481' title='bbox 536 3903 595 3996; x_wconf 84' lang='lat' dir='ltr'>illis</span> <span class='ocrx_word' id='word_1_482' title='bbox 613 3930 688 3997; x_wconf 89' lang='lat' dir='ltr'>hisce</span> <span class='ocrx_word' id='word_1_483' title='bbox 709 3931 813 4016; x_wconf 84' lang='lat' dir='ltr'>diebus</span> <span class='ocrx_word' id='word_1_484' title='bbox 832 3928 950 3993; x_wconf 89' lang='lat' dir='ltr'>audiret</span> <span class='ocrx_word' id='word_1_485' title='bbox 971 3947 1033 3991; x_wconf 93' lang='lat' dir='ltr'>non</span> <span class='ocrx_word' id='word_1_486' title='bbox 1068 3928 1203 4001; x_wconf 88' lang='lat' dir='ltr'>matico,</span> <span class='ocrx_word' id='word_1_487' title='bbox 1218 3924 1268 3986; x_wconf 91' lang='lat' dir='ltr'>sed</span> <span class='ocrx_word' id='word_1_488' title='bbox 1287 3925 1629 4006; x_wconf 89' lang='lat' dir='ltr'>moraliteraccipienda</span> <span class='ocrx_word' id='word_1_489' title='bbox 1646 3927 1739 3994; x_wconf 83' lang='lat' dir='ltr'>sunt.</span> <span class='ocrx_word' id='word_1_490' title='bbox 1758 3931 1837 3997; x_wconf 80' lang='lat' dir='ltr'>Por-</span> 
     </span>
     <span class='ocr_line' id='line_1_42' title="bbox 266 4005 1838 4091; baseline 0.001 -17"><span class='ocrx_word' id='word_1_491' title='bbox 266 4007 459 4075; x_wconf 87' lang='lat' dir='ltr'>satisfaceret</span> <span class='ocrx_word' id='word_1_492' title='bbox 481 4032 655 4091; x_wconf 66' lang='lat' dir='ltr'>precepto,</span> <span class='ocrx_word' id='word_1_493' title='bbox 673 4011 761 4078; x_wconf 84' lang='lat' dir='ltr'>sicuti</span> <span class='ocrx_word' id='word_1_494' title='bbox 778 4011 874 4074; x_wconf 88' lang='lat' dir='ltr'>etiam</span> <span class='ocrx_word' id='word_1_495' title='bbox 889 4005 912 4071; x_wconf 85' lang='lat' dir='ltr'>sr</span> <span class='ocrx_word' id='word_1_496' title='bbox 929 4010 961 4069; x_wconf 92' lang='lat' dir='ltr'>in</span> <span class='ocrx_word' id='word_1_497' title='bbox 976 4009 1034 4083; x_wconf 89' lang='lat' dir='ltr'>pri·</span> <span class='ocrx_word' id='word_1_498' title='bbox 1069 4026 1103 4069; x_wconf 92' lang='lat' dir='ltr'>ro</span> <span class='ocrx_word' id='word_1_499' title='bbox 1124 4026 1176 4079; x_wconf 91' lang='lat' dir='ltr'>per</span> <span class='ocrx_word' id='word_1_500' title='bbox 1199 4025 1341 4078; x_wconf 86' lang='lat' dir='ltr'>auroram</span> <span class='ocrx_word' id='word_1_501' title='bbox 1367 4011 1554 4072; x_wconf 89' lang='lat' dir='ltr'>matutinam</span> <span class='ocrx_word' id='word_1_502' title='bbox 1578 4009 1762 4087; x_wconf 82' lang='lat' dir='ltr'>intelligitur</span> <span class='ocrx_word' id='word_1_503' title='bbox 1776 4013 1838 4088; x_wconf 87' lang='lat' dir='ltr'>pri·</span> 
     </span>
     <span class='ocr_line' id='line_1_43' title="bbox 265 4084 1837 4171; baseline 0.001 -15"><span class='ocrx_word' id='word_1_504' title='bbox 265 4092 353 4156; x_wconf 81' lang='lat' dir='ltr'>vatis</span> <span class='ocrx_word' id='word_1_505' title='bbox 368 4094 561 4167; x_wconf 81' lang='lat' dir='ltr'>excipiantur</span> <span class='ocrx_word' id='word_1_506' title='bbox 580 4097 632 4171; x_wconf 90' lang='lat' dir='ltr'>qui</span> <span class='ocrx_word' id='word_1_507' title='bbox 652 4114 714 4158; x_wconf 92' lang='lat' dir='ltr'>non</span> <span class='ocrx_word' id='word_1_508' title='bbox 738 4089 807 4155; x_wconf 89' lang='lat' dir='ltr'>sunt</span> <span class='ocrx_word' id='word_1_509' title='bbox 828 4110 867 4154; x_wconf 82' lang='lat' dir='ltr'>ex</span> <span class='ocrx_word' id='word_1_510' title='bbox 888 4086 1034 4163; x_wconf 82' lang='lat' dir='ltr'>familia,</span> <span class='ocrx_word' id='word_1_511' title='bbox 1069 4107 1128 4150; x_wconf 79' lang='lat' dir='ltr'>mar</span> <span class='ocrx_word' id='word_1_512' title='bbox 1154 4086 1230 4151; x_wconf 85' lang='lat' dir='ltr'>lucis</span> <span class='ocrx_word' id='word_1_513' title='bbox 1257 4084 1417 4150; x_wconf 90' lang='lat' dir='ltr'>irradiatio</span> <span class='ocrx_word' id='word_1_514' title='bbox 1440 4108 1507 4162; x_wconf 84' lang='lat' dir='ltr'>quae</span> <span class='ocrx_word' id='word_1_515' title='bbox 1541 4107 1672 4164; x_wconf 84' lang='lat' dir='ltr'>excepto</span> <span class='ocrx_word' id='word_1_516' title='bbox 1700 4108 1837 4168; x_wconf 88' lang='lat' dir='ltr'>tempore</span> 
     </span>
     <span class='ocr_line' id='line_1_44' title="bbox 265 4159 1837 4250; baseline -0.001 -16"><span class='ocrx_word' id='word_1_517' title='bbox 265 4168 299 4234; x_wconf 91' lang='lat' dir='ltr'>hi</span> <span class='ocrx_word' id='word_1_518' title='bbox 328 4166 460 4247; x_wconf 77' lang='lat' dir='ltr'>profesto</span> <span class='ocrx_word' id='word_1_519' title='bbox 491 4193 553 4236; x_wconf 93' lang='lat' dir='ltr'>non</span> <span class='ocrx_word' id='word_1_520' title='bbox 591 4174 719 4250; x_wconf 89' lang='lat' dir='ltr'>implent</span> <span class='ocrx_word' id='word_1_521' title='bbox 749 4168 967 4248; x_wconf 73' lang='lat' dir='ltr'>obligationem</span> <span class='ocrx_word' id='word_1_522' title='bbox 993 4165 1035 4230; x_wconf 92' lang='lat' dir='ltr'>ibi</span> <span class='ocrx_word' id='word_1_523' title='bbox 1069 4161 1225 4241; x_wconf 87' lang='lat' dir='ltr'>utriusque</span> <span class='ocrx_word' id='word_1_524' title='bbox 1241 4159 1412 4242; x_wconf 75' lang='lat' dir='ltr'>aquinosssi</span> <span class='ocrx_word' id='word_1_525' title='bbox 1433 4165 1525 4250; x_wconf 72' lang='lat' dir='ltr'>durat</span> <span class='ocrx_word' id='word_1_526' title='bbox 1555 4189 1609 4246; x_wconf 93' lang='lat' dir='ltr'>per</span> <span class='ocrx_word' id='word_1_527' title='bbox 1640 4168 1748 4235; x_wconf 85' lang='lat' dir='ltr'>horam</span> <span class='ocrx_word' id='word_1_528' title='bbox 1765 4190 1837 4233; x_wconf 85' lang='lat' dir='ltr'>cnm</span> 
     </span>
     <span class='ocr_line' id='line_1_45' title="bbox 263 4243 1835 4324; baseline 0 -12"><span class='ocrx_word' id='word_1_529' title='bbox 263 4247 392 4314; x_wconf 82' lang='lat' dir='ltr'>Sacrum</span> <span class='ocrx_word' id='word_1_530' title='bbox 412 4250 460 4314; x_wconf 93' lang='lat' dir='ltr'>die</span> <span class='ocrx_word' id='word_1_531' title='bbox 475 4249 553 4317; x_wconf 81' lang='lat' dir='ltr'>sesso</span> <span class='ocrx_word' id='word_1_532' title='bbox 571 4254 740 4318; x_wconf 85' lang='lat' dir='ltr'>audiendo.</span> <span class='ocrx_word' id='word_1_533' title='bbox 758 4248 975 4324; x_wconf 80' lang='lat' dir='ltr'>Attendendus</span> <span class='ocrx_word' id='word_1_534' title='bbox 990 4243 1035 4312; x_wconf 86' lang='lat' dir='ltr'>esl</span> <span class='ocrx_word' id='word_1_535' title='bbox 1069 4245 1213 4324; x_wconf 88' lang='lat' dir='ltr'>dimidio,</span> <span class='ocrx_word' id='word_1_536' title='bbox 1227 4245 1262 4311; x_wconf 80' lang='lat' dir='ltr'>dc</span> <span class='ocrx_word' id='word_1_537' title='bbox 1284 4245 1447 4322; x_wconf 88' lang='lat' dir='ltr'>aliquando</span> <span class='ocrx_word' id='word_1_538' title='bbox 1466 4266 1520 4324; x_wconf 89' lang='lat' dir='ltr'>per</span> <span class='ocrx_word' id='word_1_539' title='bbox 1537 4249 1615 4313; x_wconf 89' lang='lat' dir='ltr'>duas</span> <span class='ocrx_word' id='word_1_540' title='bbox 1628 4249 1719 4316; x_wconf 89' lang='lat' dir='ltr'>horas</span> <span class='ocrx_word' id='word_1_541' title='bbox 1737 4251 1773 4312; x_wconf 91' lang='lat' dir='ltr'>in</span> <span class='ocrx_word' id='word_1_542' title='bbox 1788 4248 1835 4312; x_wconf 89' lang='lat' dir='ltr'>di·</span> 
     </span>
     <span class='ocr_line' id='line_1_46' title="bbox 265 4322 1839 4412; baseline 0.001 -20"><span class='ocrx_word' id='word_1_543' title='bbox 265 4331 364 4407; x_wconf 76' lang='lat' dir='ltr'>igitur</span> <span class='ocrx_word' id='word_1_544' title='bbox 385 4334 415 4392; x_wconf 93' lang='lat' dir='ltr'>in</span> <span class='ocrx_word' id='word_1_545' title='bbox 436 4331 589 4397; x_wconf 88' lang='lat' dir='ltr'>Oratoriis</span> <span class='ocrx_word' id='word_1_546' title='bbox 619 4331 682 4398; x_wconf 82' lang='lat' dir='ltr'>save</span> <span class='ocrx_word' id='word_1_547' title='bbox 698 4330 824 4412; x_wconf 87' lang='lat' dir='ltr'>publicis</span> <span class='ocrx_word' id='word_1_548' title='bbox 853 4324 914 4398; x_wconf 83' lang='lat' dir='ltr'>sive</span> <span class='ocrx_word' id='word_1_549' title='bbox 935 4329 1034 4403; x_wconf 85' lang='lat' dir='ltr'>priva·</span> <span class='ocrx_word' id='word_1_550' title='bbox 1070 4323 1164 4389; x_wconf 84' lang='lat' dir='ltr'>versis</span> <span class='ocrx_word' id='word_1_551' title='bbox 1187 4322 1360 4388; x_wconf 83' lang='lat' dir='ltr'>mensibus.</span> <span class='ocrx_word' id='word_1_552' title='bbox 1388 4322 1478 4390; x_wconf 91' lang='lat' dir='ltr'>Unde</span> <span class='ocrx_word' id='word_1_553' title='bbox 1506 4325 1582 4394; x_wconf 89' lang='lat' dir='ltr'>hora</span> <span class='ocrx_word' id='word_1_554' title='bbox 1609 4328 1735 4394; x_wconf 86' lang='lat' dir='ltr'>dimidia</span> <span class='ocrx_word' id='word_1_555' title='bbox 1762 4341 1839 4394; x_wconf 79' lang='lat' dir='ltr'>ante</span> 
     </span>
     <span class='ocr_line' id='line_1_47' title="bbox 266 4402 1840 4491; baseline -0.001 -15"><span class='ocrx_word' id='word_1_556' title='bbox 266 4410 311 4476; x_wconf 85' lang='lat' dir='ltr'>tis</span> <span class='ocrx_word' id='word_1_557' title='bbox 328 4425 419 4473; x_wconf 90' lang='lat' dir='ltr'>tenor</span> <span class='ocrx_word' id='word_1_558' title='bbox 438 4413 605 4491; x_wconf 79' lang='lat' dir='ltr'>privilegii.</span> <span class='ocrx_word' id='word_1_559' title='bbox 636 4413 775 4476; x_wconf 87' lang='lat' dir='ltr'>Nomine</span> <span class='ocrx_word' id='word_1_560' title='bbox 802 4429 877 4475; x_wconf 90' lang='lat' dir='ltr'>vero</span> <span class='ocrx_word' id='word_1_561' title='bbox 907 4404 1036 4472; x_wconf 87' lang='lat' dir='ltr'>familia·</span> <span class='ocrx_word' id='word_1_562' title='bbox 1069 4402 1453 4470; x_wconf 86' lang='lat' dir='ltr'>Solisortumsacrisacare</span> <span class='ocrx_word' id='word_1_563' title='bbox 1473 4405 1544 4472; x_wconf 88' lang='lat' dir='ltr'>licet</span> <span class='ocrx_word' id='word_1_564' title='bbox 1566 4428 1628 4485; x_wconf 89' lang='lat' dir='ltr'>,ac</span> <span class='ocrx_word' id='word_1_565' title='bbox 1648 4409 1718 4472; x_wconf 85' lang='lat' dir='ltr'>ideo</span> <span class='ocrx_word' id='word_1_566' title='bbox 1732 4405 1840 4475; x_wconf 72' lang='lat' dir='ltr'>Missas</span> 
     </span>
     <span class='ocr_line' id='line_1_48' title="bbox 264 4484 1843 4568; baseline -0.001 -13"><span class='ocrx_word' id='word_1_567' title='bbox 264 4491 349 4555; x_wconf 83' lang='lat' dir='ltr'>rium</span> <span class='ocrx_word' id='word_1_568' title='bbox 366 4485 417 4554; x_wconf 90' lang='lat' dir='ltr'>seu</span> <span class='ocrx_word' id='word_1_569' title='bbox 433 4512 540 4556; x_wconf 86' lang='lat' dir='ltr'>eorum</span> <span class='ocrx_word' id='word_1_570' title='bbox 561 4495 611 4568; x_wconf 89' lang='lat' dir='ltr'>qui</span> <span class='ocrx_word' id='word_1_571' title='bbox 633 4493 702 4557; x_wconf 83' lang='lat' dir='ltr'>siant</span> <span class='ocrx_word' id='word_1_572' title='bbox 722 4492 758 4555; x_wconf 89' lang='lat' dir='ltr'>de</span> <span class='ocrx_word' id='word_1_573' title='bbox 779 4486 924 4565; x_wconf 87' lang='lat' dir='ltr'>familia,</span> <span class='ocrx_word' id='word_1_574' title='bbox 946 4484 1036 4551; x_wconf 88' lang='lat' dir='ltr'>intel·</span> <span class='ocrx_word' id='word_1_575' title='bbox 1071 4486 1230 4550; x_wconf 89' lang='lat' dir='ltr'>auditione</span> <span class='ocrx_word' id='word_1_576' title='bbox 1250 4503 1404 4561; x_wconf 69' lang='lat' dir='ltr'>praecepto</span> <span class='ocrx_word' id='word_1_577' title='bbox 1427 4485 1466 4550; x_wconf 91' lang='lat' dir='ltr'>de</span> <span class='ocrx_word' id='word_1_578' title='bbox 1489 4485 1582 4552; x_wconf 87' lang='lat' dir='ltr'>Sacro</span> <span class='ocrx_word' id='word_1_579' title='bbox 1608 4484 1692 4552; x_wconf 85' lang='lat' dir='ltr'>sellis</span> <span class='ocrx_word' id='word_1_580' title='bbox 1714 4487 1843 4556; x_wconf 86' lang='lat' dir='ltr'>audien·</span> 
     </span>
     <span class='ocr_line' id='line_1_49' title="bbox 265 4560 1840 4657; baseline 0.001 -26"><span class='ocrx_word' id='word_1_581' title='bbox 265 4568 408 4650; x_wconf 74' lang='lat' dir='ltr'>ligantur</span> <span class='ocrx_word' id='word_1_582' title='bbox 438 4570 612 4637; x_wconf 79' lang='lat' dir='ltr'>hebetatas</span> <span class='ocrx_word' id='word_1_583' title='bbox 653 4576 686 4633; x_wconf 94' lang='lat' dir='ltr'>in</span> <span class='ocrx_word' id='word_1_584' title='bbox 720 4569 824 4634; x_wconf 88' lang='lat' dir='ltr'>eadem</span> <span class='ocrx_word' id='word_1_585' title='bbox 849 4570 940 4632; x_wconf 79' lang='lat' dir='ltr'>donn</span> <span class='ocrx_word' id='word_1_586' title='bbox 965 4587 1035 4631; x_wconf 90' lang='lat' dir='ltr'>cum</span> <span class='ocrx_word' id='word_1_587' title='bbox 1070 4566 1111 4628; x_wconf 91' lang='lat' dir='ltr'>do</span> <span class='ocrx_word' id='word_1_588' title='bbox 1130 4560 1328 4652; x_wconf 73' lang='lat' dir='ltr'>satisfacere5</span> <span class='ocrx_word' id='word_1_589' title='bbox 1348 4563 1463 4657; x_wconf 79' lang='lat' dir='ltr'>&amp;non</span> <span class='ocrx_word' id='word_1_590' title='bbox 1482 4567 1756 4633; x_wconf 84' lang='lat' dir='ltr'>multiconcedunt</span> <span class='ocrx_word' id='word_1_591' title='bbox 1772 4567 1840 4645; x_wconf 87' lang='lat' dir='ltr'>pos·</span> 
     </span>
     <span class='ocr_line' id='line_1_50' title="bbox 263 4642 1841 4726; baseline 0.001 -13"><span class='ocrx_word' id='word_1_592' title='bbox 263 4650 395 4726; x_wconf 81' lang='lat' dir='ltr'>quadam</span> <span class='ocrx_word' id='word_1_593' title='bbox 418 4651 594 4717; x_wconf 90' lang='lat' dir='ltr'>habitudine</span> <span class='ocrx_word' id='word_1_594' title='bbox 614 4650 868 4716; x_wconf 84' lang='lat' dir='ltr'>subordinationis</span> <span class='ocrx_word' id='word_1_595' title='bbox 884 4649 922 4713; x_wconf 92' lang='lat' dir='ltr'>ad</span> <span class='ocrx_word' id='word_1_596' title='bbox 942 4663 1035 4723; x_wconf 90' lang='lat' dir='ltr'>caput</span> <span class='ocrx_word' id='word_1_597' title='bbox 1072 4642 1101 4709; x_wconf 90' lang='lat' dir='ltr'>se</span> <span class='ocrx_word' id='word_1_598' title='bbox 1118 4644 1240 4710; x_wconf 81' lang='lat' dir='ltr'>Missam</span> <span class='ocrx_word' id='word_1_599' title='bbox 1260 4643 1396 4708; x_wconf 82' lang='lat' dir='ltr'>inchoari</span> <span class='ocrx_word' id='word_1_600' title='bbox 1416 4665 1479 4710; x_wconf 92' lang='lat' dir='ltr'>uno</span> <span class='ocrx_word' id='word_1_601' title='bbox 1495 4665 1549 4711; x_wconf 89' lang='lat' dir='ltr'>aut</span> <span class='ocrx_word' id='word_1_602' title='bbox 1570 4648 1671 4712; x_wconf 88' lang='lat' dir='ltr'>altero</span> <span class='ocrx_word' id='word_1_603' title='bbox 1688 4651 1841 4724; x_wconf 83' lang='lat' dir='ltr'>quadran·</span> 
     </span>
     <span class='ocr_line' id='line_1_51' title="bbox 270 4721 1842 4809; baseline 0.001 -15"><span class='ocrx_word' id='word_1_604' title='bbox 270 4731 440 4809; x_wconf 88' lang='lat' dir='ltr'>principale</span> <span class='ocrx_word' id='word_1_605' title='bbox 464 4729 589 4799; x_wconf 85' lang='lat' dir='ltr'>samiliae</span> <span class='ocrx_word' id='word_1_606' title='bbox 615 4728 787 4796; x_wconf 80' lang='lat' dir='ltr'>domesticae</span> <span class='ocrx_word' id='word_1_607' title='bbox 808 4774 815 4791; x_wconf 92' lang='lat'><strong>.</strong></span> <span class='ocrx_word' id='word_1_608' title='bbox 842 4727 938 4793; x_wconf 88' lang='lat' dir='ltr'>Tales</span> <span class='ocrx_word' id='word_1_609' title='bbox 966 4725 1035 4790; x_wconf 91' lang='lat' dir='ltr'>sunt</span> <span class='ocrx_word' id='word_1_610' title='bbox 1072 4744 1105 4790; x_wconf 89' lang='lat' dir='ltr'>te</span> <span class='ocrx_word' id='word_1_611' title='bbox 1122 4721 1186 4801; x_wconf 91' lang='lat' dir='ltr'>posl</span> <span class='ocrx_word' id='word_1_612' title='bbox 1206 4725 1362 4788; x_wconf 88' lang='lat' dir='ltr'>meridiem</span> <span class='ocrx_word' id='word_1_613' title='bbox 1381 4744 1422 4788; x_wconf 85' lang='lat' dir='ltr'>ex</span> <span class='ocrx_word' id='word_1_614' title='bbox 1439 4726 1613 4792; x_wconf 87' lang='lat' dir='ltr'>rationabili</span> <span class='ocrx_word' id='word_1_615' title='bbox 1629 4726 1750 4808; x_wconf 75' lang='lat' dir='ltr'>caussa,</span> <span class='ocrx_word' id='word_1_616' title='bbox 1767 4751 1842 4806; x_wconf 85' lang='lat' dir='ltr'>puta</span> 
     </span>
     <span class='ocr_line' id='line_1_52' title="bbox 269 4800 1848 4892; baseline 0.006 -15"><span class='ocrx_word' id='word_1_617' title='bbox 269 4809 411 4887; x_wconf 83' lang='lat' dir='ltr'>parer&amp;</span> <span class='ocrx_word' id='word_1_618' title='bbox 432 4830 550 4892; x_wconf 78' lang='lat' dir='ltr'>mater,</span> <span class='ocrx_word' id='word_1_619' title='bbox 569 4833 683 4889; x_wconf 78' lang='lat' dir='ltr'>nurus,</span> <span class='ocrx_word' id='word_1_620' title='bbox 698 4809 732 4876; x_wconf 73' lang='grc' dir='ltr'>ἀ</span> <span class='ocrx_word' id='word_1_621' title='bbox 752 4830 862 4888; x_wconf 72' lang='lat' dir='ltr'>tener,</span> <span class='ocrx_word' id='word_1_622' title='bbox 883 4828 980 4881; x_wconf 79' lang='lat' dir='ltr'>uxor,</span> <span class='ocrx_word' id='word_1_623' title='bbox 1000 4806 1036 4869; x_wconf 87' lang='lat' dir='ltr'>fi·</span> <span class='ocrx_word' id='word_1_624' title='bbox 1071 4804 1112 4870; x_wconf 85' lang='lat' dir='ltr'>ob</span> <span class='ocrx_word' id='word_1_625' title='bbox 1130 4800 1402 4881; x_wconf 72' lang='lat' dir='ltr'>supplicationem,</span> <span class='ocrx_word' id='word_1_626' title='bbox 1416 4808 1848 4886; x_wconf 66' lang='lat' dir='ltr'>concionempubsscamproe</span> 
     </span>
     <span class='ocr_line' id='line_1_53' title="bbox 268 4881 1838 4977; baseline -0.001 -24"><span class='ocrx_word' id='word_1_627' title='bbox 268 4891 324 4968; x_wconf 87' lang='lat' dir='ltr'>lii,</span> <span class='ocrx_word' id='word_1_628' title='bbox 346 4891 439 4969; x_wconf 78' lang='lat' dir='ltr'>fisiae,</span> <span class='ocrx_word' id='word_1_629' title='bbox 460 4913 609 4972; x_wconf 89' lang='lat' dir='ltr'>nepotes,</span> <span class='ocrx_word' id='word_1_630' title='bbox 623 4908 823 4972; x_wconf 87' lang='lat' dir='ltr'>pmnepotes,</span> <span class='ocrx_word' id='word_1_631' title='bbox 844 4891 954 4964; x_wconf 82' lang='lat' dir='ltr'>servi,</span> <span class='ocrx_word' id='word_1_632' title='bbox 982 4906 1036 4951; x_wconf 91' lang='lat' dir='ltr'>an·</span> <span class='ocrx_word' id='word_1_633' title='bbox 1074 4881 1203 4977; x_wconf 72' lang='lat' dir='ltr'>tradlam</span> <span class='ocrx_word' id='word_1_634' title='bbox 1223 4885 1307 4948; x_wconf 89' lang='lat' dir='ltr'>ultra</span> <span class='ocrx_word' id='word_1_635' title='bbox 1327 4884 1502 4970; x_wconf 86' lang='lat' dir='ltr'>meridiem.</span> <span class='ocrx_word' id='word_1_636' title='bbox 1532 4887 1626 4953; x_wconf 77' lang='lat' dir='ltr'>Audit</span> <span class='ocrx_word' id='word_1_637' title='bbox 1648 4887 1698 4974; x_wconf 84' lang='lat' dir='ltr'>hic</span> <span class='ocrx_word' id='word_1_638' title='bbox 1713 4888 1838 4964; x_wconf 79' lang='lat' dir='ltr'>quidam</span> 
     </span>
     <span class='ocr_line' id='line_1_54' title="bbox 264 4961 1842 5050; baseline -0.002 -14"><span class='ocrx_word' id='word_1_639' title='bbox 264 4969 380 5050; x_wconf 85' lang='lat' dir='ltr'>cillae,</span> <span class='ocrx_word' id='word_1_640' title='bbox 403 4969 608 5038; x_wconf 86' lang='lat' dir='ltr'>nunislrantes</span> <span class='ocrx_word' id='word_1_641' title='bbox 633 4971 788 5047; x_wconf 87' lang='lat' dir='ltr'>infirmis,</span> <span class='ocrx_word' id='word_1_642' title='bbox 819 4965 1041 5042; x_wconf 80' lang='lat' dir='ltr'>convislores,</span> <span class='ocrx_word' id='word_1_643' title='bbox 1074 4979 1229 5030; x_wconf 86' lang='lat' dir='ltr'>recentior</span> <span class='ocrx_word' id='word_1_644' title='bbox 1255 4961 1510 5031; x_wconf 87' lang='lat' dir='ltr'>consuetudinem</span> <span class='ocrx_word' id='word_1_645' title='bbox 1538 4988 1650 5046; x_wconf 76' lang='lat' dir='ltr'>patrias</span> <span class='ocrx_word' id='word_1_646' title='bbox 1671 4967 1842 5033; x_wconf 86' lang='lat' dir='ltr'>toleratam</span> 
     </span>
     <span class='ocr_line' id='line_1_55' title="bbox 267 5040 1863 5132; baseline -0.003 -16"><span class='ocrx_word' id='word_1_647' title='bbox 267 5073 308 5116; x_wconf 85' lang='lat' dir='ltr'>ac</span> <span class='ocrx_word' id='word_1_648' title='bbox 330 5051 381 5118; x_wconf 88' lang='lat' dir='ltr'>alii</span> <span class='ocrx_word' id='word_1_649' title='bbox 413 5053 593 5128; x_wconf 81' lang='lat' dir='ltr'>aliquandiu</span> <span class='ocrx_word' id='word_1_650' title='bbox 617 5049 839 5128; x_wconf 86' lang='lat' dir='ltr'>hospitalitatis</span> <span class='ocrx_word' id='word_1_651' title='bbox 860 5049 911 5116; x_wconf 84' lang='lat' dir='ltr'>vel</span> <span class='ocrx_word' id='word_1_652' title='bbox 933 5049 1038 5111; x_wconf 88' lang='lat' dir='ltr'>amici·</span> <span class='ocrx_word' id='word_1_653' title='bbox 1074 5066 1091 5108; x_wconf 87' lang='lat' dir='ltr'>a</span> <span class='ocrx_word' id='word_1_654' title='bbox 1111 5041 1314 5122; x_wconf 83' lang='lat' dir='ltr'>superioribus</span> <span class='ocrx_word' id='word_1_655' title='bbox 1340 5048 1374 5110; x_wconf 93' lang='lat' dir='ltr'>in</span> <span class='ocrx_word' id='word_1_656' title='bbox 1396 5040 1539 5112; x_wconf 84' lang='lat' dir='ltr'>favorem</span> <span class='ocrx_word' id='word_1_657' title='bbox 1564 5044 1863 5132; x_wconf 58' lang='lat' dir='ltr'>«nimandin--</span> 
     </span>
     <span class='ocr_line' id='line_1_56' title="bbox 264 5123 1846 5296; baseline 0 -94"><span class='ocrx_word' id='word_1_658' title='bbox 264 5136 322 5214; x_wconf 75' lang='lat' dir='ltr'>aiat</span> <span class='ocrx_word' id='word_1_659' title='bbox 344 5133 454 5296; x_wconf 52' lang='lat' dir='ltr'>ffisi&#39;a</span> <span class='ocrx_word' id='word_1_660' title='bbox 467 5127 743 5282; x_wconf 41' lang='lat' dir='ltr'>wamhs&amp;</span> <span class='ocrx_word' id='word_1_661' title='bbox 753 5125 864 5278; x_wconf 51' lang='lat' dir='ltr'>unffi</span> <span class='ocrx_word' id='word_1_662' title='bbox 887 5125 923 5200; x_wconf 77' lang='lat' dir='ltr'>dc</span> <span class='ocrx_word' id='word_1_663' title='bbox 943 5123 1038 5220; x_wconf 65' lang='lat' dir='ltr'>rabo·</span> <span class='ocrx_word' id='word_1_664' title='bbox 1073 5123 1218 5202; x_wconf 61' lang='lat' dir='ltr'>Quam</span> <span class='ocrx_word' id='word_1_665' title='bbox 1234 5124 1846 5274; x_wconf 40' lang='lat' dir='ltr'>misltw.,ralsr}pns1a.p·&amp;siaraiiltl⁸</span> 
     </span>
    </p>

    <p class='ocr_par' dir='ltr' id='par_1_10' title="bbox 311 5224 1806 5300">
     <span class='ocr_line' id='line_1_57' title="bbox 311 5224 1806 5300; baseline 0 -24"><span class='ocrx_word' id='word_1_666' title='bbox 311 5279 319 5295; x_wconf 70' lang='lat' dir='ltr'>a</span> <span class='ocrx_word' id='word_1_667' title='bbox 394 5224 436 5300; x_wconf 50' lang='lat' dir='ltr'>&#39;u</span> <span class='ocrx_word' id='word_1_668' title='bbox 558 5258 565 5277; x_wconf 84' lang='lat' dir='ltr'>s</span> <span class='ocrx_word' id='word_1_669' title='bbox 635 5236 651 5282; x_wconf 76' lang='grc' dir='ltr'><em>Ῑ</em></span> <span class='ocrx_word' id='word_1_670' title='bbox 682 5256 690 5278; x_wconf 83' lang='lat' dir='ltr'>a</span> <span class='ocrx_word' id='word_1_671' title='bbox 743 5229 802 5282; x_wconf 63' lang='lat' dir='ltr'>m</span> <span class='ocrx_word' id='word_1_672' title='bbox 865 5252 875 5274; x_wconf 75' lang='grc'>1</span> <span class='ocrx_word' id='word_1_673' title='bbox 1509 5227 1529 5280; x_wconf 66' lang='lat' dir='ltr'>e</span> <span class='ocrx_word' id='word_1_674' title='bbox 1767 5227 1806 5276; x_wconf 73' lang='lat' dir='ltr'><strong>m</strong></span> 
     </span>
    </p>
   </div>
   <div class='ocr_carea' id='block_1_2' title="bbox 0 0 2228 6000">
    <p class='ocr_par' dir='ltr' id='par_1_11' title="bbox 0 0 2228 6000">
     <span class='ocr_line' id='line_1_58' title="bbox 0 0 2228 6000; baseline 0 0"><span class='ocrx_word' id='word_1_675' title='bbox 0 0 2228 6000; x_wconf 95' lang='lat' dir='ltr'> </span> 
     </span>
    </p>
   </div>
  </div>
 </body>
</html>
