4425 6000
440 480 447 489 .
526 384 1555 475 Tenemurln1.usrrrra.&c..car.ll.

251 496 360 568 terim
379 491 494 560 iniuria
509 490 697 568 locuplenri
715 488 806 567 debet
819 539 829 569 ,
841 488 877 556 dt
891 492 962 566 quia
975 492 1025 565 qni
1062 486 1255 556 stitutionem
1270 491 1339 568 equi
1357 489 1479 567 persedi
1503 492 1617 560 valoris
1634 545 1644 574 ‚
1665 501 1744 570 aliar
1759 496 1823 570 non

257 573 508 653 inaequalitatem
535 569 635 650 posuit
654 567 707 635 sua
727 570 817 648 culpa
840 573 877 641 iu
898 569 1024 642 alterius
1059 571 1134 634 esset
1151 589 1224 644 vera
1241 570 1399 646 aequaiitas
1420 575 1501 638 inter
1528 571 1671 642 damnum
1695 581 1823 649 illatum

256 657 362 734 bonis,
383 653 522 720 eamdem
546 670 687 730 reparare
709 666 860 729 tenetur,
876 649 954 719 licet
974 651 1026 712 ni·
1055 649 1093 715 dt
1120 650 1369 716 restitutionem.
1400 651 1467 718 lmo
1491 654 1565 718 licet
1592 655 1731 725 dominus
1755 684 1820 729 rem

257 735 299 802 hil
317 735 392 800 inde
408 736 577 813 perceperit
596 731 815 796 emolumenti.
830 732 862 794 Si
879 733 946 808 quis
963 725 1025 793 sru·
1057 728 1291 807 consumpturus
1312 727 1414 796 suisset
1433 738 1822 822 temporeviliorispraetii,

256 833 419 891 uenturo,
440 815 559 890 aliaque
583 808 715 875 eiusdem
737 814 875 891 generis,
896 810 949 875 sex
968 828 1023 873 aut
1058 805 1107 874 sur
1122 814 1175 887 qui
1194 829 1266 882 ¹eam
1286 813 1414 878 retinuit
1435 811 1526 890 usque
1543 814 1579 878 ad
1588 820 1710 884 maioris
1720 826 1837 898 pretii·

255 895 324 962 odio
346 895 386 959 ab
412 896 484 958 hinc
502 895 587 958 annis
610 886 733 965 'furatus
752 891 812 967 sit,
837 911 894 956 nec
926 887 1023 968 potest
1058 892 1299 967 incrementum,
1320 889 1354 958 δε
1373 909 1448 955 tunc
1458 894 1659 975 consumpsit,
1680 903 1731 968 vel
1743 923 1823 968 ven.

255 975 411 1042 recordari
425 972 496 1050 quid
512 988 588 1036 tunc
600 971 759 1051 valerent,
778 970 851 1045 fieri
867 973 950 1038 enim
958 986 1023 1048 pot·
1057 969 1155 1045 didit,
1177 988 1301 1034 tenetur
1317 990 1386 1034 eam
1403 972 1524 1040 reddere
1554 972 1719 1044 secundum
1735 981 1823 1048 illam

254 1056 363 1132 estut
390 1069 467 1121 tunc
487 1053 586 1118 multo
609 1051 723 1130 plutis,
748 1069 803 1118 aut
818 1053 951 1129 minoris
968 1068 1022 1114 va·
1056 1055 1205 1122 maiorem
1227 1049 1490 1128 estimationem,
1523 1052 1586 1119 sive
1618 1056 1693 1124 illud
1722 1063 1822 1127 incre·

254 1138 398 1212 luerint,
424 1154 517 1210 quam
537 1151 619 1196 nunc
639 1132 749 1197 valent
769 1130 843 1209 ‚hic
864 1129 1022 1196 restituere
1056 1148 1195 1195 mentum
1232 1130 1269 1194 ab
1301 1129 1496 1207 intrinseco,
1536 1133 1600 1199 sive
1631 1135 1668 1202 ab
1705 1145 1822 1207 extrin-

254 1217 345 1280 debet
371 1215 515 1294 praetium
537 1231 601 1275 non
625 1211 746 1288 quidem
774 1212 946 1290 supremum
966 1229 1021 1273 uec
1056 1208 1124 1275 seco
1143 1212 1276 1298 ,recipiat
1294 1259 1311 1293 ‚⁸
1332 1214 1401 1290 quia
1428 1210 1523 1279 status
1546 1217 1681 1292 optimus
1703 1225 1746 1284 rei
1768 1220 1821 1300 ipsi

253 1292 480 1368 intimum‚sed
495 1292 628 1356 medium
643 1312 703 1369 quo
720 1312 767 1355 res
783 1291 1021 1369 vendebantur,
1056 1290 1218 1368 adhaeret,
1248 1291 1361 1355 idcirco
1390 1289 1476 1356 sicuti
1515 1315 1561 1358 res
1592 1294 1635 1360 esl
1665 1298 1781 1364 domini
1808 1325 1819 1380 ;

253 1377 381 1454 quando
404 1369 632 1438 surtosublarat
653 1370 743 1448 sunt;
764 1374 826 1435 iam
845 1374 954 1449 praetia
974 1391 1020 1435 re·
1056 1375 1102 1435 ita
1121 1392 1195 1435 cum
1224 1372 1287 1434 eius
1318 1370 1398 1437 llatu
1424 1375 1548 1450 optimo
1571 1374 1614 1438 est
1649 1376 1739 1454 ipsius
1767 1381 1821 1446 do-

254 1478 323 1520 rum
350 1453 522 1520 huiusmodi
550 1452 653 1530 colligi
679 1453 801 1529 possunt
831 1472 872 1517 ex
896 1450 1020 1527 publicis
1055 1453 1154 1528 mini5
1172 1449 1250 1524 unde
1271 1471 1323 1528 pet
1348 1455 1481 1528 iniquam
1506 1449 1584 1518 suris
1613 1457 1820 1538 consumptio·

253 1536 325 1600 attis
345 1535 396 1600 ubi
417 1535 564 1598 memoria
583 1532 706 1595 illorum
725 1529 880 1597 servatur.
897 1527 1018 1607 Quodsi
1056 1552 1145 1608 nem,
1168 1551 1229 1594 non
1246 1529 1289 1593 est
1305 1533 1471 1607 privandus
1494 1533 1634 1605 dominus
1658 1540 1724 1603 iure
1744 1540 1819 1605 suo.

254 1635 367 1694 agatur
389 1616 429 1679 de
453 1614 498 1676 his
522 1611 608 1677 rebus
637 1633 765 1688 quorum
794 1613 938 1689 praetium
958 1631 1019 1675 non
1055 1614 1168 1676 Praeter
1183 1632 1276 1687 quam
1291 1611 1372 1688 quod
1387 1633 1457 1675 cum
1477 1615 1611 1689 pretium
1632 1620 1675 1680 rei
1706 1616 1743 1684 sit
1759 1619 1822 1697 ipsa

253 1692 389 1760 refertur
414 1692 528 1757 inasla
548 1691 666 1769 publica
697 1708 733 1755 ut
754 1690 1019 1772 suntgemmae&
1051 1711 1101 1762 ¹res
1116 1712 1132 1771 ,·
1161 1693 1233 1766 quia
1247 1690 1473 1767 aequivalenter
1499 1713 1553 1770 pro
1572 1695 1628 1759 illo
1653 1695 1735 1763 slatu
1756 1720 1821 1764 rem

252 1773 446 1850 huiusmodi,
468 1789 543 1837 tunc
567 1769 742 1837 confidendi
770 1772 839 1836 sunt
864 1772 1018 1836 Mercato·
1053 1771 1179 1844 domino
1194 1766 1357 1837 restituere
1371 1787 1500 1836 >tenetur
1524 1821 1532 1850 ,
1562 1777 1659 1838 etiam
1682 1782 1822 1856 aequiva·

253 1875 323 1932 res,
343 1858 393 1932 qui
422 1858 453 1915 in
477 1851 536 1917 suis
560 1851 642 1915 libris
660 1853 816 1916 rationum
837 1849 1018 1929 praetiasin·
1054 1851 1118 1914 lens
1143 1852 1286 1926 praetium
1313 1848 1333 1912 sr
1364 1869 1432 1914 eam
1456 1853 1637 1930 consumpsit
1663 1855 1822 1923 restituere

251 1935 395 2014 gulosum
413 1953 564 1998 annornm
580 1927 810 2010 uniuscuiusque
826 1937 870 1995 rei
888 1947 1018 2004 notant,
1053 1929 1159 1994 debet.
1176 1930 1268 2012 Sylv.
1286 1931 1394 2009 Lugo,
1417 1951 1433 1994 a
1456 1932 1495 2005 ud
1511 1932 1648 2006 Salmati.
1667 1936 1754 2003 Nota
1773 1956 1823 2002 ta-

253 2015 335 2081 unde
359 2035 466 2080 eorum
494 2013 635 2090 praetium
660 2006 746 2074 facile
774 2012 873 2091 colligi
894 2008 991 2089 potest
1008 2019 1030 2085 3'
1053 2031 1124 2074 men
1142 2009 1415 2087 quoddeducendat
1425 1953 1666 2093 sirotexpensae,
1681 2018 1822 2097 quardu-

252 2097 322 2172 quia
347 2093 512 2160 secundum
542 2091 626 2155 suum
652 2092 790 2156 valorem
811 2113 865 2169 pro
884 2110 1018 2156 eorem·
1053 2093 1152 2154 minus
1170 2090 1244 2168 pulli
1266 2088 1395 2154 falletur
1417 2090 1550 2169 suisset,·
1579 2097 1649 2170 qnia
1678 2096 1758 2172 quod
1777 2097 1821 2161 est

307 2172 431 2238 esolvi
453 2172 682 2249 debent‚licet
708 2193 787 2237 nunc
823 2176 1017 2235 imminutum
1055 2175 1084 2233 in
1102 2171 1150 2245 spe
1168 2190 1230 2233 non
1261 2170 1431 2246 aequivalet
1459 2175 1513 2249 ei,
1541 2174 1621 2249 quod
1649 2176 1744 2240 estin
1765 2197 1819 2241 re.

288 2255 377 2320 isset.
393 2254 488 2330 Qrod
508 2251 530 2315 sr
553 2271 599 2315 res
617 2249 758 2328 subrepta
777 2249 927 2323 servanda
950 2267 1018 2314 erat
1055 2252 1094 2315 Et
1117 2250 1182 2314 lraec
1199 2247 1355 2324 restitutio
1370 2248 1487 2324 firmari
1504 2253 1592 2319 debet
1608 2254 1645 2319 ad
1663 2254 1821 2322 arbitrium

251 2353 270 2398 a
290 2335 417 2398 domino
440 2334 478 2396 ad
502 2330 630 2409 praesens
657 2331 748 2409 usque
769 2349 906 2409 tempus,
937 2329 1018 2393 relli-
1055 2332 1113 2395 viri
1131 2329 1307 2405 prudentis.
1643 2336 1648 2345 '

251 2415 370 2479 tuenda
390 2412 432 2478 esl
459 2413 621 2477 secundum
646 2414 786 2476 valorem
816 2410 1019 2490 presentem,
1092 2409 1172 2473 Item
1192 2407 1334 2485 possessor
1354 2409 1442 2475 malae
1462 2409 1533 2476 fidei
1552 2412 1716 2484 restituere
1732 2432 1826 2485 ¹tene·

250 2515 321 2557 cum
342 2514 391 2559 res
411 2494 537 2561 domino
556 2488 611 2556 suo
630 2489 767 2569 crescat,
788 2491 822 2560 δε
842 2489 1017 2555 decrescat.
1054 2509 1105 2554 tur
1125 2486 1679 2569 sruslusomnesCiviles‚naturales‚
1699 2495 1820 2560 &mix-

251 2573 337 2639 Hinc
364 2576 416 2650 qui
444 2570 566 2639 furatur
587 2572 678 2637 alicui
707 2592 770 2635 rem
796 2590 935 2649 tempore
958 2590 1019 2646 quo
1054 2588 1123 2647 tos,
1142 2567 1175 2633 &
1197 2570 1252 2633 hoc
1270 2589 1376 2633 verum
1396 2569 1437 2632 est
1468 2570 1587 2635 tametsi
1608 2574 1749 2639 dominus
1768 2597 1821 2641 eos

251 2650 390 2718 crescens
410 2653 473 2731 est,
498 2651 531 2717 ἀ
551 2650 665 2715 crescat
689 2652 766 2728 apud
790 2649 906 2728 sutem,
938 2672 968 2713 v.
991 2671 1028 2726 g..
1054 2664 1253 2727 percepturus
1274 2669 1337 2711 non
1357 2646 1480 2725 suisset3
1501 2654 1574 2727 quia
1595 2653 1666 2718 licet
1682 2656 1821 2719 dominus

252 2732 388 2810 animal,
408 2737 568 2809 triticum,
594 2748 778 2805 monetam,
808 2747 933 2793 tenetur
954 2730 1018 2792 lime
1054 2750 1104 2793 eos
1117 2748 1183 2791 non
1204 2745 1399 2805 percepturus
1416 2724 1544 2804 suisset,
1570 2747 1674 2797 tamen
1698 2753 1741 2796 eo
1758 2734 1821 2812 ipso

251 2812 378 2877 reddere
405 2834 477 2877 cum
513 2813 596 2875 omni
630 2811 683 2873 luo
718 2815 948 2885 incremento;
981 2825 1017 2870 ut
1052 2804 1292 2885 quodprodutii
1314 2806 1409 2884 sunt,
1433 2810 1464 2870 in
1492 2805 1587 2875 solius
1606 2813 1720 2877 domiui
1737 2834 1821 2878 com·

251 2910 342 2957 extat
362 2913 446 2957 nunc
462 2891 583 2971 quando
596 2889 753 2964 redditum·
775 2891 821 2954 ita
833 2905 869 2953 ut
886 2907 947 2952 non
960 2884 1019 2950 sus·
1053 2887 1178 2955 modum
1194 2884 1324 2975 produlli
1347 2885 1435 2951 lunt.
1466 2887 1658 2956 Deducendae
1683 2890 1754 2963 sunt
1771 2909 1821 2958 ta·

250 2968 336 3055 liciat
356 2972 479 3037 reddere
495 2973 522 3036 ei
539 2972 700 3048 praetium,
717 2969 796 3047 quod
807 2965 1030 3046 temporesuo*
1052 2988 1121 3033 men
1142 2968 1281 3045 expeulae
1304 2965 1545 3043 necessarimm
1561 2970 1702 3049 possessor
1713 2989 1821 3038 autem

251 3055 398 3128 reptionis
432 3052 595 3126 habebat3
627 3054 697 3126 quia
729 3071 775 3114 rer
804 3050 901 3123 donec
928 3067 1016 3115 extat
1052 3050 1142 3114 malae
1155 3045 1230 3119 fidei
1247 3043 1358 3112 stulius
1378 3046 1427 3112 seu
1438 3050 1594 3123 utilitates
1611 3072 1673 3117 non
1687 3056 1820 3131 percepit

252 3130 367 3208 semper
383 3151 489 3198 manet
505 3129 701 3196 subdominio
718 3133 825 3208 prioris
835 3130 967 3207 domini,
983 3151 1017 3193 ac
1052 3150 1126 3207 quos
1145 3127 1283 3192 dominus
1301 3145 1496 3206 percepturus
1513 3148 1582 3197 erat
1604 3181 1612 3209 ‚
1634 3132 1722 3199 hosce
1737 3153 1821 3199 com·

252 3211 320 3285 ideo
342 3211 381 3276 ad
403 3233 474 3277 eum
500 3210 611 3289 spedlat
627 3213 691 3275 eius
720 3210 1016 3285 incrementum&
1053 3207 1177 3288 pensare
1197 3225 1341 3273 tenetur.
1359 3209 1450 3272 Secus
1472 3230 1546 3275 vero
1573 3212 1760 3289 probabilius
1776 3214 1822 3277 eli·

252 3291 446 3363 melioratio.
468 3292 558 3355 Unde
583 3290 604 3354 s1
627 3287 676 3354 sur
700 3289 736 3353 sit
759 3294 791 3353 in
812 3310 898 3353 mora
921 3289 956 3355 ἀ
976 3286 1014 3353 se·
1051 3286 1217 3353 cendumsr
1239 3287 1377 3352 dominus
1405 3309 1467 3352 non
1494 3308 1564 3357 etat
1591 3313 1642 3357 eat
1656 3310 1821 3374 perceptu·

250 3371 384 3435 cundum
416 3373 498 3436 illud
531 3374 757 3443 incrementum
794 3387 897 3446 pereat
939 3369 1016 3447 apud
1053 3391 1124 3443 rus,
1144 3367 1294 3432 utCaiet.
1316 3370 1822 3452 cumSotquuiatuucnecpos·

253 3447 367 3527 ipsum,
388 3450 561 3517 secundum·
572 3451 645 3514 illud
667 3452 766 3527 praetii
794 3453 1017 3516 incrementum
1053 3448 1143 3512 sessor
1157 3447 1246 3511 malae
1261 3446 1333 3518 ,fidei
1348 3447 1490 3518 ,lucratus
1505 3447 1548 3514 esl
1564 3452 1644 3527 quod
1654 3452 1740 3524 suum
1752 3474 1820 3518 non

252 3529 376 3595 reddere
393 3531 500 3597 debet.
520 3532 567 3597 Sic
583 3553 653 3597 cum
671 3528 746 3595 Leil.
767 3530 882 3595 Bonae.
905 3528 1017 3600 ,aliisve
1050 3544 1142 3605 erat,·
1159 3547 1219 3596 ¹nec
1234 3525 1334 3591 amisit
1354 3525 1514 3607 dominus,
1533 3530 1709 3605 quodsuum
1728 3548 1820 3597 erat.

252 3607 380 3675 Salmat.
1050 3605 1178 3685 insuper
1209 3605 1369 3672 restituere
1396 3622 1522 3678 tenetur
1549 3608 1694 3684 possessor
1729 3612 1820 3678 malae

290 3688 372 3753 Item
392 3692 444 3767 qui
466 3711 529 3756 rem
549 3689 667 3756 futatus
683 3688 726 3755 est
742 3691 775 3752 in
796 3687 878 3753 statu
895 3689 1016 3766 viliori,
1047 3687 1120 3759 ‚fidei
1147 3683 1261 3751 fruetus
1294 3686 1490 3760 consumptos
1519 3688 1592 3752 licet
1619 3709 1660 3754 ex
1681 3689 1730 3760 his
1756 3710 1820 3755 non

250 3766 284 3832 dt
304 3766 461 3846 postquam
483 3773 562 3849 apud
587 3768 684 3834 furem
701 3770 879 3834 melioravit
906 3773 939 3831 in
961 3767 1017 3833 lla·
1052 3767 1089 3832 fit
1118 3764 1210 3832 saslus
1244 3766 1360 3831 ditior.
1397 3766 1483 3830 'Nam
1515 3770 1565 3844 qui
1596 3790 1661 3833 rem
1685 3771 1820 3835 alienam

250 3866 318 3911 tum
339 3849 523 3915 deteriorem
540 3851 671 3928 decidit,
692 3846 931 3915 velstatimeam
944 3869 1019 3912 ven·
1052 3847 1133 3911 mala
1158 3848 1217 3910 lide
1240 3844 1421 3924 consumpsit
1439 3893 1447 3922 ‚
1462 3866 1532 3910 eam
1556 3846 1716 3915 restituere
1733 3867 1821 3915 tene·

250 3926 328 3992 didit
349 3977 358 4005 ‚
377 3928 448 3993 dum
468 3948 538 3996 erat
559 3934 590 3993 in
610 3929 692 3995 llrtu
713 3930 844 4007 viliori,
868 3928 902 3994 ἃ
918 3928 1019 3996 domi·
1054 3945 1124 3993 tur.
1145 3926 1289 3992 Tenetur
1318 3930 1434 4004 pariter
1456 3925 1642 4006 restituere,
1666 3927 1718 3995 seu
1735 3952 1820 3995 com·

248 4026 306 4070 nus
326 4028 395 4071 eam
405 4007 579 4082 servaturus
590 4028 659 4074 erat
675 4008 816 4087 usquead
838 4026 958 4084 tempus
975 4012 1016 4071 in.
1054 4005 1177 4086 pensare
1192 4007 1301 4071 damna
1319 4007 1576 4086 emergentimr&
1591 4009 1681 4077 ,lucra
1698 4011 1820 4075 celsan-

248 4091 422 4167 crementi,
438 4089 554 4156 &tunc
573 4110 642 4155 eam
663 4088 865 4165 venditurus,
882 4089 1018 4154 velcon·
1053 4091 1117 4166 tia,
1138 4089 1211 4165 quia
1232 4086 1369 4163 alioquin
1388 4105 1452 4150 non
1462 4087 1701 4156 constitueretur
1716 4089 1818 4154 debita

248 4162 447 4248 sumpturus,
464 4172 513 4235 vel
532 4172 759 4237 decrementum
768 4165 877 4233 sallum
885 4167 962 4247 apud
972 4168 1017 4232 lu·
1052 4168 1235 4247 aequalitas.
1254 4167 1407 4230 Dominus
1428 4183 1533 4231 autem
1554 4185 1675 4234 tenetur
1695 4171 1727 4232 in
1748 4168 1818 4234 soro

245 4265 314 4308 rem
326 4243 434 4311 sedium
451 4271 512 4313 non
529 4247 632 4314 fuisset
642 4248 720 4325 apud
736 4249 913 4326 dominum,
931 4266 1017 4312 tene·
1052 4251 1176 4311 interno
1197 4243 1392 4312 conscientiae
1415 4246 1573 4314 restituere
1625 4247 1740 4315 ssessori
1754 4270 1820 4313 ma·

246 4341 302 4389 tur
315 4322 364 4391 sur
373 4348 443 4392 eam
454 4331 490 4393 ad
502 4330 730 4394 valoremillius
740 4326 1015 4392 incrementiresti·
1053 4328 1091 4393 lae
1112 4326 1182 4391 fidei
1202 4323 1350 4402 expensas
1372 4347 1447 4392 vere
1460 4328 1553 4391 utiles
1571 4268 1819 4400 lffnledominus

246 4420 365 4485 tuere;
392 4413 460 4485 quia
478 4405 526 4472 sur
549 4427 675 4473 tenetur
703 4406 863 4471 restituere
893 4409 1017 4471 domino
1053 4409 1096 4472 rei
1123 4426 1175 4471 eas
1196 4403 1302 4470 suisset
1332 4402 1492 4483 fassurus,
1518 4405 1615 4472 autsr
1641 4406 1702 4471 fine
1723 4408 1822 4472 detri-

244 4484 358 4550 damna
374 4489 611 4569 emergentia&
633 4489 717 4557 lucra
738 4487 903 4552 cessantia.
929 4487 1017 4551 Unde
1052 4506 1158 4551 mento
1174 4488 1217 4549 rei
1239 4484 1275 4550 ab
1291 4505 1326 4551 ea
1337 4483 1467 4564 separari
1482 4504 1620 4564 queant,
1636 4489 1715 4565 quod
1728 4487 1821 4552 intel·

244 4568 296 4643 qui
318 4562 439 4631 furatus
460 4570 495 4634 sit
511 4570 628 4645 pullum
642 4571 787 4710 moinum
807 4569 1018 4643 autvitulum,
1053 4566 1206 4645 ligendum
1222 4568 1316 4629 etiam
1336 4565 1372 4629 de
1383 4565 1570 4643 voluptuosis
1584 4615 1592 4644 ,
1606 4585 1641 4632 nt
1654 4581 1747 4633 antea
1758 4570 1820 4631 iam

243 4665 337 4785 suem
358 4668 451 4711 verus
469 4648 609 4714 dominus
638 4667 730 4726 uque
757 4648 793 4711 ad
826 4668 925 4713 annos
949 4668 1017 4735 pera
1052 4645 1163 4710 ditium
1194 4644 1237 4708 est
1265 4694 1274 4721 ‚
1301 4646 1527 4723 quiadominus
1549 4647 1733 4725 locupletari
1756 4662 1820 4717 nun
1915 4653 1917 4657 ’
1995 4701 1997 4708 Α

264 4724 318 4787 etti
340 4728 460 4795 valoris
479 4727 683 4800 culloditurus
701 4745 768 4790 erat
789 4774 798 4802 ‚
824 4728 858 4791 dt
879 4723 928 4793 sur
956 4726 1017 4800 sla·
1051 4724 1230 4790 debetcum
1251 4726 1376 4792 alterius
1392 4725 1524 4792 iactura.

245 4804 308 4867 tim
326 4807 484 4888 vendidit,
506 4810 556 4872 vel
578 4804 834 4887 apudipsnmpost
851 4810 1018 4892 incremen-

248 4895 318 4945 tum
337 4886 472 4952 deterior
487 4888 582 4956 ladius
602 4887 662 4965 sit,
678 4888 749 4951 dum
769 4890 904 4952 deterior
923 4884 1016 4953 sadus

248 4979 313 5026 non
335 4963 439 5031 suiliet
462 4971 540 5046 apud
559 4970 715 5033 dominum
738 5016 746 5043 ,
767 4984 892 5032 tenetur
908 4966 945 5032 ad
966 4987 1013 5034 re·
