4425 6000
539 502 1594 600 Tanemurlrarunrrs&nCanurtrm
1722 531 1792 610 131

267 590 369 669 brem
384 602 477 671 officii
494 617 546 668 aut
565 605 695 669 alterius
715 603 787 668 boni
807 604 1038 682 quodtenebat.
1072 607 1150 671 riam
1167 611 1382 686 reparaverit,·
1408 629 1478 673 cum
1495 607 1561 673 ltaec
1583 615 1738 687 reparatio
1752 611 1790 677 su
1810 633 1842 678 o-

269 683 322 750 sta
342 687 666 761 communiterexcap.
685 686 739 748 uls.
760 682 943 750 driniuriis.
957 685 1035 751 Gre-
1073 708 1130 752 nus
1151 688 1311 764 respiciens
1331 685 1487 766 personam
1510 689 1622 765 &non
1640 711 1731 767 tem,
1757 691 1842 756 affir-

269 782 339 845 got.
370 764 457 829 xiil.
479 766 520 829 ibi
538 765 600 830 tale
624 763 761 828 debitum
788 764 951 842 expreffit.
982 766 1035 832 Et·
1071 787 1159 834 mant
1183 768 1334 847 Theologi
1365 790 1428 836 non
1458 772 1556 833 teneri
1586 770 1721 836 haeredes
1745 774 1781 836 ad
1798 768 1843 838 sa·

269 849 359 911 enim
373 847 498 924 quisque·
513 845 655 910 rel'arcire
674 843 764 909 debet
783 845 893 910 damna
912 851 1035 926 omnia,
1071 872 1131 915 mae
1147 852 1371 929 reparationem
1394 870 1404 914 r
1429 865 1577 924 tenentur
1595 852 1716 928 quidem
1732 873 1772 916 ert
1792 854 1841 916 iu·

269 947 343 1012 quae
364 927 488 992 mortali
504 927 594 1003 culpa
610 926 699 990 alteri
723 925 832 1013 iniulle
845 928 961 1013 intulit
983 946 1035 991 ut·
1071 929 1155 996 slitia
1172 928 1313 996 resarcire
1334 935 1443 996 damna
1462 930 1557 994 realia
1572 952 1612 995 ex
1633 927 1758 997 infamia
1773 930 1842 997 sub·

269 1025 349 1087 pote
369 1011 421 1084 qui
444 1007 538 1071 luerit
554 1006 663 1071 iniusta
684 1006 805 1071 illorum
820 1005 942 1073 caussa.
969 1008 1033 1073 lmo
1070 1008 1213 1089 sequuta;
1234 1034 1305 1079 curn
1325 1010 1391 1077 haec·
1404 1009 1679 1089 obligatioafficiat
1695 1013 1773 1077 bona
1792 1015 1840 1075 iu·

266 1093 325 1165 qui
345 1084 420 1154 salso
438 1088 564 1152 crimine
582 1090 755 1165 proximum
774 1083 977 1166 infamando,
1001 1093 1033 1153 in
1070 1089 1247 1158 samatoris.
1277 1092 1394 1157 idcirco
1410 1088 1497 1155 sicuti
1525 1089 1688 1157 succedunt
1708 1091 1841 1160 haeredes

265 1172 349 1235 vitae
369 1167 537 1246 periculum
552 1170 658 1231 iniecit
678 1218 686 1246 ,
712 1186 838 1232 tenetur
858 1188 897 1231 err
918 1168 1034 1235 iustitia
1070 1176 1101 1235 in
1123 1176 1190 1237 iura
1211 1173 1359 1238 bonorum
1375 1167 1523 1249 desunsli,
1542 1169 1705 1240 succedunt
1722 1191 1842 1251 quoque

265 1246 300 1314 se
318 1247 482 1329 tetradiam
496 1251 592 1313 eriam
612 1270 682 1312 cum
691 1249 826 1325 periculo
842 1250 944 1323 vitae;
964 1272 1035 1313 cum
1070 1257 1101 1318 in
1119 1253 1215 1319 realia
1231 1256 1300 1318 eius
1314 1272 1428 1318 onera.

265 1332 300 1392 in
321 1332 387 1409 pari
399 1326 504 1393 caussa
526 1347 581 1394 aut
597 1328 770 1393 discrimine
787 1330 904 1412 melior,
915 1328 1033 1396 streon-

263 1409 1033 1554 &nominetenus,lquamnocentisquieslcausra
1381 1411 1409 1479 s.
1453 1412 1538 1477 Vll.

377 1510 594 1567 risperrcur.
1460 1531 1465 1543 ·
1652 1531 1655 1538 ·
1712 1530 1716 1539 -

361 1572 370 1632 i
404 1574 601 1636 innocentem
625 1572 768 1646 quamvis
806 1566 1034 1650 inculpabiliter
1127 1536 1171 1597 De
1197 1533 1294 1616 σαψ
1313 1529 1519 1613 mafanum
1543 1531 1769 1612 ‘Remum‘

264 1666 340 1729 puta
356 1649 552 1716 corredionis
572 1654 671 1730 gratia
688 1647 816 1716 infamia
838 1650 941 1718 affecit
962 1674 1034 1719 nar·
1396 1611 1508 1728 sam·

263 1727 363 1794 tando
381 1730 420 1794 de·
443 1729 506 1808 ipso
531 1730 694 1795 bonafide
721 1753 786 1796 rem
815 1728 918 1799 salsam
941 1755 1033 1811 quam
1110 1730 1215 1796 Variae
1235 1728 1307 1794 sunt
1328 1728 1441 1794 cauffae
1463 1748 1531 1805 quae
1554 1725 1699 1793 excusare
1725 1730 1834 1797 valent
1847 1722 1976 1786 ΨΜ·

263 1829 375 1875 veram
394 1810 562 1888 credebat,
588 1810 639 1876 vel
658 1812 812 1877 occultam
833 1862 842 1893 ,
871 1837 959 1890 quam
979 1835 1033 1891 pu·
1069 1834 1086 1878 a
1103 1810 1193 1878 samae
1216 1810 1341 1875 violatae
1363 1811 1571 1900 reparatione.
1596 1808 1682 1872 Etr.
1702 1809 1835 1875 condon·
1855 1797 1976 1900 (¹:5⁸ss

261 1890 374 1955 blicam
394 1886 532 1956 censebat
551 1940 560 1969 ,
577 1890 627 1955 ubi
648 1895 781 1969 primum
795 1914 930 1958 errorem
945 1891 1032 1959 suum
1068 1894 1158 1971 natio
1176 1889 1252 1956 fasir
1268 1888 1339 1955 talis
1363 1887 1568 1953 reslitutionrs
1590 1887 1628 1951 ab
1649 1909 1687 1951 eo
1714 1892 1766 1966 qui
1783 1887 1842 1955 dis·
1855 1908 1975 1963 suessa.

265 1969 476 2049 deprehendat
497 1988 620 2036 tenetur
648 1994 687 2036 ex
721 1971 836 2038 iustitia
854 1975 964 2039 faniam
984 1995 1032 2038 re·
1068 1974 1201 2038 samatus
1227 1968 1302 2048 est,
1342 1968 1506 2033 dummodo
1532 1987 1607 2045 non⁸
1631 1964 1778 2033 redundet
1801 1973 1976 2050 inuectus

262 2049 393 2116 ilituere
416 2050 452 2115 ἀ
479 2051 625 2115 damnum
646 2072 686 2116 ex
716 2049 841 2117 infamia
871 2058 1031 2118 imminens
1068 2055 1145 2119 alios
1166 2102 1175 2130 ,
1200 2073 1271 2116 cum
1287 2049 1409 2126 quisque
1424 2049 1564 2113 dominus
1585 2045 1620 2112 srt
1644 2051 1772 2125 proptiae
1789 2047 1976 2115 fastuum·

263 2140 410 2195 avertere
427 2176 435 2193 .
456 2130 577 2196 lullitia
593 2135 675 2194 enim
695 2132 823 2197 cuilibet
840 2137 1033 2213 iniungitcu·
1067 2156 1146 2210 mae,
1168 2132 1277 2196 illicite
1298 2148 1399 2193 autem
1413 2129 1601 2192 condonaret
1622 2127 1642 2189 si
1666 2133 1731 2217 eius
1752 2124 1833 2197 sama

261 2223 389 2276 r'areue
409 2231 462 2287 per
478 2209 560 2276 suam
585 2210 734 2276 astionem
760 2215 876 2277 malum
904 2212 957 2278 seu
976 2214 1031 2277 da·
1068 2213 1233 2277 necessaria
1263 2211 1342 2274 esser
1370 2210 1407 2272 ad
1438 2210 1566 2288 proximi
1597 2206 1834 2276 aedilrcarionem

260 2307 369 2355 mnurrr
385 2290 481 2355 alicui
503 2289 645 2365 sequatur
666 2293 728 2356 line
744 2294 821 2357 iulia
836 2293 941 2359 caussa
958 2310 972 2371 ,··
996 2293 1030 2359 &
1068 2295 1120 2357 vel
1136 2294 1173 2358 ad
1192 2290 1361 2357 tollendum
1383 2287 1575 2365 scandalum,
1589 2291 1661 2363 quia
1679 2307 1835 2367 runcpec·

261 2367 282 2433 fi
300 2367 446 2447 sequatur
462 2388 498 2435 ut
515 2372 592 2434 illud
611 2393 665 2447 pro
687 2374 803 2438 viribus
821 2374 1031 2449 reparareslu-
1066 2391 1149 2439 caret
1170 2390 1281 2437 contra
1301 2370 1505 2434 charitatem.
1527 2368 1562 2431 ln
1584 2367 1682 2432 tribus
1699 2389 1834 2435 veruca-

260 2450 335 2516 deat
353 2498 364 2529 ,
379 2449 578 2529 caussamque
599 2452 701 2517 damni
725 2455 938 2531 quoquomodo
954 2453 1030 2534 post·
1067 2454 1146 2519 sibus
1160 2452 1226 2517 fieti
1239 2453 1346 2528 nequit
1358 2451 1427 2513 talis
1437 2448 1584 2523 remissio,
1602 2444 1833 2515 idell1.srinsa·

261 2546 328 2596 tam
353 2550 536 2596 removere.-
1065 2538 1125 2598 mia
1137 2534 1324 2597 remittentis
1344 2529 1491 2593 redundet
1508 2530 1539 2590 in
1560 2529 1751 2604 alior,uterr
1765 2533 1832 2593 eius

299 2609 444 2675 Narrans
471 2615 590 2675 crimen
616 2614 654 2677 de
676 2614 776 2690 aliquo
810 2614 928 2692 publice
954 2612 1030 2678 insa·
1064 2611 1190 2678 infamia
1208 2628 1385 2677 remaneant
1407 2608 1571 2685 infamati,
1589 2625 1625 2672 ut
1636 2612 1832 2687 contingeret

260 2704 348 2755 mato
363 2710 395 2755 v.
419 2713 447 2771 g.
476 2692 523 2755 de*
543 2692 658 2756 Ioanne
679 2742 687 2769 ,
715 2695 853 2759 aliumve
874 2695 1030 2761 auditores
1065 2698 1097 2757 in
1125 2693 1281 2772 Religioso
1299 2690 1335 2755 δε
1353 2690 1454 2753 multo
1474 2692 1569 2765 magis
1595 2691 1628 2749 in
1648 2688 1833 2767 Superiore,

262 2770 446 2849 intelligunt
471 2789 544 2849 puta
570 2772 715 2837 Iacobum
735 2821 743 2851 ,
764 2773 785 2834 sr
801 2778 960 2839 enarratio
976 2775 1029 2839 ha·
1064 2774 1138 2837 dum
1153 2794 1216 2836 non
1234 2783 1373 2846 reparata
1390 2764 1517 2831 infamia
1533 2764 1586 2843 ipss
1603 2765 1830 2842 impositaalios
1887 2839 1889 2842 ,

260 2849 351 2915 bebat
373 2851 438 2915 tale
460 2851 628 2928 periculum
653 2901 662 2927 ,
689 2870 815 2917 tenetur
846 2876 886 2917 ex
912 2854 1029 2918 iustitia
1065 2856 1181 2932 pariter
1196 2850 1233 2914 de
1252 2849 1475 2914 communitate
1500 2845 1666 2910 infamatos
1690 2847 1832 2912 redderet

261 2930 300 2993 ad
318 2928 549 2995 restitutionem
569 2936 662 2995 etiam
678 2933 963 3012 cumparidamno,
980 2952 1029 2999 ut·
1052 2933 1117 2998 'vel
1137 2930 1242 2996 saltem
1259 2927 1427 3004 suspeslos.
1461 2926 1542 2989 Nam
1570 2929 1602 2989 in
1620 2922 1831 2991 diffamatione

259 3028 336 3088 pote
355 3014 406 3098 qui
419 3031 498 3089 ,tunc
515 3011 675 3077 censeatur
700 3011 809 3077 iniusta
834 3013 936 3079 caussa
963 3035 1028 3079 mo·
1065 3015 1156 3078 unius
1185 3032 1225 3075 ex
1243 3007 1397 3090 Religiosa
1422 3011 1576 3085 praecipue
1602 3010 1830 3071 communitate

259 3092 334 3155 ralis
368 3088 503 3156 insamiae
534 3092 584 3157 sua
610 3096 826 3158 enarratione.
861 3094 890 3157 Si
922 3114 1028 3162 autem
1065 3108 1134 3159 tora
1153 3094 1358 3158 communitas
1376 3090 1508 3166 aliquam
1536 3086 1688 3151 laesionem
1710 3091 1829 3161 patitur

259 3175 404 3236 narratio
420 3176 487 3236 non·
504 3171 633 3237 habebat
651 3174 716 3238 tale
731 3174 919 3252 perieulum,
941 3191 1028 3239 tene·
1065 3182 1095 3238 in
1110 3174 1187 3238 bona
1207 3166 1426 3236 aestimatione.
1445 3168 1514 3231 asi
1535 3167 1667 3245 personae
1691 3164 1829 3232 diffama-

259 3266 314 3315 tur
343 3251 364 3314 sr
386 3250 473 3329 possit
494 3250 555 3317 line
580 3257 666 3333 gravi
691 3251 745 3317 suo
771 3254 963 3318 incommodo
983 3257 1027 3317 in·-
1064 3274 1106 3320 rae
1127 3253 1206 3318 bona
1222 3255 1328 3327 opinio
1348 3247 1510 3315 necessaria
1532 3246 1568 3312 sit
1590 3248 1627 3312 ad
1647 3245 1761 3311 tesiam
1783 3244 1828 3313 lui

258 3349 426 3396 nocentem
441 3352 569 3412 purgare
585 3332 687 3412 ,dccx
702 3334 866 3410 charitate,
886 3339 1027 3411 quaeerti·
1063 3332 1158 3401 officii
1187 3329 1506 3406 administrationem,
1530 3327 1585 3392 nisi
1606 3329 1739 3421 deponar-
1760 3323 1829 3392 offi-

260 3414 305 3490 git
328 3428 365 3476 ut
388 3431 564 3476 avertamus
589 3413 650 3476 sine
677 3416 764 3493 gravi
793 3412 896 3479 noslro
917 3420 1023 3479 incom
1063 3418 1162 3490 cium,
1180 3412 1233 3478 vel
1253 3413 1314 3478 alio
1334 3410 1426 3474 modo
1441 3412 1506 3472 eius
1528 3407 1611 3474 fama
1625 3406 1828 3472 resarciatur.

260 3489 352 3558 modo
369 3490 510 3555 damnum
527 3496 653 3568 proximi
676 3516 688 3568 ;
713 3493 748 3558 δι
762 3515 800 3558 ex
818 3493 932 3559 iuslitia
952 3517 1026 3569 quo·
1062 3492 1179 3558 Subdiri
1197 3494 1281 3557 enim
1300 3495 1348 3556 ius·
1362 3490 1475 3555 habent
1491 3506 1527 3554 ut
1547 3486 1751 3554 luummunus
1772 3488 1845 3559 iiie,

260 3590 347 3648 que,
370 3591 436 3647 quae
467 3572 537 3635 vult
558 3591 593 3636 ut
613 3590 776 3637 caveamus
807 3587 906 3639 neeri
928 3572 1026 3639 noslra
1062 3574 1140 3650 apud
1158 3593 1210 3637 eos
1226 3570 1505 3651 resie,&1utiliter
1522 3586 1681 3634 exerceat.
1708 3583 1733 3646 3.
1747 3569 1775 3630 Si
1785 3589 1825 3632 ex

260 3649 378 3722 aslione
391 3650 461 3714 ‘sine
479 3649 583 3729 lulla,
611 3672 646 3715 ac
664 3653 838 3715 rationabili
855 3656 955 3718 caussa
973 3656 1026 3720 da·
1062 3651 1186 3719 infamia
1204 3652 1272 3717 talis
1288 3649 1422 3729 personae
1442 3647 1585 3712 damnum
1600 3644 1740 3723 sequatur
1762 3666 1824 3709 rer·

260 3746 367 3794 usuum
383 3727 552 3806 sequatur,
581 3747 617 3793 ut
643 3731 681 3792 fit
709 3734 740 3803 in
757 3732 814 3794 hoc
829 3730 947 3796 casuin
967 3755 1027 3811 quo
1062 3738 1124 3812 tio,
1140 3734 1211 3810 quia
1231 3749 1305 3796 tunc
1321 3727 1487 3795 infamatus
1506 3749 1546 3793 ex
1561 3725 1678 3791 iustitia
1694 3725 1755 3789 tale
1771 3728 1825 3791 da·

259 3829 300 3874 err
325 3810 383 3874 tali
416 3806 608 3873 revelatione
637 3807 869 3886 occasionaliter
894 3811 1028 3888 sequitur
1061 3834 1167 3877 mnum
1183 3831 1342 3878 removere
1357 3809 1462 3874 debet.
1756 3884 1761 3893 ι

261 3888 313 3955 isle
341 3908 427 3954 error
454 3888 673 3968 audientium,
696 3887 730 3954 &
759 3889 827 3956 ideo
851 3888 953 3955 iacobi
981 3896 1027 3956 in·
1100 3891 1232 3957 Excusat
1257 3911 1285 3953 a.
1315 3890 1335 3953 si
1363 3886 1443 3954 sama
1473 3886 1594 3953 aliunde
1614 3885 1652 3953 sit
1680 3902 1824 3964 reparata

259 3966 416 4037 samario.
1060 3991 1135 4051 puta
1152 3993 1207 4050 per
1234 3973 1341 4036 iudicis
1361 3967 1546 4034 sententiam
1566 3968 1676 4048 perrel
1696 3967 1823 4032 eviden-

296 4046 463 4119 Detrauor
489 4051 541 4126 qui
568 4051 661 4115 alicui
690 4052 806 4117 crimen
832 4054 959 4118 alterius
981 4074 1027 4118 te·
1061 4057 1161 4130 tiam,
1183 4050 1235 4118 vel
1257 4052 1369 4131 telles,
1388 4067 1443 4116 aut
1463 4049 1574 4127 aliter,
1593 4069 1664 4114 cum
1688 4049 1749 4112 iam
1770 4065 1822 4110 to·

261 4131 387 4195 velavit
402 4128 454 4193 sub
476 4126 610 4211 secretu,
631 4133 680 4196 vel
700 4132 892 4209 probabiliter
903 4133 1027 4198 credens
1062 4150 1128 4198 tum
1138 4134 1412 4198 damnumillatum
1420 4148 1608 4208 reparatum.
1627 4127 1663 4192 sit
1681 4142 1709 4206 3.
1722 4127 1822 4191 Excu-

262 4210 348 4276 illum
364 4209 429 4273 aliis
446 4231 509 4275 rem
527 4231 587 4273 non
603 4212 664 4275 esse
681 4211 943 4279 maniseslaturum
958 4236 1027 4278 cum
1061 4213 1107 4278 lat
1128 4211 1326 4290 streslitutio·
1342 4210 1382 4275 sit
1399 4206 1602 4286 impossibilis.
1618 4232 1646 4297 4.
1663 4208 1693 4270 Si
1710 4226 1822 4272 revera

261 4290 299 4356 fit
320 4293 478 4356 timorata
493 4289 689 4358 conscientiae
707 4342 716 4372 ‚
736 4294 774 4360 &‘
787 4313 870 4358 notae
914 4294 1027 4359 robita·
1061 4293 1146 4357 nulla
1160 4313 1200 4357 cx
1216 4292 1579 4357 detraslioneuccurreeit
1593 4290 1739 4366 insania,
1753 4307 1824 4350 cum

258 4367 449 4448 ris,suffieit
468 4369 551 4450 quod·
565 4372 644 4448 apud
661 4375 869 4439 immediatum
892 4395 1027 4439 uumau·
1061 4373 1158 4438 ullum
1177 4370 1324 4438 damnum
1352 4389 1426 4436 tunc
1454 4392 1515 4433 non
1544 4371 1768 4434 intervenerit.
1792 4387 1820 4443 5.

238 4484 241 4490 ·
260 4450 528 4516 ditoremtanrum
541 4446 652 4517 samam
672 4451 833 4520 rellituat.
851 4454 1026 4520 Secusvero
1060 4453 1196 4531 Qando
1210 4453 1284 4518 ralis
1300 4454 1455 4528 reparatio
1474 4449 1540 4516 fieri
1550 4466 1679 4527 nequeat
1700 4446 1822 4524 stnepe·

263 4529 425 4597 dicendum
442 4527 466 4593 sr
482 4551 543 4594 non
568 4532 755 4598 revelaverit
780 4532 832 4597 sub
853 4536 909 4598 tali
929 4534 1025 4599 secre-
1062 4534 1160 4600 ticulo
1176 4536 1256 4598 vitae*
1269 4529 1476 4609 infamatoris,
1496 4553 1562 4609 quae
1582 4529 1766 4607 prudentum
1776 4531 1822 4591 iu·

230 4689 234 4697 ν
263 4627 297 4676 ιο
335 4629 391 4674 nee
411 4631 481 4674 cum
497 4610 552 4674 tali
573 4609 805 4691 probabilitate.
824 4613 860 4675 ln
880 4615 1026 4680 talienim
1060 4615 1141 4679 dicio
1156 4609 1271 4677 samam
1288 4609 1439 4678 diffamati
1458 4612 1609 4676 excellit.
1631 4608 1712 4674 Nam
1743 4604 1821 4672 obli·

262 4658 331 4756 casu
351 4707 509 4754 teneretur
540 4689 577 4754 ad
602 4687 692 4756 samar
719 4696 943 4771 reparationem
960 4718 1026 4763 tam
1060 4696 1151 4775 gatio
1178 4714 1241 4758 non
1260 4690 1305 4757 est
1321 4691 1471 4771 reddendi
1499 4713 1573 4756 cum
1596 4689 1709 4754 damno
1730 4687 1821 4764 longe

263 4770 339 4850 apud
355 4767 423 4836 suos
441 4769 599 4838 auditores
612 4771 806 4838 immediatos
825 4823 833 4850 ,
853 4794 947 4850 quam
963 4797 1025 4854 me·
1061 4774 1217 4855 graviori,
1227 4771 1368 4837 omnibus
1387 4769 1547 4851 spellaris,
1562 4791 1622 4834 nec
1640 4787 1714 4834 runc
1736 4764 1823 4833 lasus

262 4849 379 4918 diatos.
408 4848 492 4927 Quia
523 4867 598 4916 tunc
620 4849 674 4917 sua
702 4847 908 4919 manifestatio
925 4854 1025 4920 cenle·
1059 4852 1105 4918 est
1126 4851 1354 4917 rationabiliter
1371 4855 1490 4917 invitus
1508 4875 1523 4928 ς,
1542 4849 1598 4914 nisr
1621 4866 1726 4915 tamen
1746 4844 1823 4909 ins·

263 4948 312 4996 tur
326 4931 431 4995 cauria
450 4928 560 4997 efficax
582 4928 811 5012 insamiae‘apud
830 4953 951 4999 omnes.
976 4937 1025 5000 Sic
1061 4951 1149 4999 maro
1166 4932 1474 5012 aureliispericulum
1491 4933 1668 5007 immineat,
1689 4943 1744 4993 aut
1756 4947 1825 5002 gra·

263 5010 498 5095 ‘imml’lffllmb
935 5028 939 5038 '
1061 5034 1100 5078 ve
1121 5013 1265 5078 damnum
1284 5013 1317 5076 iu
1334 5010 1561 5092 spiritualibus,
1580 5002 1823 5087 seugravescan·
1921 5082 1927 5092 .

298 5089 363 5173 Qu
384 5090 515 5170 aliquem
535 5088 718 5172 infamavit,
736 5113 794 5162 uec
813 5096 923 5163 vivens
943 5096 1024 5161 iniu·
1061 5093 1190 5175 daun,
1208 5091 1579 5232 relmstnumpubliclum
1600 5090 1733 5165 malum,
1754 5106 1828 5179 quia

1573 5188 1593 5231 a.
1752 5184 1787 5228 ru
