4425 6000
593 436 810 525 Ttttera
837 464 907 516 na
935 434 1082 515 lust.
1110 464 1178 518 aa
1208 439 1468 517 lumen.
1494 442 1553 518 11.

291 532 414 627 sugere,
430 542 464 612 ἃ
479 561 584 611 mente
601 545 652 611 seu
668 548 772 611 animo
790 545 920 622 percipi,
940 537 1056 605 acsunt
1093 564 1160 618 quae
1185 564 1226 607 ex
1254 542 1356 618 aliquo
1374 539 1534 607 contraslu
1560 542 1611 607 vel
1641 540 1749 609 deluo
1773 544 1859 612 nobit

286 629 357 706 quid
384 626 490 704 reale,
515 620 527 702 l
549 646 656 703 nempe
676 627 763 702 iura,
790 623 959 699 beneficia,
989 616 1058 684 offi·
1093 622 1226 702 obligata
1243 622 1285 684 ell
1305 623 1340 688 dt
1360 620 1499 685 devilia.
1520 624 1644 688 Dicitur
1670 619 1858 703 personalis,

287 713 354 783 cia,
378 702 480 781 hisque
500 703 607 768 finilia
620 754 629 783 ,
644 726 710 781 quae
731 724 767 769 ut
808 708 854 764 uis
875 701 994 764 dicatur
1003 698 1059 761 ha·
1094 706 1166 781 quia
1184 702 1304 765 tametsi
1326 702 1392 766 haec
1410 700 1488 766 attio
1504 702 1542 766 stt
1558 704 1595 768 de
1611 699 1641 768 se
1660 704 1803 769 ordinata
1823 704 1866 768 ad

287 786 358 851 bere
375 788 651 863 ,non'requiritur
673 783 755 862 quod
779 804 795 845 a
828 805 848 845 u
870 779 1060 853 tradantur,
1096 781 1211 859 aliquid
1236 783 1479 860 recuperandum
1504 783 1540 846 ab
1568 783 1651 861 alio,
1671 804 1689 847 a
1708 805 1769 860 quo
1786 786 1867 861 petit

289 858 340 931 sed
367 866 542 943 plerumque
563 860 674 929 sufficit
696 905 705 941 ,
726 879 763 926 ut
786 861 837 924 srbi
858 860 974 923 collata
997 854 1060 921 sue·
1096 862 1155 926 hoc
1175 861 1230 926 tibi
1247 862 1331 941 dari,
1353 862 1405 925 vel
1422 861 1512 940 fieri,
1533 862 1612 928 aslio
1630 882 1734 927 tamen
1752 864 1806 928 illa
1821 866 1869 927 itt

286 948 374 1023 rint,
395 966 431 1008 ac
448 943 485 1008 ab
500 966 539 1008 eo
554 962 714 1021 acceptata
734 945 882 1013 exteriori
903 936 1061 1026 sigmat-
1097 943 1253 1019 personam
1292 939 1516 1021 prosequitur,
1554 942 1668 1020 ipsrque
1707 943 1866 1019 inhaeret.

287 1027 498 1101 e'e‘ptationem
519 1022 726 1101 significante.
745 1020 795 1085 Ita
809 1040 850 1083 ex
870 1039 937 1095 cap·
970 1020 1001 1083 St
1023 1030 1061 1080 it·
1098 1041 1132 1087 ut
1153 1022 1225 1086 talis
1248 1019 1325 1086 aslio
1342 1020 1461 1085 institui
1478 1039 1614 1098 nequeat
1628 1023 1868 1100 contraalium,
1964 1051 1988 1065 -’

287 1105 321 1169 tt
341 1091 452 1182 absenti
475 1105 523 1167 ιὶιι
546 1102 582 1167 de
601 1100 692 1183 benef.
721 1100 753 1166 t'n
776 1103 804 1162 6·
829 1100 900 1163 Hoc
921 1095 1061 1160 similiter
1097 1102 1170 1166 licet
1199 1120 1263 1166 rem
1287 1098 1371 1168 sorte
1400 1100 1568 1176 detineat,·
1599 1100 1633 1167 dc
1660 1104 1721 1167 hoc
1747 1105 1872 1168 contin·

289 1185 453 1250 dicendum
483 1185 518 1247 de
541 1183 725 1247 haereditate
753 1179 817 1244 slve
847 1178 884 1243 ab
912 1177 1063 1242 intestato
1097 1186 1143 1262 git
1172 1181 1222 1246 vel
1247 1183 1330 1248 circa
1360 1202 1406 1246 res
1433 1204 1503 1258 quae
1532 1182 1588 1247 usu
1620 1179 1869 1261 consumuntur,

290 1264 355 1327 srve
377 1284 428 1340 per
450 1263 690 1338 testamentum,
705 1259 740 1327 dt
756 1261 792 1324 de
802 1259 932 1351 legato.
954 1248 1062 1349 lega·
1100 1262 1153 1327 vel
1168 1265 1249 1327 circa
1266 1261 1442 1326 contradus
1464 1263 1603 1328 nondum
1617 1264 1805 1342 completos,
1823 1262 1872 1327 id·

290 1361 360 1410 tum
377 1360 480 1407 tamen
501 1362 564 1406 non
586 1342 757 1427 acquiritur
778 1338 832 1401 ntst
850 1336 1063 1403 haeredttatem
1099 1341 1143 1408 est
1158 1339 1231 1407 dum
1250 1340 1359 1407 fistunt
1384 1345 1415 1405 in
1438 1339 1499 1407 sola
1521 1361 1632 1407 mutua
1661 1345 1872 1409 conventione

293 1423 391 1500 haetes
412 1425 639 1497 acceptaverit,
662 1421 711 1484 led
738 1417 775 1482 de
796 1418 851 1482 hoc
867 1416 989 1488 ,melius
1009 1414 1064 1480 suo
1100 1423 1211 1499 pretii,
1230 1422 1265 1491 dt
1281 1418 1495 1501 promissione,
1513 1443 1546 1488 re
1569 1421 1703 1486 nondum
1723 1421 1839 1488 tradita
1859 1468 1871 1499 .

293 1505 380 1575 10⁶0·
403 1501 455 1565 lut
473 1522 548 1565 vero
573 1488 613 1564 atl
635 1519 698 1566 rem
720 1519 781 1562 non
797 1493 920 1561 confert
941 1513 1064 1560 tantam
1100 1519 1137 1566 ut
1154 1524 1185 1567 v.
1203 1524 1229 1582 g.
1253 1503 1274 1563 sr
1292 1502 1382 1565 Titio
1402 1520 1512 1567 mutuo
1537 1496 1655 1566 dederis
1674 1519 1801 1567 centum
1818 1503 1874 1566 du·
1932 1495 1937 1511 ’

294 1582 480 1649 facultatem
509 1586 541 1644 lu
571 1576 774 1655 sentillam,
802 1576 853 1641 sed
878 1574 1065 1640 sOlummOdO
1100 1599 1218 1658 catos,
1246 1602 1324 1659 quos
1352 1581 1404 1644 ille
1429 1584 1563 1646 donavit
1591 1582 1798 1660 Sempronio,
1818 1578 1876 1645 vel

293 1660 408 1729 iustum
428 1660 581 1738 titulum,
597 1659 632 1725 dt
652 1660 698 1724 ius
722 1657 845 1734 aliquod
865 1655 1066 1730 inchoatum,
1100 1661 1291 1726 contrabium
1321 1663 1425 1725 inieris
1454 1684 1524 1725 cum
1550 1661 1662 1738 Paulo,
1690 1664 1738 1738 qui
1760 1681 1875 1740 equum

295 1732 518 1809 &dominium
539 1741 623 1804 illius
644 1743 688 1803 tei
706 1734 947 1814 adipiscendum,
967 1740 1064 1799 itaut
1102 1742 1187 1806 suum
1210 1742 1264 1807 tibi
1289 1739 1452 1818 vendidit,
1472 1743 1506 1806 &
1533 1760 1698 1817 antequam
1717 1760 1787 1805 eum
1814 1739 1875 1807 tibi

299 1821 321 1884 sr
343 1820 526 1897 impediatur
546 1818 589 1893 ab,
603 1816 737 1882 eiusdem
759 1820 803 1881 rei
824 1812 1066 1906 consecutione,
1103 1821 1225 1899 tradat,
1244 1821 1332 1882 illum
1353 1821 1470 1886 vendat
1486 1822 1702 1904 Hieronymo,
1720 1838 1793 1885 tunc
1806 1820 1874 1883 nul·

296 1922 361 1965 non
382 1895 480 1977 potest
499 1920 563 1962 rem
584 1897 661 1961 hanc
683 1897 863 1972 vindicate,
887 1914 943 1958 nec
965 1897 997 1956 in
1019 1914 1065 1955 ιιι·
1103 1901 1168 1964 lum
1188 1904 1232 1965 ius
1250 1900 1340 1965 habes
1360 1920 1471 1964 contra
1486 1902 1697 1977 Sempronium
1714 1922 1770 1976 pro
1785 1919 1875 1977 repe·

299 1979 381 2044 dicio
396 1998 532 2055 repetere
552 2026 560 2055 ,
578 1983 649 2053 quia
666 1974 739 2040 srcut
761 1976 911 2063 discimus,
932 1994 995 2039 non
1017 1972 1067 2036 ha·
1105 1981 1205 2045 tendis
1223 1980 1261 2043 ab
1282 1977 1343 2055 ipso
1358 1980 1477 2045 ducatis
1492 2030 1500 2059 ,
1518 2001 1574 2044 nec
1592 2000 1699 2048 contra
1719 1981 1877 2059 Hierony·

304 2059 359 2124 bet
380 2056 435 2119 nist
457 2062 503 2121 ius
523 2055 556 2121 dt
577 2054 723 2122 asliouem
739 2056 944 2132 personalem,
963 2052 1067 2119 seusus
1104 2083 1211 2138 mum,
1230 2078 1264 2123 ut
1286 2079 1398 2134 equum
1428 2061 1484 2124 tibi
1507 2065 1587 2136 prius
1610 2061 1770 2126 venditum
1809 2078 1876 2124 non

283 2185 285 2189 .
306 2137 451 2215 quoddat
468 2141 494 2199 ei
517 2135 666 2199 altionem
680 2153 789 2200 contra
805 2131 981 2226 personam,
999 2153 1068 2226 quae
1105 2158 1211 2204 tamen
1241 2139 1390 2202 traditum
1423 2139 1460 2204 ab
1479 2161 1518 2204 ιο
1539 2153 1674 2217 repetas,
1698 2139 1747 2203 sed
1777 2108 1877 2204 solum

303 2215 413 2280 iniuste
434 2236 504 2278 eum
525 2218 670 2293 impedit,
691 2214 740 2279 vel
762 2212 920 2291 impedivtt
943 2232 1012 2277 are
1029 2212 1068 2274 tl·
1104 2238 1214 2284 contra
1237 2218 1380 2294 Titium,
1396 2237 1432 2284 ut
1448 2220 1504 2285 tibi
1519 2219 1626 2285 reddar
1647 2223 1679 2283 in
1696 2220 1761 2284 alio
1777 2221 1877 2297 aequi·

302 2289 334 2361 la
356 2295 548 2360 obtinenda.
583 2294 639 2359 Sed
666 2313 701 2360 ut
727 2295 835 2359 mellus
870 2295 928 2358 hoc
953 2292 1069 2358 intelli·
1105 2300 1226 2365 valenti
1254 2315 1381 2363 centum
1401 2300 1544 2377 ducatos,
1565 2319 1639 2377 quos
1665 2316 1813 2364 mutuoa
1841 2315 1877 2364 te

301 2394 396 2457 gatur
573 2443 577 2451 ,
1106 2382 1246 2457 accepit,
1265 2378 1427 2444 &contra
1448 2381 1596 2457 Paulum,
1616 2397 1654 2443 ut
1674 2378 1733 2444 slet
1751 2379 1877 2458 promis·

223 2476 286 2531 tfir
346 2445 527 2520 Notandum
547 2454 699 2521 astionem
723 2454 894 2536 generatim
922 2452 1069 2532 sumptam
1106 2459 1143 2523 lis
1167 2457 1344 2525 contraslus
1377 2461 1565 2525 venditionis
1593 2462 1661 2536 equi
1684 2508 1693 2538 ,
1720 2457 1876 2523 damna-st

223 2560 249 2603 ιφ
305 2534 366 2599 else
386 2539 433 2600 ius
453 2533 648 2613 prosequendi
663 2540 701 2624 ,in
722 2534 836 2625 iudicio
852 2532 930 2609 quod
946 2532 1000 2623 fibi·
1017 2533 1071 2596 de·
1105 2561 1175 2615 quae
1192 2542 1291 2617 passus
1308 2537 1365 2615 lis,
1381 2539 1435 2603 tibi
1452 2539 1692 2617 compensando,
1713 2541 1783 2617 quia
1794 2538 1877 2602 attio

302 2615 418 2692 betur,
441 2632 478 2704 ut
498 2622 526 2681 5·
550 2616 815 2704 1⁸·,Inllttuttonum
843 2612 1067 2680 deartuatus.
1108 2624 1140 2683 in
1161 2619 1238 2684 hisce
1254 2616 1367 2686 casabus
1383 2638 1449 2683 erat
1466 2621 1618 2684 duntaxat
1640 2618 1676 2681 ad
1699 2640 1780 2694 tem,
1801 2616 1877 2681 idest

303 2697 427 2763 Dicitur
443 2714 475 2759 tn
496 2694 623 2770 iudano,
644 2698 715 2771 quia
732 2698 818 2759 iuxta
839 2713 1002 2758 commune
1023 2688 1071 2757 es·
1107 2698 1288 2777 personalis,
1310 2717 1373 2761 non
1393 2720 1470 2777 vero
1492 2696 1623 2773 in‘rem,
1638 2697 1696 2771 ⁸seu
1713 2698 1823 2761 realis.

305 2771 406 2840 satum
429 2795 522 2838 nemo
544 2774 644 2849 potesl
678 2774 739 2836 esse
766 2766 858 2836 iudex
889 2776 921 2835 in
950 2774 1071 2847 proptia
1147 2778 1308 2854 Explicata
1333 2793 1446 2841 natura
1477 2780 1551 2840 iuris
1580 2794 1647 2840 tum
1677 2780 1708 2837 in
1736 2794 1877 2854 genere,

304 2855 425 2931 caussa,
446 2872 542 2930 neque
560 2856 695 2930 accipere
709 2848 762 2915 sut
783 2856 908 2927 illvm
932 2849 1070 2926 tuthorl·
1109 2874 1176 2920 tum
1204 2858 1301 2932 quoad
1326 2858 1490 2936 praecipuas
1519 2852 1584 2918 suas
1612 2852 1749 2932 species,
1781 2854 1876 2917 realis

304 2945 379 3000 tate
396 2932 476 3011 quod
498 2930 550 2994 fibi
572 2930 614 2996 est
637 2929 796 3008 debitum,
817 2928 866 2995 sed
887 2929 942 2992 hoc
968 2945 1072 3008 petere
1108 2935 1251 3001 videlicet
1272 2934 1306 3003 dt
1328 2932 1518 3017 personalis,
1538 2955 1618 2999 nunc
1640 2938 1742 3000 varias
1762 2930 1876 3012 specics

303 3013 393 3080 debet
414 3035 431 3077 a
452 2999 708 3091 Magistratibus‚
731 3014 782 3088 qui
808 3011 845 3075 ad
869 3010 949 3073 hunc
977 3008 1071 3075 linem
1107 3035 1291 3092 exponemus
1316 3019 1387 3082 iuris
1414 3016 1527 3093 realis,
1547 3016 1584 3078 de
1608 3035 1666 3092 quo
1686 3034 1748 3079 non
1778 3032 1877 3091 pauca

302 3091 375 3169 sum
390 3091 546 3157 instituti.
569 3093 687 3168 Excipe
699 3108 803 3156 tamen
823 3087 944 3165 casum,
964 3091 1072 3168 inquo
1107 3096 1248 3160 dicentur
1266 3118 1328 3161 non
1346 3102 1444 3161 minus
1465 3096 1609 3175 perutilia
1624 3092 1704 3160 scitu
1718 3113 1878 3172 quamne·

305 3172 408 3238 locum
434 3172 544 3237 habeat
562 3172 679 3236 secreta
704 3169 931 3247 compensatio,
951 3170 1003 3233 vel
1021 3191 1072 3247 pe·
1106 3176 1251 3244 cellaria.

303 3241 436 3318 ticulum
457 3253 494 3316 sit
515 3253 547 3315 ln
564 3273 665 3320 mora.
686 3251 827 3324 Quilibet
843 3254 933 3332 enim,
949 3268 1071 3326 repete·

304 3326 1020 3476 reggletremasgreinsurtodeprelr‘ienlza
1419 3340 1445 3404 ς,
1487 3327 1558 3400 111,

437 3467 439 3470 ,
626 3434 632 3472 ι
761 3428 843 3474 nam
944 3430 1071 3473 artur

304 3493 342 3558 in
360 3429 665 3563 adlotsrllutnetsealcns,
685 3428 997 3558 seclrmvitldictslionevm
1010 3427 1071 3566 J&
1151 3553 1154 3561 ,
1215 3452 1373 3521 „evm”
1388 3452 1533 3536 ssec'ehm
1554 3474 1631 3517 'um
1652 3474 1683 3517 Μ
1704 3475 1753 3520 “⁰

301 3569 522 3651 personalem,
549 3588 584 3635 ut
607 3575 638 3648 ip
662 3575 727 3636 iure
745 3589 919 3649 vocantur,
939 3569 1073 3654 itfiituta
1146 3568 1224 3636 luris
1255 3571 1348 3634 realis
1368 3568 1545 3636 variaelunt
1563 3569 1874 3646 speciesnumetonot

302 3653 342 3717 dt
362 3655 417 3717 ali·
435 3649 475 3717 (ἲ
491 3658 518 3717 5.
534 3651 731 3728 appellaturis
750 3652 840 3715 Atlio
864 3653 955 3716 realis
975 3700 984 3730 ‚
1003 3670 1071 3728 quae
1108 3671 1198 3725 vem,
1218 3647 1389 3714 dominium
1409 3670 1538 3725 nempe,
1557 3648 1647 3726 usus,
1667 3644 1872 3729 ususfructus,

302 3732 416 3795 dicitur
434 3729 511 3793 attio
529 3733 561 3792 in
580 3749 642 3791 rem
661 3730 774 3793 dieitur
793 3745 851 3807 ea,
873 3752 940 3805 quar
958 3732 1001 3801 rei
1027 3732 1072 3793 ita
1107 3725 1655 3811 servitus,‚cmphyteus1s,seudum,
1675 3730 1798 3805 pignus,
1819 3727 1876 3811 hy*
1942 3733 1946 3742 '

302 3809 456 3885 inliae'r‘et,
472 3809 669 3882 camdemque
686 3809 892 3886 persequitur,
908 3829 941 3873 ut
964 3811 1000 3874 ad
1018 3831 1071 3873 ιιι·
1108 3808 1236 3887 potheca
1253 3807 1451 3886 &possessam
1469 3810 1515 3870 Ex
1536 3808 1743 3874 hisveroaliae
1763 3806 1875 3872 adrem

302 3888 479 3964 luscumque
497 3904 605 3952 manus
625 3885 787 3952 devenerit
811 3907 857 3957 res
882 3889 966 3953 nobis
987 3890 1070 3952 devi·
1107 3888 1223 3967 ipsam,
1258 3890 1327 3954 aliae
1353 3891 1389 3953 ad
1412 3893 1454 3953 rei
1485 3885 1568 3953 arsum
1602 3891 1784 3966 pertinent.
1816 3886 1872 3952 Do·¹

301 3969 371 4046 sla,
392 3966 429 4032 ab
445 3963 510 4062 ipso
525 3985 595 4031 eam
612 3963 768 4044 reposcere
785 3962 944 4045 possrmus,
959 3967 1071 4034 &vin
1106 3966 1235 4030 minium
1262 3970 1300 4050 est
1327 3969 1374 4032 ius
1399 3966 1579 4050 gubernandi
1610 3987 1674 4032 rem
1711 3966 1875 4045 aliquam,

302 4050 426 4126 dicate,
445 4050 493 4113 r'ta
514 4064 549 4112 ut
570 4047 699 4124 ,quando
717 4044 909 4112 ostendamus
936 4067 1000 4110 rem
1021 4068 1073 4111 no·
1106 4050 1162 4112 vel
1177 4048 1215 4111 de
1234 4068 1268 4112 ea
1286 4046 1458 4129 dtsponendi
1477 4061 1619 4126 tanquam
1644 4045 1724 4125 sua,
1745 4048 1785 4113 dt
1806 4065 1874 4124 pro<

302 4122 397 4190 liram
421 4124 508 4205 esse,
534 4125 682 4191 relutlate
701 4148 763 4191 non
786 4127 891 4198 valeat
916 4126 1073 4204 pollellot,
1104 4127 1171 4206 pria
1186 4127 1377 4195 aac‘laritatt.
1399 4126 1478 4193 Usus
1495 4127 1538 4191 etl
1564 4146 1685 4191 tantum
1711 4127 1759 4187 ius
1787 4139 1873 4190 uteu-

301 4211 376 4350 quin
396 4209 494 4284 etiam
518 4210 551 4270 in
571 4206 684 4272 iudicio
709 4205 883 4279 campobis
907 4208 1071 4270 rellituat.
1107 4207 1142 4271 di
1162 4225 1194 4272 tt
1213 4208 1330 4282 aliena,
1340 4207 1431 4288 salva
1449 4209 1512 4272 eius
1528 4204 1707 4285 sulpltntia.
1730 4203 1874 4270 Usussru⁴

321 4277 453 4358 nstituta
479 4294 504 4353 t.
535 4286 666 4352 omnium
686 4287 723 4363 dp
749 4286 933 4364 actionibus,
957 4281 998 4351 <t
1016 4287 1071 4365 leg.
1106 4286 1170 4354 slus
1201 4285 1242 4350 ell
1272 4287 1323 4353 iar
1350 4288 1454 4352 utendi
1476 4287 1517 4352 st·
1539 4286 1668 4368 sinendi
1697 4283 1795 4349 aliena
1814 4304 1872 4363 re,

304 4364 372 4447 offic}
395 4361 435 4431 de
462 4367 505 4431 rei
526 4366 681 4431 vinditat.
703 4369 780 4432 Haec
803 4384 908 4432 autern
928 4365 1014 4430 aslio
1042 4371 1073 4427 in
1103 4364 1193 4445 salva
1208 4366 1321 4510 fiariter
1341 4367 1423 4430 illius
1433 4364 1610 4448 substantia.
1633 4364 1723 4427 Unde
1737 4360 1875 4430 usuarius

307 4467 393 4524 rem,
412 4464 447 4511 ut
461 4450 670 4526 ¹notavimus,
698 4450 811 4512 dicitur
827 4448 924 4522 etiam
945 4448 987 4510 rei
1007 4446 1073 4508 vin·
1110 4467 1172 4511 tem
1188 4442 1208 4506 st
1229 4449 1238 4507 i
1257 4446 1294 4509 ad
1310 4447 1394 4511 arsum
1414 4448 1584 4512 concessam
1599 4445 1689 4509 alteri
1709 4444 1890 4522 locarene⁴‚

304 4529 436 4591 dicatio.
455 4527 533 4590 Rem
549 4531 632 4599 enim
649 4529 832 4603 vendicare,
847 4528 895 4589 vel
911 4523 1073 4598 secundum
1108 4529 1195 4602 quit,
1214 4525 1291 4589 bene
1311 4529 1429 4602 quidem
1447 4522 1704 4589 usulrulluariusr
1732 4524 1874 4589 Servitus

306 4607 384 4672 alios
405 4600 564 4672 vindicare
582 4609 661 4670 idern
686 4607 729 4671 est
751 4628 786 4671 ac
814 4627 878 4680 rem
895 4603 945 4677 libi
963 4626 1072 4683 appro·
1108 4601 1152 4669 est
1171 4605 1220 4667 ius
1239 4604 1411 4691 acquisitum
1428 4603 1643 4682 inalienare,
1665 4621 1739 4680 puta
1761 4606 1792 4666 in
1808 4624 1874 4677 tnu-¹

305 4690 426 4828 friate,
449 4707 484 4751 ac
510 4686 599 4761 suam
624 4676 684 4752 elle
699 4689 816 4766 diecret
836 4687 870 4752 dt
887 4685 957 4757 ideo
972 4683 1074 4762 pollu-
1110 4705 1144 4750 ro
1164 4683 1267 4774 alieno
1284 4733 1293 4763 ,
1309 4706 1347 4749 ne
1368 4688 1462 4750 altius
1477 4700 1613 4760 erigatur
1630 4717 1639 4748 ι
1662 4681 1875 4772 Emplryteustt

320 4787 408 4835 areu
440 4767 531 4832 iudex
546 4767 600 4834 sua
616 4766 770 4841 setttentia
790 4789 853 4831 tem
879 4763 1010 4838 nostram
1032 4762 1074 4829 es·
1109 4762 1154 4827 est
1168 4782 1217 4825 tus
1232 4775 1330 4830 ortum
1345 4787 1384 4831 ιιι
1408 4770 1555 4833 contractu
1573 4810 1582 4840 ,
1601 4783 1654 4840 quo
1675 4783 1721 4828 res
1740 4759 1875 4830 rutmabae

308 4841 339 4914 se
396 4868 522 4927 taret„
547 4870 582 4913 ac
603 4849 634 4912 in
662 4853 728 4915 eins
748 4848 885 4913 dominio
905 4844 1075 4912 conslitua‘·
1109 4843 1251 4921 lirquoad
1261 4844 1425 4910 dominium
1441 4845 1514 4909 utile
1529 4842 1619 4908 alicui
1635 4841 1801 4909 conceditur
1815 4834 1875 4931 sps

310 4949 377 4992 mur
400 4968 409 4992 a
434 4916 523 4994 Atlio
545 4928 732 5007 personalis,
756 4926 807 4995 sen
823 4925 901 4992 aslio
921 4932 954 4988 in
975 4927 1073 5003 perl'o·
1109 4941 1193 4987 onere
1215 4925 1302 4988 realis
1318 4925 1460 5004 penfiont's
1476 4924 1585 4999 llatatt
1607 4936 1732 5001 tempore
1758 4920 1876 4985 mat

310 5027 439 5078 namet
468 5008 510 5077 est
531 5030 597 5094 quo
621 5007 762 5103 versatur
790 5027 863 5089 erza
889 5003 1076 5084 personam,
1105 5001 1363 5084 proprietatis&
1393 5004 1504 5072 diretta
1528 5024 1564 5070 ea
1595 5003 1633 5071 de
1660 4999 1753 5085 cauda
1762 4995 1875 5146 gasal-
