<?xml version="1.0" encoding="UTF-8"?>
<!DOCTYPE html PUBLIC "-//W3C//DTD XHTML 1.0 Transitional//EN"
    "http://www.w3.org/TR/xhtml1/DTD/xhtml1-transitional.dtd">
<html xmlns="http://www.w3.org/1999/xhtml" xml:lang="en" lang="en">
 <head>
  <title>
</title>
<meta http-equiv="Content-Type" content="text/html;charset=utf-8" />
  <meta name='ocr-system' content='tesseract 3.04.00' />
  <meta name='ocr-capabilities' content='ocr_page ocr_carea ocr_par ocr_line ocrx_word'/>
</head>
<body>
  <div class='ocr_page' id='page_1' title='image "./institutionesth00boragoog_0111.png"; bbox 0 0 4425 6000; ppageno 0'>
   <div class='ocr_carea' id='block_1_1' title="bbox 219 507 1803 932">
    <p class='ocr_par' dir='ltr' id='par_1_1' title="bbox 219 507 1803 932">
     <span class='ocr_line' id='line_1_1' title="bbox 496 507 1531 587; baseline -0.002 -1"><span class='ocrx_word' id='word_1_1' title='bbox 496 511 1196 587; x_wconf 77' lang='lat' dir='ltr'>Tnacr.oe&#39;1u1usr1rtn</span> <span class='ocrx_word' id='word_1_2' title='bbox 1224 507 1295 583; x_wconf 73' lang='lat' dir='ltr'>dcc.</span> <span class='ocrx_word' id='word_1_3' title='bbox 1323 507 1445 583; x_wconf 83' lang='lat' dir='ltr'>Cnr.</span> <span class='ocrx_word' id='word_1_4' title='bbox 1473 509 1531 584; x_wconf 88' lang='lat'>11.</span> 
     </span>
     <span class='ocr_line' id='line_1_2' title="bbox 219 601 1803 693; baseline -0.003 -9"><span class='ocrx_word' id='word_1_5' title='bbox 219 611 459 684; x_wconf 62' lang='lat' dir='ltr'>tentarentur</span> <span class='ocrx_word' id='word_1_6' title='bbox 477 614 619 679; x_wconf 80' lang='lat' dir='ltr'>materiae</span> <span class='ocrx_word' id='word_1_7' title='bbox 640 606 764 677; x_wconf 81' lang='lat' dir='ltr'>excusat</span> <span class='ocrx_word' id='word_1_8' title='bbox 785 633 803 678; x_wconf 87' lang='lat' dir='ltr'>a</span> <span class='ocrx_word' id='word_1_9' title='bbox 822 610 910 693; x_wconf 77' lang='lat' dir='ltr'>gravi</span> <span class='ocrx_word' id='word_1_10' title='bbox 937 606 1017 674; x_wconf 59' lang='lat' dir='ltr'>mlv</span> <span class='ocrx_word' id='word_1_11' title='bbox 1035 612 1088 687; x_wconf 82' lang='lat' dir='ltr'>qui</span> <span class='ocrx_word' id='word_1_12' title='bbox 1111 601 1242 688; x_wconf 87' lang='lat' dir='ltr'>praesunt</span> <span class='ocrx_word' id='word_1_13' title='bbox 1263 625 1416 683; x_wconf 76' lang='lat' dir='ltr'>tamquam</span> <span class='ocrx_word' id='word_1_14' title='bbox 1426 611 1603 689; x_wconf 73' lang='lat' dir='ltr'>Principes,</span> <span class='ocrx_word' id='word_1_15' title='bbox 1617 628 1672 676; x_wconf 88' lang='lat' dir='ltr'>aut</span> <span class='ocrx_word' id='word_1_16' title='bbox 1692 611 1803 679; x_wconf 83' lang='lat' dir='ltr'>consii-</span> 
     </span>
     <span class='ocr_line' id='line_1_3' title="bbox 219 687 1800 777; baseline -0.005 -13"><span class='ocrx_word' id='word_1_17' title='bbox 219 691 287 777; x_wconf 77' lang='lat' dir='ltr'>pa,</span> <span class='ocrx_word' id='word_1_18' title='bbox 302 695 338 768; x_wconf 80' lang='lat' dir='ltr'>dt</span> <span class='ocrx_word' id='word_1_19' title='bbox 358 694 396 763; x_wconf 80' lang='lat' dir='ltr'>ab</span> <span class='ocrx_word' id='word_1_20' title='bbox 410 712 504 763; x_wconf 77' lang='lat' dir='ltr'>onere</span> <span class='ocrx_word' id='word_1_21' title='bbox 524 690 742 758; x_wconf 74' lang='lat' dir='ltr'>restitutionis.</span> <span class='ocrx_word' id='word_1_22' title='bbox 1034 692 1097 755; x_wconf 92' lang='lat' dir='ltr'>tuti</span> <span class='ocrx_word' id='word_1_23' title='bbox 1118 687 1188 754; x_wconf 88' lang='lat' dir='ltr'>sunt</span> <span class='ocrx_word' id='word_1_24' title='bbox 1210 694 1242 752; x_wconf 91' lang='lat' dir='ltr'>in</span> <span class='ocrx_word' id='word_1_25' title='bbox 1264 688 1384 766; x_wconf 89' lang='lat' dir='ltr'>publico</span> <span class='ocrx_word' id='word_1_26' title='bbox 1409 688 1600 765; x_wconf 78' lang='lat' dir='ltr'>&#39;Reipublicae</span> <span class='ocrx_word' id='word_1_27' title='bbox 1622 688 1800 769; x_wconf 53' lang='lat' dir='ltr'>officioru-</span> 
     </span>
     <span class='ocr_line' id='line_1_4' title="bbox 253 766 1800 845; baseline 0.003 -11"><span class='ocrx_word' id='word_1_28' title='bbox 253 815 256 822; x_wconf 44' lang='grc' dir='ltr'>ι</span> <span class='ocrx_word' id='word_1_29' title='bbox 1036 788 1074 834; x_wconf 88' lang='lat' dir='ltr'>ve</span> <span class='ocrx_word' id='word_1_30' title='bbox 1090 774 1267 845; x_wconf 86' lang='lat' dir='ltr'>privatam,</span> <span class='ocrx_word' id='word_1_31' title='bbox 1282 785 1322 831; x_wconf 81' lang='lat' dir='ltr'>ut</span> <span class='ocrx_word' id='word_1_32' title='bbox 1340 770 1446 843; x_wconf 82' lang='lat' dir='ltr'>quiex</span> <span class='ocrx_word' id='word_1_33' title='bbox 1466 766 1552 845; x_wconf 77' lang='lat' dir='ltr'>patio</span> <span class='ocrx_word' id='word_1_34' title='bbox 1571 770 1622 833; x_wconf 90' lang='lat' dir='ltr'>vel</span> <span class='ocrx_word' id='word_1_35' title='bbox 1640 770 1800 839; x_wconf 71' lang='lat' dir='ltr'>contrado</span> 
     </span>
     <span class='ocr_line' id='line_1_5' title="bbox 529 847 1798 932; baseline -0.003 -13"><span class='ocrx_word' id='word_1_36' title='bbox 529 859 557 919; x_wconf 72' lang='lat'>5.</span> <span class='ocrx_word' id='word_1_37' title='bbox 597 849 701 915; x_wconf 84' lang='lat' dir='ltr'><strong>XXI.</strong></span> <span class='ocrx_word' id='word_1_38' title='bbox 1033 869 1112 913; x_wconf 75' lang='lat' dir='ltr'>onus</span> <span class='ocrx_word' id='word_1_39' title='bbox 1137 847 1330 924; x_wconf 85' lang='lat' dir='ltr'>susceperunt</span> <span class='ocrx_word' id='word_1_40' title='bbox 1353 848 1473 926; x_wconf 81' lang='lat' dir='ltr'>gerendi</span> <span class='ocrx_word' id='word_1_41' title='bbox 1505 848 1630 914; x_wconf 87' lang='lat' dir='ltr'>alterius</span> <span class='ocrx_word' id='word_1_42' title='bbox 1647 856 1798 932; x_wconf 84' lang='lat' dir='ltr'>negotia,</span> 
     </span>
    </p>
   </div>
   <div class='ocr_carea' id='block_1_2' title="bbox 217 922 1799 1211">
    <p class='ocr_par' dir='ltr' id='par_1_2' title="bbox 217 922 1799 1211">
     <span class='ocr_line' id='line_1_6' title="bbox 217 922 1799 1211; baseline 0.021 -169"><span class='ocrx_word' id='word_1_43' title='bbox 217 976 271 1039; x_wconf 75' lang='lat' dir='ltr'>n</span> <span class='ocrx_word' id='word_1_44' title='bbox 293 963 999 1211; x_wconf 48' lang='lat' dir='ltr'>‘⁶¹‘sssssssslvssdsjjlfwdiillsiff&#39;ll‘¹</span> <span class='ocrx_word' id='word_1_45' title='bbox 1033 922 1799 1086; x_wconf 42' lang='lat' dir='ltr'>{illimisTtiiztnffi‘iismilill</span> 
     </span>
    </p>
   </div>
   <div class='ocr_carea' id='block_1_3' title="bbox 651 1083 1800 1211">
    <p class='ocr_par' dir='ltr' id='par_1_3' title="bbox 651 1083 1800 1211">
     <span class='ocr_line' id='line_1_7' title="bbox 651 1083 1800 1211; baseline -0.021 -40"><span class='ocrx_word' id='word_1_46' title='bbox 651 1130 762 1211; x_wconf 50' lang='lat' dir='ltr'><em>estam·</em></span> <span class='ocrx_word' id='word_1_47' title='bbox 1032 1087 1184 1152; x_wconf 87' lang='lat' dir='ltr'>bonorum</span> <span class='ocrx_word' id='word_1_48' title='bbox 1203 1083 1363 1163; x_wconf 79' lang='lat' dir='ltr'>Ecclesiae,</span> <span class='ocrx_word' id='word_1_49' title='bbox 1383 1086 1433 1149; x_wconf 88' lang='lat' dir='ltr'>vel</span> <span class='ocrx_word' id='word_1_50' title='bbox 1450 1087 1596 1166; x_wconf 81' lang='lat' dir='ltr'>Collegii,</span> <span class='ocrx_word' id='word_1_51' title='bbox 1619 1108 1677 1153; x_wconf 75' lang='lat' dir='ltr'>rut</span> <span class='ocrx_word' id='word_1_52' title='bbox 1702 1092 1800 1157; x_wconf 83' lang='lat' dir='ltr'>aiicu-</span> 
     </span>
    </p>
   </div>
   <div class='ocr_carea' id='block_1_4' title="bbox 480 1149 1799 1249">
    <p class='ocr_par' dir='ltr' id='par_1_4' title="bbox 480 1149 1799 1249">
     <span class='ocr_line' id='line_1_8' title="bbox 480 1149 1799 1249; baseline 0.007 -23"><span class='ocrx_word' id='word_1_53' title='bbox 480 1152 537 1198; x_wconf 59' lang='grc' dir='ltr'><em>Μ</em></span> <span class='ocrx_word' id='word_1_54' title='bbox 557 1149 636 1193; x_wconf 64' lang='grc' dir='ltr'>’Μ’</span> <span class='ocrx_word' id='word_1_55' title='bbox 1033 1170 1080 1233; x_wconf 79' lang='lat' dir='ltr'>ius</span> <span class='ocrx_word' id='word_1_56' title='bbox 1102 1168 1295 1246; x_wconf 79' lang='lat' dir='ltr'>particularis</span> <span class='ocrx_word' id='word_1_57' title='bbox 1310 1184 1345 1231; x_wconf 88' lang='lat' dir='ltr'>ut</span> <span class='ocrx_word' id='word_1_58' title='bbox 1365 1164 1523 1230; x_wconf 76' lang='lat' dir='ltr'>Nobilium</span> <span class='ocrx_word' id='word_1_59' title='bbox 1552 1165 1799 1249; x_wconf 53' lang='lat' dir='ltr'>Fauoresssuv</span> 
     </span>
    </p>
   </div>
   <div class='ocr_carea' id='block_1_5' title="bbox 177 1242 1800 1789">
    <p class='ocr_par' dir='ltr' id='par_1_5' title="bbox 177 1242 1800 1336">
     <span class='ocr_line' id='line_1_9' title="bbox 177 1242 1800 1336; baseline -0.001 -22"><span class='ocrx_word' id='word_1_60' title='bbox 177 1250 219 1314; x_wconf 70' lang='lat' dir='ltr'>ei·</span> <span class='ocrx_word' id='word_1_61' title='bbox 266 1244 334 1313; x_wconf 78' lang='lat' dir='ltr'>lem</span> <span class='ocrx_word' id='word_1_62' title='bbox 357 1250 533 1315; x_wconf 83' lang='lat' dir='ltr'>notavimus</span> <span class='ocrx_word' id='word_1_63' title='bbox 553 1264 647 1313; x_wconf 92' lang='lat' dir='ltr'>antea</span> <span class='ocrx_word' id='word_1_64' title='bbox 665 1242 771 1311; x_wconf 82' lang='lat' dir='ltr'>modos</span> <span class='ocrx_word' id='word_1_65' title='bbox 788 1261 893 1308; x_wconf 81' lang='lat' dir='ltr'>omnes</span> <span class='ocrx_word' id='word_1_66' title='bbox 921 1261 997 1336; x_wconf 79' lang='lat' dir='ltr'>enu-</span> <span class='ocrx_word' id='word_1_67' title='bbox 1033 1248 1131 1313; x_wconf 84' lang='lat' dir='ltr'>stodes</span> <span class='ocrx_word' id='word_1_68' title='bbox 1159 1250 1321 1311; x_wconf 88' lang='lat' dir='ltr'>vineamm</span> <span class='ocrx_word' id='word_1_69' title='bbox 1353 1265 1495 1322; x_wconf 75' lang='lat' dir='ltr'>agrorum</span> <span class='ocrx_word' id='word_1_70' title='bbox 1520 1243 1675 1328; x_wconf 79' lang='lat' dir='ltr'>sylvarum</span> <span class='ocrx_word' id='word_1_71' title='bbox 1712 1269 1800 1316; x_wconf 73' lang='lat' dir='ltr'>trion·</span> 
     </span>
    </p>

    <p class='ocr_par' dir='ltr' id='par_1_6' title="bbox 177 1321 1798 1789">
     <span class='ocr_line' id='line_1_10' title="bbox 386 1321 1797 1419; baseline 0.001 -26"><span class='ocrx_word' id='word_1_72' title='bbox 386 1376 395 1407; x_wconf 93' lang='lat'>,</span> <span class='ocrx_word' id='word_1_73' title='bbox 430 1330 540 1405; x_wconf 84' lang='lat' dir='ltr'>quibus</span> <span class='ocrx_word' id='word_1_74' title='bbox 564 1325 651 1419; x_wconf 77' lang='lat' dir='ltr'>possit</span> <span class='ocrx_word' id='word_1_75' title='bbox 678 1326 786 1399; x_wconf 66' lang='lat' dir='ltr'>allonis</span> <span class='ocrx_word' id='word_1_76' title='bbox 815 1322 852 1387; x_wconf 65' lang='lat' dir='ltr'>ad</span> <span class='ocrx_word' id='word_1_77' title='bbox 872 1321 998 1386; x_wconf 64' lang='lat' dir='ltr'>alienus</span> <span class='ocrx_word' id='word_1_78' title='bbox 1033 1332 1112 1392; x_wconf 89' lang='lat' dir='ltr'>tium</span> <span class='ocrx_word' id='word_1_79' title='bbox 1131 1375 1141 1408; x_wconf 94' lang='lat'>,</span> <span class='ocrx_word' id='word_1_80' title='bbox 1160 1326 1563 1419; x_wconf 36' lang='lat' dir='ltr'>Advocati,·l&gt;rocuratores</span> <span class='ocrx_word' id='word_1_81' title='bbox 1579 1332 1629 1405; x_wconf 86' lang='lat' dir='ltr'>qui</span> <span class='ocrx_word' id='word_1_82' title='bbox 1656 1351 1718 1395; x_wconf 89' lang='lat' dir='ltr'>non</span> <span class='ocrx_word' id='word_1_83' title='bbox 1740 1332 1797 1394; x_wconf 84' lang='lat' dir='ltr'>im-</span> 
     </span>
     <span class='ocr_line' id='line_1_11' title="bbox 177 1405 374 1499; baseline 0 52"><span class='ocrx_word' id='word_1_84' title='bbox 177 1405 374 1499; x_wconf 49' lang='lat' dir='ltr'>me</span> 
     </span>
     <span class='ocr_line' id='line_1_12' title="bbox 177 1485 1796 1657; baseline 0 -24"><span class='ocrx_word' id='word_1_85' title='bbox 177 1520 197 1558; x_wconf 44' lang='grc' dir='ltr'>Ι·</span> <span class='ocrx_word' id='word_1_86' title='bbox 221 1487 355 1633; x_wconf 42' lang='lat' dir='ltr'>diditi}</span> <span class='ocrx_word' id='word_1_87' title='bbox 364 1485 667 1645; x_wconf 49' lang='lat' dir='ltr'>ntob&#39;op&#39;drbllibllmllt</span> <span class='ocrx_word' id='word_1_88' title='bbox 684 1504 728 1628; x_wconf 65' lang='lat' dir='ltr'>lli</span> <span class='ocrx_word' id='word_1_89' title='bbox 752 1506 898 1656; x_wconf 74' lang='lat' dir='ltr'>dmicuntur</span> <span class='ocrx_word' id='word_1_90' title='bbox 914 1582 995 1655; x_wconf 65' lang='lat' dir='ltr'>com3</span> <span class='ocrx_word' id='word_1_91' title='bbox 1031 1570 1080 1645; x_wconf 87' lang='lat' dir='ltr'>qui</span> <span class='ocrx_word' id='word_1_92' title='bbox 1095 1535 1250 1643; x_wconf 88' lang='lat' dir='ltr'>tacendb,</span> <span class='ocrx_word' id='word_1_93' title='bbox 1266 1564 1316 1657; x_wconf 76' lang='lat' dir='ltr'>vel</span> <span class='ocrx_word' id='word_1_94' title='bbox 1334 1560 1365 1627; x_wconf 89' lang='lat' dir='ltr'>se</span> <span class='ocrx_word' id='word_1_95' title='bbox 1384 1534 1588 1645; x_wconf 77' lang='lat' dir='ltr'>absentandd,</span> <span class='ocrx_word' id='word_1_96' title='bbox 1603 1512 1796 1645; x_wconf 57' lang='lat' dir='ltr'>cambilla}</span> 
     </span>
     <span class='ocr_line' id='line_1_13' title="bbox 177 1643 1798 1789; baseline -0.001 -78"><span class='ocrx_word' id='word_1_97' title='bbox 177 1645 365 1752; x_wconf 44' lang='lat' dir='ltr'>&amp;munitet</span> <span class='ocrx_word' id='word_1_98' title='bbox 382 1646 495 1713; x_wconf 81' lang='lat' dir='ltr'>caussae</span> <span class='ocrx_word' id='word_1_99' title='bbox 512 1651 667 1789; x_wconf 49' lang='lat' dir='ltr'>negativae</span> <span class='ocrx_word' id='word_1_100' title='bbox 679 1645 801 1720; x_wconf 83' lang='lat' dir='ltr'>damni,</span> <span class='ocrx_word' id='word_1_101' title='bbox 821 1658 928 1721; x_wconf 83' lang='lat' dir='ltr'>utpote</span> <span class='ocrx_word' id='word_1_102' title='bbox 942 1659 996 1717; x_wconf 73' lang='lat' dir='ltr'>qut</span> <span class='ocrx_word' id='word_1_103' title='bbox 1031 1667 1094 1712; x_wconf 90' lang='lat' dir='ltr'>non</span> <span class='ocrx_word' id='word_1_104' title='bbox 1108 1645 1276 1724; x_wconf 86' lang='lat' dir='ltr'>impediunt</span> <span class='ocrx_word' id='word_1_105' title='bbox 1292 1646 1425 1720; x_wconf 79' lang='lat' dir='ltr'>iniquam</span> <span class='ocrx_word' id='word_1_106' title='bbox 1447 1643 1706 1713; x_wconf 81' lang='lat' dir='ltr'>constitutionem</span> <span class='ocrx_word' id='word_1_107' title='bbox 1721 1652 1798 1728; x_wconf 84' lang='lat' dir='ltr'>,ini-</span> 
     </span>
    </p>
   </div>
   <div class='ocr_carea' id='block_1_6' title="bbox 213 1721 1985 5208">
    <p class='ocr_par' dir='ltr' id='par_1_7' title="bbox 223 1721 1799 1804">
     <span class='ocr_line' id='line_1_14' title="bbox 223 1721 1799 1804; baseline -0.001 -14"><span class='ocrx_word' id='word_1_108' title='bbox 223 1726 373 1790; x_wconf 73' lang='lat' dir='ltr'>damnum</span> <span class='ocrx_word' id='word_1_109' title='bbox 386 1747 450 1792; x_wconf 93' lang='lat' dir='ltr'>non</span> <span class='ocrx_word' id='word_1_110' title='bbox 469 1731 547 1804; x_wconf 90' lang='lat' dir='ltr'>impe</span> <span class='ocrx_word' id='word_1_111' title='bbox 569 1732 744 1804; x_wconf 90' lang='lat' dir='ltr'>iant,cum</span> <span class='ocrx_word' id='word_1_112' title='bbox 764 1721 874 1800; x_wconf 79' lang='lat' dir='ltr'>possint</span> <span class='ocrx_word' id='word_1_113' title='bbox 894 1721 993 1791; x_wconf 76' lang='lat' dir='ltr'>dcta·</span> <span class='ocrx_word' id='word_1_114' title='bbox 1030 1748 1145 1804; x_wconf 86' lang='lat' dir='ltr'>quam,</span> <span class='ocrx_word' id='word_1_115' title='bbox 1173 1724 1206 1790; x_wconf 81' lang='lat' dir='ltr'>dt</span> <span class='ocrx_word' id='word_1_116' title='bbox 1233 1722 1388 1801; x_wconf 80' lang='lat' dir='ltr'>indignam</span> <span class='ocrx_word' id='word_1_117' title='bbox 1419 1723 1621 1789; x_wconf 72' lang='lat' dir='ltr'>deelionem.</span> <span class='ocrx_word' id='word_1_118' title='bbox 1648 1727 1734 1793; x_wconf 83' lang='lat' dir='ltr'>Nam</span> <span class='ocrx_word' id='word_1_119' title='bbox 1765 1728 1799 1792; x_wconf 87' lang='lat' dir='ltr'>bi</span> 
     </span>
    </p>

    <p class='ocr_par' dir='ltr' id='par_1_8' title="bbox 216 1802 1797 1886">
     <span class='ocr_line' id='line_1_15' title="bbox 216 1802 1797 1886; baseline 0 -15"><span class='ocrx_word' id='word_1_120' title='bbox 216 1808 314 1871; x_wconf 72' lang='lat' dir='ltr'>aione</span> <span class='ocrx_word' id='word_1_121' title='bbox 331 1803 448 1885; x_wconf 82' lang='lat' dir='ltr'>officii,</span> <span class='ocrx_word' id='word_1_122' title='bbox 462 1805 545 1883; x_wconf 88' lang='lat' dir='ltr'>quod</span> <span class='ocrx_word' id='word_1_123' title='bbox 564 1823 725 1881; x_wconf 82' lang='lat' dir='ltr'>exercent,</span> <span class='ocrx_word' id='word_1_124' title='bbox 742 1803 793 1869; x_wconf 86' lang='lat' dir='ltr'>vel</span> <span class='ocrx_word' id='word_1_125' title='bbox 819 1802 996 1868; x_wconf 73' lang='lat' dir='ltr'>contradus</span> <span class='ocrx_word' id='word_1_126' title='bbox 1029 1828 1137 1871; x_wconf 82' lang='lat' dir='ltr'>omnes</span> <span class='ocrx_word' id='word_1_127' title='bbox 1154 1821 1301 1870; x_wconf 90' lang='lat' dir='ltr'>tenentur</span> <span class='ocrx_word' id='word_1_128' title='bbox 1321 1823 1360 1867; x_wconf 81' lang='lat' dir='ltr'>ex</span> <span class='ocrx_word' id='word_1_129' title='bbox 1380 1806 1506 1886; x_wconf 86' lang='lat' dir='ltr'>proprio</span> <span class='ocrx_word' id='word_1_130' title='bbox 1529 1826 1655 1871; x_wconf 88' lang='lat' dir='ltr'>munere</span> <span class='ocrx_word' id='word_1_131' title='bbox 1684 1807 1721 1872; x_wconf 86' lang='lat' dir='ltr'>ad</span> <span class='ocrx_word' id='word_1_132' title='bbox 1752 1810 1797 1871; x_wconf 66' lang='lat' dir='ltr'>iu</span> 
     </span>
    </p>

    <p class='ocr_par' dir='ltr' id='par_1_9' title="bbox 216 1882 1797 1964">
     <span class='ocr_line' id='line_1_16' title="bbox 216 1882 1797 1964; baseline 0.001 -15"><span class='ocrx_word' id='word_1_133' title='bbox 216 1883 471 1953; x_wconf 62' lang='lat' dir='ltr'>initiexiullitia</span> <span class='ocrx_word' id='word_1_134' title='bbox 491 1886 636 1964; x_wconf 89' lang='lat' dir='ltr'>impedire</span> <span class='ocrx_word' id='word_1_135' title='bbox 653 1901 815 1949; x_wconf 91' lang='lat' dir='ltr'>tenentur.</span> <span class='ocrx_word' id='word_1_136' title='bbox 834 1882 995 1948; x_wconf 87' lang='lat' dir='ltr'>Nonenim</span> <span class='ocrx_word' id='word_1_137' title='bbox 1029 1888 1252 1952; x_wconf 85' lang='lat' dir='ltr'>convenientia</span> <span class='ocrx_word' id='word_1_138' title='bbox 1275 1884 1446 1959; x_wconf 84' lang='lat' dir='ltr'>damnaque</span> <span class='ocrx_word' id='word_1_139' title='bbox 1465 1883 1593 1950; x_wconf 80' lang='lat' dir='ltr'>alterius</span> <span class='ocrx_word' id='word_1_140' title='bbox 1621 1906 1797 1962; x_wconf 77' lang='lat' dir='ltr'>praecaven·</span> 
     </span>
    </p>

    <p class='ocr_par' dir='ltr' id='par_1_10' title="bbox 219 1962 1797 2043">
     <span class='ocr_line' id='line_1_17' title="bbox 219 1962 1797 2043; baseline 0.002 -14"><span class='ocrx_word' id='word_1_141' title='bbox 219 1964 387 2043; x_wconf 81' lang='lat' dir='ltr'>impeditur</span> <span class='ocrx_word' id='word_1_142' title='bbox 403 1966 548 2031; x_wconf 87' lang='lat' dir='ltr'>damnum</span> <span class='ocrx_word' id='word_1_143' title='bbox 574 1966 762 2043; x_wconf 82' lang='lat' dir='ltr'>tripliciter,</span> <span class='ocrx_word' id='word_1_144' title='bbox 786 1981 813 2025; x_wconf 86' lang='lat' dir='ltr'>t.</span> <span class='ocrx_word' id='word_1_145' title='bbox 834 1964 996 2042; x_wconf 85' lang='lat' dir='ltr'>tacendo,</span> <span class='ocrx_word' id='word_1_146' title='bbox 1028 1966 1094 2043; x_wconf 88' lang='lat' dir='ltr'>da,·</span> <span class='ocrx_word' id='word_1_147' title='bbox 1123 1988 1162 2031; x_wconf 78' lang='lat' dir='ltr'>ao</span> <span class='ocrx_word' id='word_1_148' title='bbox 1182 1963 1307 2037; x_wconf 90' lang='lat' dir='ltr'>proinde</span> <span class='ocrx_word' id='word_1_149' title='bbox 1330 1962 1351 2025; x_wconf 78' lang='lat' dir='ltr'>si</span> <span class='ocrx_word' id='word_1_150' title='bbox 1380 1962 1454 2029; x_wconf 92' lang='lat' dir='ltr'>dum</span> <span class='ocrx_word' id='word_1_151' title='bbox 1476 1962 1592 2039; x_wconf 79' lang='lat' dir='ltr'>possint</span> <span class='ocrx_word' id='word_1_152' title='bbox 1620 1984 1683 2029; x_wconf 92' lang='lat' dir='ltr'>non</span> <span class='ocrx_word' id='word_1_153' title='bbox 1700 1969 1797 2042; x_wconf 83' lang='lat' dir='ltr'>impe·</span> 
     </span>
    </p>

    <p class='ocr_par' dir='ltr' id='par_1_11' title="bbox 218 2041 1798 2124">
     <span class='ocr_line' id='line_1_18' title="bbox 218 2041 1798 2124; baseline 0.002 -17"><span class='ocrx_word' id='word_1_154' title='bbox 218 2062 335 2123; x_wconf 84' lang='lat' dir='ltr'>oempe</span> <span class='ocrx_word' id='word_1_155' title='bbox 350 2065 413 2109; x_wconf 91' lang='lat' dir='ltr'>non</span> <span class='ocrx_word' id='word_1_156' title='bbox 442 2045 690 2123; x_wconf 89' lang='lat' dir='ltr'>reprehendendo</span> <span class='ocrx_word' id='word_1_157' title='bbox 712 2092 721 2122; x_wconf 93' lang='lat'>,</span> <span class='ocrx_word' id='word_1_158' title='bbox 752 2062 816 2108; x_wconf 90' lang='lat' dir='ltr'>non</span> <span class='ocrx_word' id='word_1_159' title='bbox 835 2041 993 2118; x_wconf 87' lang='lat' dir='ltr'>prohiben·</span> <span class='ocrx_word' id='word_1_160' title='bbox 1028 2049 1135 2124; x_wconf 88' lang='lat' dir='ltr'>diant,</span> <span class='ocrx_word' id='word_1_161' title='bbox 1152 2044 1190 2110; x_wconf 80' lang='lat' dir='ltr'>ad</span> <span class='ocrx_word' id='word_1_162' title='bbox 1213 2042 1439 2110; x_wconf 80' lang='lat' dir='ltr'>restitutionem</span> <span class='ocrx_word' id='word_1_163' title='bbox 1459 2059 1629 2122; x_wconf 90' lang='lat' dir='ltr'>tenentur,</span> <span class='ocrx_word' id='word_1_164' title='bbox 1647 2047 1798 2121; x_wconf 86' lang='lat' dir='ltr'>quiacen·</span> 
     </span>
    </p>

    <p class='ocr_par' dir='ltr' id='par_1_12' title="bbox 218 2119 1760 2200">
     <span class='ocr_line' id='line_1_19' title="bbox 218 2119 1760 2200; baseline 0 -12"><span class='ocrx_word' id='word_1_165' title='bbox 218 2122 287 2200; x_wconf 79' lang='lat' dir='ltr'>do,</span> <span class='ocrx_word' id='word_1_166' title='bbox 305 2144 369 2188; x_wconf 90' lang='lat' dir='ltr'>non</span> <span class='ocrx_word' id='word_1_167' title='bbox 383 2124 566 2188; x_wconf 87' lang='lat' dir='ltr'>clamando.</span> <span class='ocrx_word' id='word_1_168' title='bbox 583 2143 612 2186; x_wconf 67' lang='grc' dir='ltr'>κ.</span> <span class='ocrx_word' id='word_1_169' title='bbox 642 2124 717 2187; x_wconf 90' lang='lat' dir='ltr'>Non</span> <span class='ocrx_word' id='word_1_170' title='bbox 737 2119 901 2199; x_wconf 88' lang='lat' dir='ltr'>obllando,</span> <span class='ocrx_word' id='word_1_171' title='bbox 921 2121 993 2189; x_wconf 88' lang='lat' dir='ltr'>idest</span> <span class='ocrx_word' id='word_1_172' title='bbox 1028 2127 1137 2190; x_wconf 89' lang='lat' dir='ltr'>lentur</span> <span class='ocrx_word' id='word_1_173' title='bbox 1152 2124 1261 2192; x_wconf 84' lang='lat' dir='ltr'>caullae</span> <span class='ocrx_word' id='word_1_174' title='bbox 1281 2123 1430 2200; x_wconf 82' lang='lat' dir='ltr'>morales,</span> <span class='ocrx_word' id='word_1_175' title='bbox 1446 2121 1479 2188; x_wconf 85' lang='lat' dir='ltr'>dt</span> <span class='ocrx_word' id='word_1_176' title='bbox 1500 2123 1619 2191; x_wconf 82' lang='lat' dir='ltr'>iniullae</span> <span class='ocrx_word' id='word_1_177' title='bbox 1632 2123 1760 2190; x_wconf 86' lang='lat' dir='ltr'>damni.</span> 
     </span>
    </p>

    <p class='ocr_par' dir='ltr' id='par_1_13' title="bbox 220 2201 1936 2283">
     <span class='ocr_line' id='line_1_20' title="bbox 220 2201 1936 2283; baseline 0.001 -16"><span class='ocrx_word' id='word_1_178' title='bbox 220 2204 400 2269; x_wconf 64' lang='lat' dir='ltr'>«timendo</span> <span class='ocrx_word' id='word_1_179' title='bbox 415 2202 593 2282; x_wconf 76' lang='lat' dir='ltr'>subsidium,</span> <span class='ocrx_word' id='word_1_180' title='bbox 610 2203 777 2268; x_wconf 85' lang='lat' dir='ltr'>custodiam</span> <span class='ocrx_word' id='word_1_181' title='bbox 795 2250 804 2278; x_wconf 95' lang='lat'>,</span> <span class='ocrx_word' id='word_1_182' title='bbox 825 2204 993 2283; x_wconf 85' lang='lat' dir='ltr'>auxilium,</span> <span class='ocrx_word' id='word_1_183' title='bbox 1068 2203 1269 2270; x_wconf 85' lang='lat' dir='ltr'>Restitutioni</span> <span class='ocrx_word' id='word_1_184' title='bbox 1290 2223 1329 2268; x_wconf 84' lang='lat' dir='ltr'>ex</span> <span class='ocrx_word' id='word_1_185' title='bbox 1344 2202 1449 2266; x_wconf 87' lang='lat' dir='ltr'>eadem</span> <span class='ocrx_word' id='word_1_186' title='bbox 1466 2205 1587 2267; x_wconf 87' lang='lat' dir='ltr'>tatione</span> <span class='ocrx_word' id='word_1_187' title='bbox 1607 2204 1688 2272; x_wconf 86' lang='lat' dir='ltr'>fiunt</span> <span class='ocrx_word' id='word_1_188' title='bbox 1715 2206 1796 2281; x_wconf 83' lang='lat' dir='ltr'>ptri·</span> <span class='ocrx_word' id='word_1_189' title='bbox 1808 2201 1936 2279; x_wconf 53' lang='lat'>9⁸⁰²&amp;</span> 
     </span>
    </p>

    <p class='ocr_par' dir='ltr' id='par_1_14' title="bbox 223 2268 1915 2383">
     <span class='ocr_line' id='line_1_21' title="bbox 223 2268 1915 2383; baseline -0.002 -38"><span class='ocrx_word' id='word_1_190' title='bbox 223 2280 279 2346; x_wconf 81' lang='lat' dir='ltr'>vel</span> <span class='ocrx_word' id='word_1_191' title='bbox 304 2302 427 2359; x_wconf 86' lang='lat' dir='ltr'>operam</span> <span class='ocrx_word' id='word_1_192' title='bbox 453 2283 490 2346; x_wconf 87' lang='lat' dir='ltr'>ad</span> <span class='ocrx_word' id='word_1_193' title='bbox 517 2286 558 2347; x_wconf 90' lang='lat' dir='ltr'>im</span> <span class='ocrx_word' id='word_1_194' title='bbox 596 2282 737 2347; x_wconf 89' lang='lat' dir='ltr'>diendum</span> <span class='ocrx_word' id='word_1_195' title='bbox 760 2283 933 2347; x_wconf 90' lang='lat' dir='ltr'>damnum.</span> <span class='ocrx_word' id='word_1_196' title='bbox 962 2299 988 2363; x_wconf 86' lang='lat'>3.</span> <span class='ocrx_word' id='word_1_197' title='bbox 1030 2304 1076 2349; x_wconf 89' lang='lat' dir='ltr'>ter</span> <span class='ocrx_word' id='word_1_198' title='bbox 1103 2285 1227 2350; x_wconf 85' lang='lat' dir='ltr'>obnoxii</span> <span class='ocrx_word' id='word_1_199' title='bbox 1255 2278 1388 2359; x_wconf 87' lang='lat' dir='ltr'>famuli,</span> <span class='ocrx_word' id='word_1_200' title='bbox 1421 2281 1575 2348; x_wconf 83' lang='lat' dir='ltr'>domestici</span> <span class='ocrx_word' id='word_1_201' title='bbox 1649 2284 1768 2353; x_wconf 78' lang='lat' dir='ltr'>aneillae</span> <span class='ocrx_word' id='word_1_202' title='bbox 1785 2332 1794 2365; x_wconf 94' lang='lat'>,</span> <span class='ocrx_word' id='word_1_203' title='bbox 1811 2268 1915 2383; x_wconf 56' lang='grc' dir='ltr'>Ἣ</span> 
     </span>
    </p>

    <p class='ocr_par' dir='ltr' id='par_1_15' title="bbox 218 2330 1933 2455">
     <span class='ocr_line' id='line_1_22' title="bbox 218 2330 1933 2453; baseline 0.003 -28"><span class='ocrx_word' id='word_1_204' title='bbox 218 2359 302 2426; x_wconf 75' lang='lat' dir='ltr'>&#39;Non</span> <span class='ocrx_word' id='word_1_205' title='bbox 315 2358 533 2430; x_wconf 76' lang='lat' dir='ltr'>manifestando</span> <span class='ocrx_word' id='word_1_206' title='bbox 571 2362 831 2427; x_wconf 82' lang='lat' dir='ltr'>arnoificationem</span> <span class='ocrx_word' id='word_1_207' title='bbox 849 2363 993 2453; x_wconf 81' lang='lat' dir='ltr'>domino,</span> <span class='ocrx_word' id='word_1_208' title='bbox 1027 2365 1134 2443; x_wconf 74' lang='lat' dir='ltr'>quibus</span> <span class='ocrx_word' id='word_1_209' title='bbox 1162 2384 1235 2430; x_wconf 84' lang='lat' dir='ltr'>cura</span> <span class='ocrx_word' id='word_1_210' title='bbox 1263 2360 1400 2440; x_wconf 74' lang='lat' dir='ltr'>specialis</span> <span class='ocrx_word' id='word_1_211' title='bbox 1420 2410 1430 2439; x_wconf 96' lang='lat'>,</span> <span class='ocrx_word' id='word_1_212' title='bbox 1452 2361 1487 2426; x_wconf 79' lang='lat' dir='ltr'>dt</span> <span class='ocrx_word' id='word_1_213' title='bbox 1509 2330 1644 2428; x_wconf 89' lang='lat' dir='ltr'>cullodia</span> <span class='ocrx_word' id='word_1_214' title='bbox 1660 2363 1765 2434; x_wconf 79' lang='lat' dir='ltr'>domur</span> <span class='ocrx_word' id='word_1_215' title='bbox 1785 2334 1933 2445; x_wconf 46' lang='lat' dir='ltr'>,2¹2sspr</span> 
     </span>
    </p>

    <p class='ocr_par' dir='ltr' id='par_1_16' title="bbox 222 2436 1940 2535">
     <span class='ocr_line' id='line_1_23' title="bbox 222 2436 1940 2535; baseline 0.002 -31"><span class='ocrx_word' id='word_1_216' title='bbox 222 2436 291 2512; x_wconf 79' lang='lat' dir='ltr'>sive</span> <span class='ocrx_word' id='word_1_217' title='bbox 310 2458 384 2506; x_wconf 85' lang='lat' dir='ltr'>ante</span> <span class='ocrx_word' id='word_1_218' title='bbox 403 2463 442 2507; x_wconf 91' lang='lat' dir='ltr'>ne</span> <span class='ocrx_word' id='word_1_219' title='bbox 462 2440 539 2522; x_wconf 83' lang='lat' dir='ltr'>fiat,</span> <span class='ocrx_word' id='word_1_220' title='bbox 556 2443 620 2508; x_wconf 79' lang='lat' dir='ltr'>sive</span> <span class='ocrx_word' id='word_1_221' title='bbox 640 2441 705 2521; x_wconf 89' lang='lat' dir='ltr'>post</span> <span class='ocrx_word' id='word_1_222' title='bbox 726 2442 870 2507; x_wconf 88' lang='lat' dir='ltr'>damnum</span> <span class='ocrx_word' id='word_1_223' title='bbox 880 2437 991 2507; x_wconf 76' lang='lat' dir='ltr'>salium</span> <span class='ocrx_word' id='word_1_224' title='bbox 1028 2463 1082 2510; x_wconf 91' lang='lat' dir='ltr'>aut</span> <span class='ocrx_word' id='word_1_225' title='bbox 1104 2448 1147 2508; x_wconf 85' lang='lat' dir='ltr'>tei</span> <span class='ocrx_word' id='word_1_226' title='bbox 1166 2442 1323 2535; x_wconf 64' lang='lat' dir='ltr'>familiaria</span> <span class='ocrx_word' id='word_1_227' title='bbox 1338 2441 1515 2507; x_wconf 79' lang='lat' dir='ltr'>concredita</span> <span class='ocrx_word' id='word_1_228' title='bbox 1535 2440 1598 2520; x_wconf 88' lang='lat' dir='ltr'>est,</span> <span class='ocrx_word' id='word_1_229' title='bbox 1617 2441 1637 2505; x_wconf 86' lang='lat' dir='ltr'>st</span> <span class='ocrx_word' id='word_1_230' title='bbox 1658 2464 1720 2509; x_wconf 89' lang='lat' dir='ltr'>non</span> <span class='ocrx_word' id='word_1_231' title='bbox 1736 2449 1793 2510; x_wconf 87' lang='lat' dir='ltr'>ina·</span> <span class='ocrx_word' id='word_1_232' title='bbox 1809 2457 1940 2523; x_wconf 59' lang='lat' dir='ltr'>mumi-</span> 
     </span>
    </p>

    <p class='ocr_par' dir='ltr' id='par_1_17' title="bbox 219 2516 1985 2601">
     <span class='ocr_line' id='line_1_24' title="bbox 219 2516 1985 2601; baseline 0.002 -16"><span class='ocrx_word' id='word_1_233' title='bbox 219 2537 260 2585; x_wconf 86' lang='lat' dir='ltr'>ut</span> <span class='ocrx_word' id='word_1_234' title='bbox 277 2520 524 2600; x_wconf 85' lang='lat' dir='ltr'>resarciatur,&amp;</span> <span class='ocrx_word' id='word_1_235' title='bbox 543 2526 639 2588; x_wconf 87' lang='lat' dir='ltr'>etiam</span> <span class='ocrx_word' id='word_1_236' title='bbox 654 2543 716 2587; x_wconf 93' lang='lat' dir='ltr'>non</span> <span class='ocrx_word' id='word_1_237' title='bbox 735 2520 992 2600; x_wconf 88' lang='lat' dir='ltr'>monendoipsum</span> <span class='ocrx_word' id='word_1_238' title='bbox 1027 2521 1399 2599; x_wconf 84' lang='lat' dir='ltr'>pediantsurta,alraque</span> <span class='ocrx_word' id='word_1_239' title='bbox 1417 2521 1550 2601; x_wconf 71' lang='lat' dir='ltr'>damno,</span> <span class='ocrx_word' id='word_1_240' title='bbox 1569 2542 1638 2598; x_wconf 83' lang='lat' dir='ltr'>quar</span> <span class='ocrx_word' id='word_1_241' title='bbox 1666 2516 1934 2590; x_wconf 64' lang='lat' dir='ltr'>deminutus-⁸¹·</span> <span class='ocrx_word' id='word_1_242' title='bbox 1977 2524 1985 2539; x_wconf 82' lang='grc'><em>“</em></span> 
     </span>
    </p>

    <p class='ocr_par' dir='ltr' id='par_1_18' title="bbox 219 2590 1847 2680">
     <span class='ocr_line' id='line_1_25' title="bbox 219 2590 1847 2680; baseline 0.003 -16"><span class='ocrx_word' id='word_1_243' title='bbox 219 2598 488 2665; x_wconf 71' lang='lat' dir='ltr'>damnificatorem</span> <span class='ocrx_word' id='word_1_244' title='bbox 495 2602 533 2667; x_wconf 86' lang='lat' dir='ltr'>de</span> <span class='ocrx_word' id='word_1_245' title='bbox 543 2601 593 2667; x_wconf 89' lang='lat' dir='ltr'>sua</span> <span class='ocrx_word' id='word_1_246' title='bbox 600 2602 789 2680; x_wconf 75' lang='lat' dir='ltr'>obligatione</span> <span class='ocrx_word' id='word_1_247' title='bbox 797 2598 990 2666; x_wconf 86' lang='lat' dir='ltr'>restituendi.</span> <span class='ocrx_word' id='word_1_248' title='bbox 1027 2601 1224 2680; x_wconf 87' lang='lat' dir='ltr'>inseruntur,</span> <span class='ocrx_word' id='word_1_249' title='bbox 1244 2600 1308 2667; x_wconf 81' lang='lat' dir='ltr'>slve</span> <span class='ocrx_word' id='word_1_250' title='bbox 1324 2601 1360 2665; x_wconf 92' lang='lat' dir='ltr'>ab</span> <span class='ocrx_word' id='word_1_251' title='bbox 1376 2603 1531 2665; x_wconf 77' lang='lat' dir='ltr'>extraneis</span> <span class='ocrx_word' id='word_1_252' title='bbox 1548 2598 1613 2667; x_wconf 82' lang='lat' dir='ltr'>sive</span> <span class='ocrx_word' id='word_1_253' title='bbox 1631 2623 1649 2667; x_wconf 90' lang='lat' dir='ltr'>a</span> <span class='ocrx_word' id='word_1_254' title='bbox 1678 2605 1796 2669; x_wconf 85' lang='lat' dir='ltr'>conser-</span> <span class='ocrx_word' id='word_1_255' title='bbox 1812 2590 1847 2640; x_wconf 67' lang='lat'>⁶⁰</span> 
     </span>
    </p>

    <p class='ocr_par' dir='ltr' id='par_1_19' title="bbox 261 2678 1852 2762">
     <span class='ocr_line' id='line_1_26' title="bbox 261 2678 1852 2762; baseline 0.003 -18"><span class='ocrx_word' id='word_1_256' title='bbox 261 2680 373 2744; x_wconf 74' lang='lat' dir='ltr'>Murus</span> <span class='ocrx_word' id='word_1_257' title='bbox 392 2684 515 2745; x_wconf 89' lang='lat' dir='ltr'>nomine</span> <span class='ocrx_word' id='word_1_258' title='bbox 536 2686 667 2747; x_wconf 85' lang='lat' dir='ltr'>veniunt</span> <span class='ocrx_word' id='word_1_259' title='bbox 691 2681 736 2745; x_wconf 91' lang='lat' dir='ltr'>illi</span> <span class='ocrx_word' id='word_1_260' title='bbox 755 2700 860 2746; x_wconf 87' lang='lat' dir='ltr'>omnes</span> <span class='ocrx_word' id='word_1_261' title='bbox 882 2684 990 2757; x_wconf 88' lang='lat' dir='ltr'>quita·</span> <span class='ocrx_word' id='word_1_262' title='bbox 1028 2686 1095 2760; x_wconf 82' lang='lat' dir='ltr'>vir,</span> <span class='ocrx_word' id='word_1_263' title='bbox 1115 2682 1166 2748; x_wconf 90' lang='lat' dir='ltr'>vel</span> <span class='ocrx_word' id='word_1_264' title='bbox 1181 2678 1424 2748; x_wconf 82' lang='lat' dir='ltr'>condomellicir.</span> <span class='ocrx_word' id='word_1_265' title='bbox 1443 2680 1796 2762; x_wconf 84' lang='lat' dir='ltr'>Siccommuniter.&#39;1pli</span> <span class='ocrx_word' id='word_1_266' title='bbox 1840 2684 1852 2713; x_wconf 73' lang='lat'><strong>⁹</strong></span> 
     </span>
    </p>

    <p class='ocr_par' dir='ltr' id='par_1_20' title="bbox 218 2757 1798 2839">
     <span class='ocr_line' id='line_1_27' title="bbox 218 2757 1798 2839; baseline 0.003 -15"><span class='ocrx_word' id='word_1_267' title='bbox 218 2775 400 2838; x_wconf 83' lang='lat' dir='ltr'>eent,cum</span> <span class='ocrx_word' id='word_1_268' title='bbox 415 2760 586 2839; x_wconf 88' lang='lat' dir='ltr'>loquendo,</span> <span class='ocrx_word' id='word_1_269' title='bbox 601 2760 782 2836; x_wconf 80' lang='lat' dir='ltr'>consilium,</span> <span class='ocrx_word' id='word_1_270' title='bbox 797 2776 852 2823; x_wconf 87' lang='lat' dir='ltr'>aut</span> <span class='ocrx_word' id='word_1_271' title='bbox 880 2780 989 2835; x_wconf 78' lang='lat' dir='ltr'>praece·</span> <span class='ocrx_word' id='word_1_272' title='bbox 1027 2765 1108 2826; x_wconf 89' lang='lat' dir='ltr'>enim</span> <span class='ocrx_word' id='word_1_273' title='bbox 1137 2781 1177 2825; x_wconf 81' lang='lat' dir='ltr'>ex</span> <span class='ocrx_word' id='word_1_274' title='bbox 1209 2762 1262 2824; x_wconf 89' lang='lat' dir='ltr'>suo</span> <span class='ocrx_word' id='word_1_275' title='bbox 1283 2757 1387 2823; x_wconf 85' lang='lat' dir='ltr'>officio</span> <span class='ocrx_word' id='word_1_276' title='bbox 1412 2757 1523 2822; x_wconf 82' lang='lat' dir='ltr'>idcirco</span> <span class='ocrx_word' id='word_1_277' title='bbox 1543 2780 1581 2825; x_wconf 83' lang='lat' dir='ltr'>ex</span> <span class='ocrx_word' id='word_1_278' title='bbox 1612 2760 1728 2828; x_wconf 83' lang='lat' dir='ltr'>iuilitia</span> <span class='ocrx_word' id='word_1_279' title='bbox 1750 2782 1798 2829; x_wconf 92' lang='lat' dir='ltr'>te·</span> 
     </span>
    </p>

    <p class='ocr_par' dir='ltr' id='par_1_21' title="bbox 223 2836 1797 2917">
     <span class='ocr_line' id='line_1_28' title="bbox 223 2836 1797 2917; baseline 0.001 -15"><span class='ocrx_word' id='word_1_280' title='bbox 223 2854 314 2915; x_wconf 80' lang='lat' dir='ltr'>ptum</span> <span class='ocrx_word' id='word_1_281' title='bbox 334 2836 451 2917; x_wconf 86' lang='lat' dir='ltr'>dando,</span> <span class='ocrx_word' id='word_1_282' title='bbox 470 2837 741 2917; x_wconf 83' lang='lat' dir='ltr'>reprehendendo,</span> <span class='ocrx_word' id='word_1_283' title='bbox 766 2837 987 2913; x_wconf 81' lang='lat' dir='ltr'>dissuadendo,</span> <span class='ocrx_word' id='word_1_284' title='bbox 1026 2858 1142 2906; x_wconf 84' lang='lat' dir='ltr'>nentur</span> <span class='ocrx_word' id='word_1_285' title='bbox 1157 2858 1306 2917; x_wconf 87' lang='lat' dir='ltr'>quantum</span> <span class='ocrx_word' id='word_1_286' title='bbox 1327 2836 1448 2914; x_wconf 73' lang='lat' dir='ltr'>possunt</span> <span class='ocrx_word' id='word_1_287' title='bbox 1470 2840 1545 2902; x_wconf 86' lang='lat' dir='ltr'>talia</span> <span class='ocrx_word' id='word_1_288' title='bbox 1565 2839 1674 2903; x_wconf 80' lang='lat' dir='ltr'>danma</span> <span class='ocrx_word' id='word_1_289' title='bbox 1704 2844 1797 2917; x_wconf 86' lang='lat' dir='ltr'>impe·</span> 
     </span>
    </p>

    <p class='ocr_par' dir='ltr' id='par_1_22' title="bbox 226 2915 1797 2998">
     <span class='ocr_line' id='line_1_29' title="bbox 226 2915 1797 2998; baseline 0.003 -16"><span class='ocrx_word' id='word_1_290' title='bbox 226 2915 413 2993; x_wconf 77' lang='lat' dir='ltr'>probibendo</span> <span class='ocrx_word' id='word_1_291' title='bbox 433 2921 578 2996; x_wconf 89' lang='lat' dir='ltr'>impedire</span> <span class='ocrx_word' id='word_1_292' title='bbox 601 2919 718 2995; x_wconf 88' lang='lat' dir='ltr'>possent</span> <span class='ocrx_word' id='word_1_293' title='bbox 739 2939 775 2981; x_wconf 88' lang='lat' dir='ltr'>ac</span> <span class='ocrx_word' id='word_1_294' title='bbox 798 2937 839 2981; x_wconf 84' lang='lat' dir='ltr'>ex</span> <span class='ocrx_word' id='word_1_295' title='bbox 875 2915 990 2982; x_wconf 83' lang='lat' dir='ltr'>iullitia</span> <span class='ocrx_word' id='word_1_296' title='bbox 1026 2922 1108 2998; x_wconf 88' lang='lat' dir='ltr'>dire,</span> <span class='ocrx_word' id='word_1_297' title='bbox 1124 2934 1232 2998; x_wconf 85' lang='lat' dir='ltr'>utpote</span> <span class='ocrx_word' id='word_1_298' title='bbox 1253 2920 1303 2993; x_wconf 87' lang='lat' dir='ltr'>qui</span> <span class='ocrx_word' id='word_1_299' title='bbox 1321 2916 1357 2981; x_wconf 92' lang='lat' dir='ltr'>ad</span> <span class='ocrx_word' id='word_1_300' title='bbox 1378 2917 1434 2981; x_wconf 89' lang='lat' dir='ltr'>boc</span> <span class='ocrx_word' id='word_1_301' title='bbox 1461 2915 1530 2981; x_wconf 92' lang='lat' dir='ltr'>sunt</span> <span class='ocrx_word' id='word_1_302' title='bbox 1550 2916 1706 2986; x_wconf 75' lang='lat' dir='ltr'>conludii.</span> <span class='ocrx_word' id='word_1_303' title='bbox 1727 2922 1797 2988; x_wconf 86' lang='lat' dir='ltr'>Nee</span> 
     </span>
    </p>

    <p class='ocr_par' dir='ltr' id='par_1_23' title="bbox 224 2992 1796 3076">
     <span class='ocr_line' id='line_1_30' title="bbox 224 2992 1796 3076; baseline 0.003 -16"><span class='ocrx_word' id='word_1_304' title='bbox 224 3014 403 3076; x_wconf 86' lang='lat' dir='ltr'>tenentur,</span> <span class='ocrx_word' id='word_1_305' title='bbox 425 3019 465 3062; x_wconf 88' lang='lat' dir='ltr'>ne</span> <span class='ocrx_word' id='word_1_306' title='bbox 480 3002 545 3075; x_wconf 78' lang='lat' dir='ltr'>quis</span> <span class='ocrx_word' id='word_1_307' title='bbox 564 2996 709 3063; x_wconf 89' lang='lat' dir='ltr'>damnum</span> <span class='ocrx_word' id='word_1_308' title='bbox 729 2996 823 3062; x_wconf 89' lang='lat' dir='ltr'>alicui</span> <span class='ocrx_word' id='word_1_309' title='bbox 852 2992 989 3062; x_wconf 83' lang='lat' dir='ltr'>instrat.</span> <span class='ocrx_word' id='word_1_310' title='bbox 1027 3000 1122 3065; x_wconf 88' lang='lat' dir='ltr'>solum</span> <span class='ocrx_word' id='word_1_311' title='bbox 1160 3020 1236 3064; x_wconf 83' lang='lat' dir='ltr'>onus</span> <span class='ocrx_word' id='word_1_312' title='bbox 1257 2994 1444 3074; x_wconf 87' lang='lat' dir='ltr'>huiusmodi,</span> <span class='ocrx_word' id='word_1_313' title='bbox 1461 2996 1534 3061; x_wconf 87' lang='lat' dir='ltr'>idell</span> <span class='ocrx_word' id='word_1_314' title='bbox 1555 2995 1732 3074; x_wconf 88' lang='lat' dir='ltr'>impediendi</span> <span class='ocrx_word' id='word_1_315' title='bbox 1741 3001 1796 3066; x_wconf 90' lang='lat' dir='ltr'>do·</span> 
     </span>
    </p>

    <p class='ocr_par' dir='ltr' id='par_1_24' title="bbox 223 3049 1795 3162">
     <span class='ocr_line' id='line_1_31' title="bbox 223 3049 1795 3162; baseline 0.003 -22"><span class='ocrx_word' id='word_1_316' title='bbox 223 3075 300 3140; x_wconf 82' lang='lat' dir='ltr'>Dixi</span> <span class='ocrx_word' id='word_1_317' title='bbox 315 3098 350 3142; x_wconf 76' lang='grc' dir='ltr'>ιι</span> <span class='ocrx_word' id='word_1_318' title='bbox 367 3097 406 3141; x_wconf 78' lang='lat' dir='ltr'>ex</span> <span class='ocrx_word' id='word_1_319' title='bbox 424 3079 535 3162; x_wconf 75' lang='lat' dir='ltr'>iustitia</span> <span class='ocrx_word' id='word_1_320' title='bbox 554 3090 693 3143; x_wconf 72' lang='lat' dir='ltr'>terrentur</span> <span class='ocrx_word' id='word_1_321' title='bbox 708 3076 780 3141; x_wconf 87' lang='lat' dir='ltr'>idest</span> <span class='ocrx_word' id='word_1_322' title='bbox 800 3075 993 3142; x_wconf 88' lang='lat' dir='ltr'>rationeoffi·</span> <span class='ocrx_word' id='word_1_323' title='bbox 1027 3083 1102 3143; x_wconf 90' lang='lat' dir='ltr'>mini</span> <span class='ocrx_word' id='word_1_324' title='bbox 1122 3049 1166 3143; x_wconf 82' lang='lat' dir='ltr'>sbi</span> <span class='ocrx_word' id='word_1_325' title='bbox 1185 3075 1347 3143; x_wconf 88' lang='lat' dir='ltr'>damna&amp;</span> <span class='ocrx_word' id='word_1_326' title='bbox 1367 3073 1564 3159; x_wconf 73' lang='lat' dir='ltr'>sincgligant</span> <span class='ocrx_word' id='word_1_327' title='bbox 1580 3077 1738 3144; x_wconf 86' lang='lat' dir='ltr'>dominum</span> <span class='ocrx_word' id='word_1_328' title='bbox 1756 3081 1795 3145; x_wconf 85' lang='lat' dir='ltr'>de</span> 
     </span>
    </p>

    <p class='ocr_par' dir='ltr' id='par_1_25' title="bbox 219 3153 1798 3236">
     <span class='ocr_line' id='line_1_32' title="bbox 219 3153 1798 3236; baseline 0.002 -16"><span class='ocrx_word' id='word_1_329' title='bbox 219 3159 262 3220; x_wconf 85' lang='lat' dir='ltr'>eii</span> <span class='ocrx_word' id='word_1_330' title='bbox 277 3203 286 3232; x_wconf 91' lang='lat'>,</span> <span class='ocrx_word' id='word_1_331' title='bbox 301 3159 453 3234; x_wconf 85' lang='lat' dir='ltr'>muneris,</span> <span class='ocrx_word' id='word_1_332' title='bbox 469 3158 544 3235; x_wconf 70' lang='lat' dir='ltr'>patli</span> <span class='ocrx_word' id='word_1_333' title='bbox 559 3207 569 3236; x_wconf 94' lang='lat'>,</span> <span class='ocrx_word' id='word_1_334' title='bbox 586 3155 780 3224; x_wconf 75' lang='lat' dir='ltr'>contrallus.</span> <span class='ocrx_word' id='word_1_335' title='bbox 798 3157 837 3221; x_wconf 86' lang='lat' dir='ltr'>Et</span> <span class='ocrx_word' id='word_1_336' title='bbox 866 3156 896 3219; x_wconf 91' lang='lat' dir='ltr'>hi</span> <span class='ocrx_word' id='word_1_337' title='bbox 929 3177 991 3221; x_wconf 93' lang='lat' dir='ltr'>non</span> <span class='ocrx_word' id='word_1_338' title='bbox 1025 3161 1135 3224; x_wconf 87' lang='lat' dir='ltr'>damno</span> <span class='ocrx_word' id='word_1_339' title='bbox 1149 3155 1358 3236; x_wconf 86' lang='lat' dir='ltr'>compensandi</span> <span class='ocrx_word' id='word_1_340' title='bbox 1379 3153 1526 3221; x_wconf 85' lang='lat' dir='ltr'>incumbit</span> <span class='ocrx_word' id='word_1_341' title='bbox 1539 3153 1679 3233; x_wconf 76' lang='lat' dir='ltr'>famulis,</span> <span class='ocrx_word' id='word_1_342' title='bbox 1698 3157 1798 3225; x_wconf 83' lang='lat' dir='ltr'>&amp;an-</span> 
     </span>
    </p>

    <p class='ocr_par' dir='ltr' id='par_1_26' title="bbox 217 3233 1797 3316">
     <span class='ocr_line' id='line_1_33' title="bbox 217 3233 1797 3316; baseline 0.004 -16"><span class='ocrx_word' id='word_1_343' title='bbox 217 3235 412 3312; x_wconf 78' lang='lat' dir='ltr'>itopedicndo</span> <span class='ocrx_word' id='word_1_344' title='bbox 432 3239 532 3315; x_wconf 85' lang='lat' dir='ltr'>aliquo</span> <span class='ocrx_word' id='word_1_345' title='bbox 550 3260 591 3301; x_wconf 84' lang='lat' dir='ltr'>ex</span> <span class='ocrx_word' id='word_1_346' title='bbox 605 3239 709 3302; x_wconf 81' lang='lat' dir='ltr'>allatis</span> <span class='ocrx_word' id='word_1_347' title='bbox 727 3235 823 3303; x_wconf 81' lang='lat' dir='ltr'>modis</span> <span class='ocrx_word' id='word_1_348' title='bbox 844 3253 990 3300; x_wconf 88' lang='lat' dir='ltr'>tenentur</span> <span class='ocrx_word' id='word_1_349' title='bbox 1025 3239 1103 3305; x_wconf 78' lang='lat' dir='ltr'>cillir</span> <span class='ocrx_word' id='word_1_350' title='bbox 1127 3239 1234 3316; x_wconf 81' lang='lat' dir='ltr'>quibus</span> <span class='ocrx_word' id='word_1_351' title='bbox 1260 3239 1303 3300; x_wconf 90' lang='lat' dir='ltr'>tei</span> <span class='ocrx_word' id='word_1_352' title='bbox 1332 3233 1503 3301; x_wconf 79' lang='lat' dir='ltr'>domeslicae</span> <span class='ocrx_word' id='word_1_353' title='bbox 1527 3256 1600 3301; x_wconf 87' lang='lat' dir='ltr'>cura</span> <span class='ocrx_word' id='word_1_354' title='bbox 1627 3235 1797 3313; x_wconf 84' lang='lat' dir='ltr'>specialiter</span> 
     </span>
    </p>

    <p class='ocr_par' dir='ltr' id='par_1_27' title="bbox 216 3311 1795 3397">
     <span class='ocr_line' id='line_1_34' title="bbox 216 3311 1795 3397; baseline 0.002 -18"><span class='ocrx_word' id='word_1_355' title='bbox 216 3313 258 3379; x_wconf 72' lang='lat' dir='ltr'>ad</span> <span class='ocrx_word' id='word_1_356' title='bbox 273 3315 515 3394; x_wconf 75' lang='lat' dir='ltr'>restitutionem,</span> <span class='ocrx_word' id='word_1_357' title='bbox 534 3317 698 3383; x_wconf 89' lang='lat' dir='ltr'>dummodo</span> <span class='ocrx_word' id='word_1_358' title='bbox 709 3334 814 3383; x_wconf 85' lang='lat' dir='ltr'>tamen</span> <span class='ocrx_word' id='word_1_359' title='bbox 824 3314 919 3393; x_wconf 90' lang='lat' dir='ltr'>reipsa</span> <span class='ocrx_word' id='word_1_360' title='bbox 929 3335 992 3379; x_wconf 88' lang='lat' dir='ltr'>non</span> <span class='ocrx_word' id='word_1_361' title='bbox 1025 3318 1180 3385; x_wconf 86' lang='lat' dir='ltr'>commissa</span> <span class='ocrx_word' id='word_1_362' title='bbox 1196 3316 1259 3397; x_wconf 85' lang='lat' dir='ltr'>est,</span> <span class='ocrx_word' id='word_1_363' title='bbox 1284 3314 1331 3380; x_wconf 88' lang='lat' dir='ltr'>sed</span> <span class='ocrx_word' id='word_1_364' title='bbox 1356 3315 1425 3382; x_wconf 73' lang='lat' dir='ltr'>aliie</span> <span class='ocrx_word' id='word_1_365' title='bbox 1446 3336 1563 3393; x_wconf 86' lang='lat' dir='ltr'>quoque</span> <span class='ocrx_word' id='word_1_366' title='bbox 1592 3311 1713 3381; x_wconf 83' lang='lat' dir='ltr'>famulis</span> <span class='ocrx_word' id='word_1_367' title='bbox 1729 3315 1795 3387; x_wconf 77' lang='lat' dir='ltr'>dcc.</span> 
     </span>
    </p>

    <p class='ocr_par' dir='ltr' id='par_1_28' title="bbox 222 3393 1797 3477">
     <span class='ocr_line' id='line_1_35' title="bbox 222 3393 1797 3477; baseline 0.003 -20"><span class='ocrx_word' id='word_1_368' title='bbox 222 3395 415 3470; x_wconf 73' lang='lat' dir='ltr'>hppedierint</span> <span class='ocrx_word' id='word_1_369' title='bbox 436 3395 488 3460; x_wconf 90' lang='lat' dir='ltr'>seu</span> <span class='ocrx_word' id='word_1_370' title='bbox 508 3419 562 3475; x_wconf 89' lang='lat' dir='ltr'>pro</span> <span class='ocrx_word' id='word_1_371' title='bbox 581 3398 697 3462; x_wconf 79' lang='lat' dir='ltr'>viribus</span> <span class='ocrx_word' id='word_1_372' title='bbox 714 3398 990 3474; x_wconf 87' lang='lat' dir='ltr'>impedirenoncu·</span> <span class='ocrx_word' id='word_1_373' title='bbox 1025 3398 1133 3477; x_wconf 75' lang='lat' dir='ltr'>quibus</span> <span class='ocrx_word' id='word_1_374' title='bbox 1149 3398 1221 3463; x_wconf 75' lang='lat' dir='ltr'>talis</span> <span class='ocrx_word' id='word_1_375' title='bbox 1242 3393 1377 3460; x_wconf 81' lang='lat' dir='ltr'>custodia</span> <span class='ocrx_word' id='word_1_376' title='bbox 1395 3416 1457 3461; x_wconf 87' lang='lat' dir='ltr'>non</span> <span class='ocrx_word' id='word_1_377' title='bbox 1475 3393 1518 3460; x_wconf 85' lang='lat' dir='ltr'>ell</span> <span class='ocrx_word' id='word_1_378' title='bbox 1545 3394 1729 3464; x_wconf 84' lang='lat' dir='ltr'>demandata</span> <span class='ocrx_word' id='word_1_379' title='bbox 1750 3399 1797 3462; x_wconf 90' lang='lat' dir='ltr'>se·</span> 
     </span>
    </p>

    <p class='ocr_par' dir='ltr' id='par_1_29' title="bbox 219 3471 1796 3556">
     <span class='ocr_line' id='line_1_36' title="bbox 219 3471 1796 3556; baseline 0.004 -19"><span class='ocrx_word' id='word_1_380' title='bbox 219 3477 359 3538; x_wconf 82' lang='lat' dir='ltr'>raverint</span> <span class='ocrx_word' id='word_1_381' title='bbox 376 3473 605 3554; x_wconf 88' lang='lat' dir='ltr'>damnumquod</span> <span class='ocrx_word' id='word_1_382' title='bbox 616 3478 752 3541; x_wconf 91' lang='lat' dir='ltr'>secutum</span> <span class='ocrx_word' id='word_1_383' title='bbox 772 3476 836 3554; x_wconf 87' lang='lat' dir='ltr'>ell,</span> <span class='ocrx_word' id='word_1_384' title='bbox 852 3471 990 3541; x_wconf 86' lang='lat' dir='ltr'>&amp;ratio-</span> <span class='ocrx_word' id='word_1_385' title='bbox 1025 3479 1159 3543; x_wconf 87' lang='lat' dir='ltr'>cundum</span> <span class='ocrx_word' id='word_1_386' title='bbox 1184 3475 1413 3554; x_wconf 85' lang='lat' dir='ltr'>probabiliorem</span> <span class='ocrx_word' id='word_1_387' title='bbox 1431 3494 1523 3553; x_wconf 86' lang='lat' dir='ltr'>quam</span> <span class='ocrx_word' id='word_1_388' title='bbox 1544 3491 1654 3540; x_wconf 88' lang='lat' dir='ltr'>tenent</span> <span class='ocrx_word' id='word_1_389' title='bbox 1681 3478 1796 3556; x_wconf 67' lang='lat'>[1150.</span> 
     </span>
    </p>

    <p class='ocr_par' dir='ltr' id='par_1_30' title="bbox 218 3552 1795 3635">
     <span class='ocr_line' id='line_1_37' title="bbox 218 3552 1795 3635; baseline 0.004 -19"><span class='ocrx_word' id='word_1_390' title='bbox 218 3552 366 3618; x_wconf 79' lang='lat' dir='ltr'>nobiliter</span> <span class='ocrx_word' id='word_1_391' title='bbox 385 3558 530 3631; x_wconf 88' lang='lat' dir='ltr'>impedire</span> <span class='ocrx_word' id='word_1_392' title='bbox 562 3559 747 3633; x_wconf 85' lang='lat' dir='ltr'>potuerint.</span> <span class='ocrx_word' id='word_1_393' title='bbox 773 3555 812 3618; x_wconf 90' lang='lat' dir='ltr'>In</span> <span class='ocrx_word' id='word_1_394' title='bbox 826 3554 991 3620; x_wconf 79' lang='lat' dir='ltr'>moralibus</span> <span class='ocrx_word' id='word_1_395' title='bbox 1027 3559 1214 3635; x_wconf 81' lang='lat' dir='ltr'>Navarrur,</span> <span class='ocrx_word' id='word_1_396' title='bbox 1238 3558 1330 3620; x_wconf 72' lang='lat' dir='ltr'>Aaou</span> <span class='ocrx_word' id='word_1_397' title='bbox 1351 3601 1360 3632; x_wconf 90' lang='lat'><strong>‚</strong></span> <span class='ocrx_word' id='word_1_398' title='bbox 1381 3554 1525 3631; x_wconf 71' lang='lat' dir='ltr'>Bonae,</span> <span class='ocrx_word' id='word_1_399' title='bbox 1552 3553 1700 3634; x_wconf 59' lang='lat' dir='ltr'>bienno,</span> <span class='ocrx_word' id='word_1_400' title='bbox 1723 3577 1795 3622; x_wconf 85' lang='lat' dir='ltr'>cum</span> 
     </span>
    </p>

    <p class='ocr_par' dir='ltr' id='par_1_31' title="bbox 217 3629 1796 3713">
     <span class='ocr_line' id='line_1_38' title="bbox 217 3629 1796 3713; baseline 0.003 -18"><span class='ocrx_word' id='word_1_401' title='bbox 217 3637 324 3711; x_wconf 81' lang='lat' dir='ltr'>enim,</span> <span class='ocrx_word' id='word_1_402' title='bbox 345 3636 369 3696; x_wconf 83' lang='lat' dir='ltr'>it</span> <span class='ocrx_word' id='word_1_403' title='bbox 416 3633 741 3713; x_wconf 88' lang='lat' dir='ltr'>uipotesl,&amp;debet</span> <span class='ocrx_word' id='word_1_404' title='bbox 763 3634 878 3698; x_wconf 87' lang='lat' dir='ltr'>malum</span> <span class='ocrx_word' id='word_1_405' title='bbox 898 3637 991 3709; x_wconf 90' lang='lat' dir='ltr'>impe·</span> <span class='ocrx_word' id='word_1_406' title='bbox 1028 3639 1120 3702; x_wconf 75' lang='lat' dir='ltr'>aliis.</span> <span class='ocrx_word' id='word_1_407' title='bbox 1143 3632 1387 3712; x_wconf 84' lang='lat' dir='ltr'>Nameoipso,</span> <span class='ocrx_word' id='word_1_408' title='bbox 1408 3653 1468 3709; x_wconf 84' lang='lat' dir='ltr'>quo</span> <span class='ocrx_word' id='word_1_409' title='bbox 1496 3636 1527 3696; x_wconf 94' lang='lat' dir='ltr'>in</span> <span class='ocrx_word' id='word_1_410' title='bbox 1547 3629 1796 3699; x_wconf 87' lang='lat' dir='ltr'>famulatumre·</span> 
     </span>
    </p>

    <p class='ocr_par' dir='ltr' id='par_1_32' title="bbox 219 3655 1794 3804">
     <span class='ocr_line' id='line_1_39' title="bbox 219 3655 1794 3804; baseline 0.003 -30"><span class='ocrx_word' id='word_1_411' title='bbox 219 3709 306 3787; x_wconf 85' lang='lat' dir='ltr'>dire,</span> <span class='ocrx_word' id='word_1_412' title='bbox 328 3655 428 3788; x_wconf 80' lang='lat' dir='ltr'>fiiplo</span> <span class='ocrx_word' id='word_1_413' title='bbox 444 3733 508 3776; x_wconf 92' lang='lat' dir='ltr'>non</span> <span class='ocrx_word' id='word_1_414' title='bbox 529 3716 714 3790; x_wconf 77' lang='lat' dir='ltr'>impediente</span> <span class='ocrx_word' id='word_1_415' title='bbox 737 3718 890 3789; x_wconf 89' lang='lat' dir='ltr'>evenerit,</span> <span class='ocrx_word' id='word_1_416' title='bbox 912 3713 992 3779; x_wconf 79' lang='lat' dir='ltr'>illius</span> <span class='ocrx_word' id='word_1_417' title='bbox 1026 3719 1205 3793; x_wconf 88' lang='lat' dir='ltr'>cipiuntur,</span> <span class='ocrx_word' id='word_1_418' title='bbox 1227 3713 1353 3792; x_wconf 75' lang='lat' dir='ltr'>obligati</span> <span class='ocrx_word' id='word_1_419' title='bbox 1383 3710 1543 3804; x_wconf 81' lang='lat' dir='ltr'>censentur</span> <span class='ocrx_word' id='word_1_420' title='bbox 1571 3711 1608 3775; x_wconf 87' lang='lat' dir='ltr'>ad</span> <span class='ocrx_word' id='word_1_421' title='bbox 1629 3732 1674 3776; x_wconf 78' lang='lat' dir='ltr'>ree</span> <span class='ocrx_word' id='word_1_422' title='bbox 1694 3715 1794 3779; x_wconf 91' lang='lat' dir='ltr'>domi·</span> 
     </span>
    </p>

    <p class='ocr_par' dir='ltr' id='par_1_33' title="bbox 217 3789 1796 3870">
     <span class='ocr_line' id='line_1_40' title="bbox 217 3789 1796 3870; baseline 0.002 -14"><span class='ocrx_word' id='word_1_423' title='bbox 217 3791 322 3856; x_wconf 66' lang='lat' dir='ltr'>mussa</span> <span class='ocrx_word' id='word_1_424' title='bbox 342 3789 486 3854; x_wconf 89' lang='lat' dir='ltr'>censetur</span> <span class='ocrx_word' id='word_1_425' title='bbox 505 3789 660 3855; x_wconf 88' lang='lat' dir='ltr'>evenisse.</span> <span class='ocrx_word' id='word_1_426' title='bbox 675 3792 748 3853; x_wconf 85' lang='lat' dir='ltr'>Dixi</span> <span class='ocrx_word' id='word_1_427' title='bbox 763 3792 844 3866; x_wconf 69' lang='lat' dir='ltr'>porris</span> <span class='ocrx_word' id='word_1_428' title='bbox 857 3790 897 3858; x_wconf 70' lang='lat' dir='ltr'>sd·</span> <span class='ocrx_word' id='word_1_429' title='bbox 908 3792 991 3859; x_wconf 79' lang='lat' dir='ltr'>deber</span> <span class='ocrx_word' id='word_1_430' title='bbox 1026 3817 1134 3860; x_wconf 88' lang='lat' dir='ltr'>norum</span> <span class='ocrx_word' id='word_1_431' title='bbox 1148 3794 1186 3857; x_wconf 91' lang='lat' dir='ltr'>ab</span> <span class='ocrx_word' id='word_1_432' title='bbox 1205 3796 1322 3858; x_wconf 88' lang='lat' dir='ltr'>iniuriis</span> <span class='ocrx_word' id='word_1_433' title='bbox 1338 3813 1488 3870; x_wconf 66' lang='lat' dir='ltr'>precipue</span> <span class='ocrx_word' id='word_1_434' title='bbox 1503 3808 1723 3858; x_wconf 83' lang='lat' dir='ltr'>extraneorum</span> <span class='ocrx_word' id='word_1_435' title='bbox 1740 3794 1796 3858; x_wconf 89' lang='lat' dir='ltr'>de·</span> 
     </span>
    </p>

    <p class='ocr_par' dir='ltr' id='par_1_34' title="bbox 226 3867 1795 3950">
     <span class='ocr_line' id='line_1_41' title="bbox 226 3867 1795 3950; baseline 0.003 -18"><span class='ocrx_word' id='word_1_436' title='bbox 226 3867 353 3932; x_wconf 84' lang='lat' dir='ltr'>sienim</span> <span class='ocrx_word' id='word_1_437' title='bbox 370 3889 431 3933; x_wconf 89' lang='lat' dir='ltr'>non</span> <span class='ocrx_word' id='word_1_438' title='bbox 452 3868 540 3943; x_wconf 80' lang='lat' dir='ltr'>possit</span> <span class='ocrx_word' id='word_1_439' title='bbox 557 3869 665 3945; x_wconf 84' lang='lat' dir='ltr'>absque</span> <span class='ocrx_word' id='word_1_440' title='bbox 680 3869 809 3932; x_wconf 88' lang='lat' dir='ltr'>notabili</span> <span class='ocrx_word' id='word_1_441' title='bbox 828 3869 992 3936; x_wconf 90' lang='lat' dir='ltr'>detrimen·</span> <span class='ocrx_word' id='word_1_442' title='bbox 1026 3874 1192 3943; x_wconf 83' lang='lat' dir='ltr'>lendendas</span> <span class='ocrx_word' id='word_1_443' title='bbox 1214 3923 1222 3950; x_wconf 95' lang='lat'>,</span> <span class='ocrx_word' id='word_1_444' title='bbox 1249 3894 1284 3936; x_wconf 82' lang='lat' dir='ltr'>ac</span> <span class='ocrx_word' id='word_1_445' title='bbox 1310 3872 1543 3948; x_wconf 81' lang='lat' dir='ltr'>custodiendas„</span> <span class='ocrx_word' id='word_1_446' title='bbox 1562 3893 1632 3935; x_wconf 88' lang='lat' dir='ltr'>eum</span> <span class='ocrx_word' id='word_1_447' title='bbox 1652 3872 1795 3938; x_wconf 75' lang='lat' dir='ltr'>eonduili</span> 
     </span>
    </p>

    <p class='ocr_par' dir='ltr' id='par_1_35' title="bbox 217 3945 1795 4032">
     <span class='ocr_line' id='line_1_42' title="bbox 217 3945 1795 4032; baseline 0.004 -24"><span class='ocrx_word' id='word_1_448' title='bbox 217 3963 256 4015; x_wconf 85' lang='lat' dir='ltr'>to</span> <span class='ocrx_word' id='word_1_449' title='bbox 280 3996 290 4024; x_wconf 92' lang='lat'>,</span> <span class='ocrx_word' id='word_1_450' title='bbox 312 3945 473 4012; x_wconf 85' lang='lat' dir='ltr'>excusatur</span> <span class='ocrx_word' id='word_1_451' title='bbox 496 3967 563 4014; x_wconf 90' lang='lat' dir='ltr'>tum</span> <span class='ocrx_word' id='word_1_452' title='bbox 594 3970 611 4012; x_wconf 91' lang='lat' dir='ltr'>a</span> <span class='ocrx_word' id='word_1_453' title='bbox 640 3948 858 4025; x_wconf 86' lang='lat' dir='ltr'>restitutione,</span> <span class='ocrx_word' id='word_1_454' title='bbox 891 3966 991 4016; x_wconf 86' lang='lat' dir='ltr'>tuma</span> <span class='ocrx_word' id='word_1_455' title='bbox 1026 3956 1084 4019; x_wconf 80' lang='lat' dir='ltr'>sint</span> <span class='ocrx_word' id='word_1_456' title='bbox 1101 3954 1140 4018; x_wconf 82' lang='lat' dir='ltr'>ad</span> <span class='ocrx_word' id='word_1_457' title='bbox 1158 3953 1254 4032; x_wconf 92' lang='lat' dir='ltr'>utile,</span> <span class='ocrx_word' id='word_1_458' title='bbox 1276 3952 1311 4018; x_wconf 80' lang='grc' dir='ltr'>δι</span> <span class='ocrx_word' id='word_1_459' title='bbox 1339 3950 1529 4016; x_wconf 89' lang='lat' dir='ltr'>commodum</span> <span class='ocrx_word' id='word_1_460' title='bbox 1554 3947 1675 4015; x_wconf 90' lang='lat' dir='ltr'>suorum</span> <span class='ocrx_word' id='word_1_461' title='bbox 1700 3953 1795 4018; x_wconf 89' lang='lat' dir='ltr'>domi·</span> 
     </span>
    </p>

    <p class='ocr_par' dir='ltr' id='par_1_36' title="bbox 221 4026 1794 4107">
     <span class='ocr_line' id='line_1_43' title="bbox 221 4026 1794 4107; baseline 0.001 -15"><span class='ocrx_word' id='word_1_462' title='bbox 221 4045 372 4104; x_wconf 86' lang='lat' dir='ltr'>peccato.</span> <span class='ocrx_word' id='word_1_463' title='bbox 389 4026 420 4089; x_wconf 88' lang='lat' dir='ltr'>Si</span> <span class='ocrx_word' id='word_1_464' title='bbox 430 4044 535 4091; x_wconf 76' lang='lat' dir='ltr'>ruteni</span> <span class='ocrx_word' id='word_1_465' title='bbox 546 4028 652 4107; x_wconf 76' lang='lat' dir='ltr'>possit,</span> <span class='ocrx_word' id='word_1_466' title='bbox 673 4027 707 4094; x_wconf 76' lang='grc' dir='ltr'>ἀ</span> <span class='ocrx_word' id='word_1_467' title='bbox 724 4049 787 4092; x_wconf 95' lang='lat' dir='ltr'>non</span> <span class='ocrx_word' id='word_1_468' title='bbox 804 4046 991 4095; x_wconf 84' lang='lat' dir='ltr'>teneaturex</span> <span class='ocrx_word' id='word_1_469' title='bbox 1025 4056 1156 4099; x_wconf 88' lang='lat' dir='ltr'>norum.</span> <span class='ocrx_word' id='word_1_470' title='bbox 1177 4034 1296 4097; x_wconf 75' lang='lat' dir='ltr'>Omnes</span> <span class='ocrx_word' id='word_1_471' title='bbox 1319 4035 1403 4095; x_wconf 86' lang='lat' dir='ltr'>enim</span> <span class='ocrx_word' id='word_1_472' title='bbox 1434 4030 1508 4096; x_wconf 82' lang='lat' dir='ltr'>haeri</span> <span class='ocrx_word' id='word_1_473' title='bbox 1540 4027 1690 4094; x_wconf 75' lang='lat' dir='ltr'>&#39;famulum</span> <span class='ocrx_word' id='word_1_474' title='bbox 1714 4035 1794 4098; x_wconf 87' lang='lat' dir='ltr'>acci·</span> 
     </span>
    </p>

    <p class='ocr_par' dir='ltr' id='par_1_37' title="bbox 220 4105 1795 4192">
     <span class='ocr_line' id='line_1_44' title="bbox 220 4105 1795 4192; baseline 0.005 -24"><span class='ocrx_word' id='word_1_475' title='bbox 220 4105 364 4182; x_wconf 83' lang='lat' dir='ltr'>iustitia,</span> <span class='ocrx_word' id='word_1_476' title='bbox 382 4105 544 4172; x_wconf 83' lang='lat' dir='ltr'>excusatur</span> <span class='ocrx_word' id='word_1_477' title='bbox 560 4130 579 4174; x_wconf 93' lang='lat' dir='ltr'>a</span> <span class='ocrx_word' id='word_1_478' title='bbox 594 4108 787 4174; x_wconf 87' lang='lat' dir='ltr'>restitutione</span> <span class='ocrx_word' id='word_1_479' title='bbox 805 4155 814 4186; x_wconf 92' lang='lat'>,</span> <span class='ocrx_word' id='word_1_480' title='bbox 831 4128 893 4172; x_wconf 92' lang='lat' dir='ltr'>non</span> <span class='ocrx_word' id='word_1_481' title='bbox 917 4130 994 4175; x_wconf 88' lang='lat' dir='ltr'>vero</span> <span class='ocrx_word' id='word_1_482' title='bbox 1027 4117 1135 4192; x_wconf 84' lang='lat' dir='ltr'>piune,</span> <span class='ocrx_word' id='word_1_483' title='bbox 1150 4112 1184 4179; x_wconf 77' lang='grc' dir='ltr'>ἀ</span> <span class='ocrx_word' id='word_1_484' title='bbox 1199 4113 1376 4180; x_wconf 70' lang='lat' dir='ltr'>conducunt</span> <span class='ocrx_word' id='word_1_485' title='bbox 1391 4132 1460 4175; x_wconf 89' lang='lat' dir='ltr'>cum</span> <span class='ocrx_word' id='word_1_486' title='bbox 1477 4106 1561 4187; x_wconf 77' lang='lat' dir='ltr'>patio</span> <span class='ocrx_word' id='word_1_487' title='bbox 1580 4108 1692 4179; x_wconf 73' lang='lat' dir='ltr'>{auen</span> <span class='ocrx_word' id='word_1_488' title='bbox 1718 4114 1795 4178; x_wconf 86' lang='lat' dir='ltr'>taci-</span> 
     </span>
    </p>

    <p class='ocr_par' dir='ltr' id='par_1_38' title="bbox 219 4187 1792 4269">
     <span class='ocr_line' id='line_1_45' title="bbox 219 4187 1792 4269; baseline 0.003 -18"><span class='ocrx_word' id='word_1_489' title='bbox 219 4205 242 4251; x_wconf 75' lang='lat' dir='ltr'>e</span> <span class='ocrx_word' id='word_1_490' title='bbox 260 4203 406 4261; x_wconf 87' lang='lat' dir='ltr'>peccato.</span> <span class='ocrx_word' id='word_1_491' title='bbox 424 4187 521 4269; x_wconf 80' lang='lat' dir='ltr'>Sylvi.</span> <span class='ocrx_word' id='word_1_492' title='bbox 1028 4210 1064 4260; x_wconf 91' lang='lat' dir='ltr'>to</span> <span class='ocrx_word' id='word_1_493' title='bbox 1084 4210 1120 4257; x_wconf 91' lang='lat' dir='ltr'>ut</span> <span class='ocrx_word' id='word_1_494' title='bbox 1138 4214 1210 4257; x_wconf 92' lang='lat' dir='ltr'>cum</span> <span class='ocrx_word' id='word_1_495' title='bbox 1230 4192 1317 4269; x_wconf 79' lang='lat' dir='ltr'>possit</span> <span class='ocrx_word' id='word_1_496' title='bbox 1333 4189 1413 4254; x_wconf 89' lang='lat' dir='ltr'>bona</span> <span class='ocrx_word' id='word_1_497' title='bbox 1428 4193 1493 4253; x_wconf 86' lang='lat' dir='ltr'>eius</span> <span class='ocrx_word' id='word_1_498' title='bbox 1503 4187 1670 4268; x_wconf 84' lang='lat' dir='ltr'>custodiat,</span> <span class='ocrx_word' id='word_1_499' title='bbox 1687 4189 1721 4257; x_wconf 83' lang='lat' dir='ltr'>dt</span> <span class='ocrx_word' id='word_1_500' title='bbox 1734 4188 1792 4256; x_wconf 91' lang='lat' dir='ltr'>ser·</span> 
     </span>
    </p>

    <p class='ocr_par' dir='ltr' id='par_1_39' title="bbox 225 4264 1794 4351">
     <span class='ocr_line' id='line_1_46' title="bbox 225 4264 1794 4351; baseline 0.006 -24"><span class='ocrx_word' id='word_1_501' title='bbox 225 4264 333 4328; x_wconf 77' lang='lat' dir='ltr'>:Non</span> <span class='ocrx_word' id='word_1_502' title='bbox 353 4265 473 4330; x_wconf 81' lang='lat' dir='ltr'>obstant</span> <span class='ocrx_word' id='word_1_503' title='bbox 503 4266 555 4332; x_wconf 89' lang='lat' dir='ltr'>ille</span> <span class='ocrx_word' id='word_1_504' title='bbox 586 4267 774 4346; x_wconf 77' lang='lat' dir='ltr'>intelligitur</span> <span class='ocrx_word' id='word_1_505' title='bbox 834 4269 866 4332; x_wconf 93' lang='lat' dir='ltr'>ui</span> <span class='ocrx_word' id='word_1_506' title='bbox 887 4265 989 4332; x_wconf 80' lang='lat' dir='ltr'>exos·</span> <span class='ocrx_word' id='word_1_507' title='bbox 1027 4287 1100 4336; x_wconf 88' lang='lat' dir='ltr'>vet.</span> <span class='ocrx_word' id='word_1_508' title='bbox 1123 4269 1221 4351; x_wconf 76' lang='lat' dir='ltr'>igitur</span> <span class='ocrx_word' id='word_1_509' title='bbox 1247 4285 1373 4351; x_wconf 88' lang='lat' dir='ltr'>peccant</span> <span class='ocrx_word' id='word_1_510' title='bbox 1400 4272 1538 4347; x_wconf 83' lang='lat' dir='ltr'>graviter</span> <span class='ocrx_word' id='word_1_511' title='bbox 1557 4269 1579 4331; x_wconf 81' lang='lat' dir='ltr'>si</span> <span class='ocrx_word' id='word_1_512' title='bbox 1600 4269 1794 4336; x_wconf 83' lang='lat' dir='ltr'>dominorum</span> 
     </span>
    </p>

    <p class='ocr_par' dir='ltr' id='par_1_40' title="bbox 218 4289 1794 4438">
     <span class='ocr_line' id='line_1_47' title="bbox 218 4289 1794 4438; baseline 0.006 -31"><span class='ocrx_word' id='word_1_513' title='bbox 218 4341 319 4420; x_wconf 78' lang='lat' dir='ltr'>ticio,</span> <span class='ocrx_word' id='word_1_514' title='bbox 339 4344 493 4438; x_wconf 76' lang='lat' dir='ltr'>velpadlo</span> <span class='ocrx_word' id='word_1_515' title='bbox 512 4368 581 4410; x_wconf 89' lang='lat' dir='ltr'>cum</span> <span class='ocrx_word' id='word_1_516' title='bbox 602 4345 705 4424; x_wconf 83' lang='lat' dir='ltr'>possit,</span> <span class='ocrx_word' id='word_1_517' title='bbox 724 4347 762 4409; x_wconf 89' lang='lat' dir='ltr'>de</span> <span class='ocrx_word' id='word_1_518' title='bbox 781 4289 858 4412; x_wconf 58' lang='lat' dir='ltr'>lado</span> <span class='ocrx_word' id='word_1_519' title='bbox 872 4347 992 4412; x_wconf 83' lang='lat' dir='ltr'>obstan·</span> <span class='ocrx_word' id='word_1_520' title='bbox 1025 4352 1137 4416; x_wconf 89' lang='lat' dir='ltr'>damna</span> <span class='ocrx_word' id='word_1_521' title='bbox 1157 4352 1228 4416; x_wconf 91' lang='lat' dir='ltr'>dum</span> <span class='ocrx_word' id='word_1_522' title='bbox 1251 4350 1369 4429; x_wconf 85' lang='lat' dir='ltr'>poliunt</span> <span class='ocrx_word' id='word_1_523' title='bbox 1390 4369 1451 4413; x_wconf 92' lang='lat' dir='ltr'>non</span> <span class='ocrx_word' id='word_1_524' title='bbox 1472 4349 1656 4424; x_wconf 86' lang='lat' dir='ltr'>impediant:</span> <span class='ocrx_word' id='word_1_525' title='bbox 1678 4348 1794 4428; x_wconf 84' lang='lat' dir='ltr'>&amp;quia</span> 
     </span>
    </p>

    <p class='ocr_par' dir='ltr' id='par_1_41' title="bbox 215 4425 1793 4507">
     <span class='ocr_line' id='line_1_48' title="bbox 215 4425 1793 4507; baseline 0.005 -19"><span class='ocrx_word' id='word_1_526' title='bbox 215 4425 260 4488; x_wconf 77' lang='lat' dir='ltr'>do</span> <span class='ocrx_word' id='word_1_527' title='bbox 291 4426 440 4504; x_wconf 79' lang='lat' dir='ltr'>impedire</span> <span class='ocrx_word' id='word_1_528' title='bbox 466 4443 610 4504; x_wconf 88' lang='lat' dir='ltr'>tenetur,</span> <span class='ocrx_word' id='word_1_529' title='bbox 625 4427 784 4504; x_wconf 82' lang='lat' dir='ltr'>praebendo</span> <span class='ocrx_word' id='word_1_530' title='bbox 811 4447 843 4490; x_wconf 87' lang='lat' dir='ltr'>v.</span> <span class='ocrx_word' id='word_1_531' title='bbox 860 4448 887 4507; x_wconf 84' lang='lat' dir='ltr'>g.</span> <span class='ocrx_word' id='word_1_532' title='bbox 905 4425 992 4495; x_wconf 87' lang='lat' dir='ltr'>subsi-</span> <span class='ocrx_word' id='word_1_533' title='bbox 1027 4435 1057 4495; x_wconf 85' lang='lat' dir='ltr'>vi</span> <span class='ocrx_word' id='word_1_534' title='bbox 1078 4430 1207 4507; x_wconf 88' lang='lat' dir='ltr'>ipsorum</span> <span class='ocrx_word' id='word_1_535' title='bbox 1224 4426 1432 4494; x_wconf 77' lang='lat' dir='ltr'>condutiionis</span> <span class='ocrx_word' id='word_1_536' title='bbox 1448 4429 1485 4492; x_wconf 80' lang='lat' dir='ltr'>td</span> <span class='ocrx_word' id='word_1_537' title='bbox 1500 4428 1563 4492; x_wconf 85' lang='lat' dir='ltr'>¹hoc</span> <span class='ocrx_word' id='word_1_538' title='bbox 1588 4445 1737 4495; x_wconf 86' lang='lat' dir='ltr'>tenentur</span> <span class='ocrx_word' id='word_1_539' title='bbox 1751 4451 1793 4496; x_wconf 83' lang='lat' dir='ltr'>ex</span> 
     </span>
    </p>

    <p class='ocr_par' dir='ltr' id='par_1_42' title="bbox 213 4503 1793 4589">
     <span class='ocr_line' id='line_1_49' title="bbox 213 4503 1793 4589; baseline 0.007 -25"><span class='ocrx_word' id='word_1_540' title='bbox 213 4503 305 4584; x_wconf 75' lang='lat' dir='ltr'>dium</span> <span class='ocrx_word' id='word_1_541' title='bbox 358 4505 393 4570; x_wconf 81' lang='lat' dir='ltr'>dt</span> <span class='ocrx_word' id='word_1_542' title='bbox 420 4524 547 4585; x_wconf 84' lang='lat' dir='ltr'>operam</span> <span class='ocrx_word' id='word_1_543' title='bbox 572 4527 610 4570; x_wconf 94' lang='lat' dir='ltr'>ne</span> <span class='ocrx_word' id='word_1_544' title='bbox 642 4510 798 4584; x_wconf 76' lang='lat' dir='ltr'>proximus</span> <span class='ocrx_word' id='word_1_545' title='bbox 830 4506 989 4572; x_wconf 82' lang='lat' dir='ltr'>laedatur.</span> <span class='ocrx_word' id='word_1_546' title='bbox 1026 4507 1614 4589; x_wconf 65' lang='lat' dir='ltr'>iustitia,obooxiilunttellitutioni,</span> <span class='ocrx_word' id='word_1_547' title='bbox 1633 4506 1793 4588; x_wconf 78' lang='lat' dir='ltr'>Dixiprae·</span> 
     </span>
    </p>

    <p class='ocr_par' dir='ltr' id='par_1_43' title="bbox 216 4580 1794 4670">
     <span class='ocr_line' id='line_1_50' title="bbox 216 4580 1794 4670; baseline 0.006 -26"><span class='ocrx_word' id='word_1_548' title='bbox 216 4580 311 4647; x_wconf 77' lang='lat' dir='ltr'>Huiu</span> <span class='ocrx_word' id='word_1_549' title='bbox 397 4583 493 4650; x_wconf 88' lang='lat' dir='ltr'>isunt</span> <span class='ocrx_word' id='word_1_550' title='bbox 509 4587 678 4665; x_wconf 84' lang='lat' dir='ltr'>Principes,</span> <span class='ocrx_word' id='word_1_551' title='bbox 698 4587 797 4649; x_wconf 83' lang='lat' dir='ltr'>Duces</span> <span class='ocrx_word' id='word_1_552' title='bbox 824 4585 893 4651; x_wconf 89' lang='lat' dir='ltr'>belii</span> <span class='ocrx_word' id='word_1_553' title='bbox 907 4636 915 4664; x_wconf 91' lang='lat'>,</span> <span class='ocrx_word' id='word_1_554' title='bbox 931 4588 991 4651; x_wconf 88' lang='lat' dir='ltr'>Mi·</span> <span class='ocrx_word' id='word_1_555' title='bbox 1024 4590 1107 4670; x_wconf 75' lang='lat' dir='ltr'>cipue</span> <span class='ocrx_word' id='word_1_556' title='bbox 1126 4603 1352 4664; x_wconf 74' lang='lat' dir='ltr'>extraneorum,</span> <span class='ocrx_word' id='word_1_557' title='bbox 1366 4590 1438 4665; x_wconf 87' lang='lat' dir='ltr'>quia</span> <span class='ocrx_word' id='word_1_558' title='bbox 1464 4585 1628 4652; x_wconf 87' lang='lat' dir='ltr'>secundum</span> <span class='ocrx_word' id='word_1_559' title='bbox 1656 4589 1794 4667; x_wconf 80' lang='lat' dir='ltr'>probabi·</span> 
     </span>
    </p>

    <p class='ocr_par' dir='ltr' id='par_1_44' title="bbox 218 4661 1793 4750">
     <span class='ocr_line' id='line_1_51' title="bbox 218 4661 1793 4750; baseline 0.006 -26"><span class='ocrx_word' id='word_1_560' title='bbox 218 4661 314 4726; x_wconf 83' lang='lat' dir='ltr'>oislri</span> <span class='ocrx_word' id='word_1_561' title='bbox 339 4662 487 4742; x_wconf 66' lang='lat' dir='ltr'>iustitie,</span> <span class='ocrx_word' id='word_1_562' title='bbox 502 4661 649 4731; x_wconf 79' lang='lat' dir='ltr'>Custodes</span> <span class='ocrx_word' id='word_1_563' title='bbox 664 4682 823 4730; x_wconf 74' lang='lat' dir='ltr'>nertiorum</span> <span class='ocrx_word' id='word_1_564' title='bbox 851 4672 990 4744; x_wconf 74' lang='lat' dir='ltr'>,runca-</span> <span class='ocrx_word' id='word_1_565' title='bbox 1026 4670 1133 4734; x_wconf 85' lang='lat' dir='ltr'>liorem</span> <span class='ocrx_word' id='word_1_566' title='bbox 1160 4668 1263 4731; x_wconf 82' lang='lat' dir='ltr'>servus</span> <span class='ocrx_word' id='word_1_567' title='bbox 1294 4670 1343 4731; x_wconf 88' lang='lat' dir='ltr'>eui</span> <span class='ocrx_word' id='word_1_568' title='bbox 1376 4665 1507 4750; x_wconf 84' lang='lat' dir='ltr'>nonesi</span> <span class='ocrx_word' id='word_1_569' title='bbox 1526 4665 1793 4744; x_wconf 86' lang='lat' dir='ltr'>specialitercom·</span> 
     </span>
    </p>

    <p class='ocr_par' dir='ltr' id='par_1_45' title="bbox 218 4742 1794 4824">
     <span class='ocr_line' id='line_1_52' title="bbox 218 4742 1794 4824; baseline 0.006 -19"><span class='ocrx_word' id='word_1_570' title='bbox 218 4760 312 4819; x_wconf 83' lang='lat' dir='ltr'>rum,</span> <span class='ocrx_word' id='word_1_571' title='bbox 327 4742 534 4821; x_wconf 78' lang='lat' dir='ltr'>gabellarum,</span> <span class='ocrx_word' id='word_1_572' title='bbox 553 4746 647 4809; x_wconf 87' lang='lat' dir='ltr'>aliive</span> <span class='ocrx_word' id='word_1_573' title='bbox 663 4747 713 4820; x_wconf 88' lang='lat' dir='ltr'>qui</span> <span class='ocrx_word' id='word_1_574' title='bbox 735 4747 844 4820; x_wconf 80' lang='lat' dir='ltr'>quovis</span> <span class='ocrx_word' id='word_1_575' title='bbox 867 4744 990 4822; x_wconf 84' lang='lat' dir='ltr'>officio,</span> <span class='ocrx_word' id='word_1_576' title='bbox 1024 4751 1109 4814; x_wconf 85' lang='lat' dir='ltr'>mida</span> <span class='ocrx_word' id='word_1_577' title='bbox 1124 4750 1166 4810; x_wconf 88' lang='lat' dir='ltr'>rei</span> <span class='ocrx_word' id='word_1_578' title='bbox 1178 4745 1347 4812; x_wconf 74' lang='lat' dir='ltr'>domeslieae</span> <span class='ocrx_word' id='word_1_579' title='bbox 1354 4768 1427 4812; x_wconf 86' lang='lat' dir='ltr'>cura</span> <span class='ocrx_word' id='word_1_580' title='bbox 1436 4764 1583 4824; x_wconf 87' lang='lat' dir='ltr'>tenetur,</span> <span class='ocrx_word' id='word_1_581' title='bbox 1600 4746 1687 4812; x_wconf 84' lang='lat' dir='ltr'>visui</span> <span class='ocrx_word' id='word_1_582' title='bbox 1694 4744 1794 4815; x_wconf 87' lang='lat' dir='ltr'>samu·</span> 
     </span>
    </p>

    <p class='ocr_par' dir='ltr' id='par_1_46' title="bbox 217 4819 1795 4905">
     <span class='ocr_line' id='line_1_53' title="bbox 217 4819 1795 4905; baseline 0.004 -21"><span class='ocrx_word' id='word_1_583' title='bbox 217 4819 384 4886; x_wconf 73' lang='lat' dir='ltr'>contrallu</span> <span class='ocrx_word' id='word_1_584' title='bbox 402 4869 411 4900; x_wconf 93' lang='lat'>,</span> <span class='ocrx_word' id='word_1_585' title='bbox 441 4822 527 4899; x_wconf 77' lang='lat' dir='ltr'>patio</span> <span class='ocrx_word' id='word_1_586' title='bbox 542 4822 704 4902; x_wconf 80' lang='lat' dir='ltr'>expresso,</span> <span class='ocrx_word' id='word_1_587' title='bbox 719 4825 770 4886; x_wconf 90' lang='lat' dir='ltr'>vel</span> <span class='ocrx_word' id='word_1_588' title='bbox 799 4826 926 4892; x_wconf 89' lang='lat' dir='ltr'>virtuali</span> <span class='ocrx_word' id='word_1_589' title='bbox 943 4843 990 4891; x_wconf 93' lang='lat' dir='ltr'>te·</span> <span class='ocrx_word' id='word_1_590' title='bbox 1026 4828 1375 4903; x_wconf 79' lang='lat' dir='ltr'>latusimpediredamne</span> <span class='ocrx_word' id='word_1_591' title='bbox 1390 4827 1795 4905; x_wconf 73' lang='lat' dir='ltr'>qttoquequaeaconservir,</span> 
     </span>
    </p>

    <p class='ocr_par' dir='ltr' id='par_1_47' title="bbox 225 4901 1789 4988">
     <span class='ocr_line' id='line_1_54' title="bbox 225 4901 1789 4988; baseline 0.004 -26"><span class='ocrx_word' id='word_1_592' title='bbox 225 4915 343 4988; x_wconf 71' lang='lat' dir='ltr'>nentur</span> <span class='ocrx_word' id='word_1_593' title='bbox 364 4901 526 4980; x_wconf 81' lang='lat' dir='ltr'>invigilare</span> <span class='ocrx_word' id='word_1_594' title='bbox 556 4904 684 4965; x_wconf 87' lang='lat' dir='ltr'>aliorum</span> <span class='ocrx_word' id='word_1_595' title='bbox 705 4902 920 4981; x_wconf 90' lang='lat' dir='ltr'>indemnitati,</span> <span class='ocrx_word' id='word_1_596' title='bbox 938 4902 989 4970; x_wconf 91' lang='lat' dir='ltr'>seu</span> <span class='ocrx_word' id='word_1_597' title='bbox 1023 4907 1073 4969; x_wconf 86' lang='lat' dir='ltr'>vel</span> <span class='ocrx_word' id='word_1_598' title='bbox 1089 4902 1317 4970; x_wconf 78' lang='lat' dir='ltr'>condomesticit</span> <span class='ocrx_word' id='word_1_599' title='bbox 1331 4904 1531 4971; x_wconf 87' lang='lat' dir='ltr'>inseruntur.</span> <span class='ocrx_word' id='word_1_600' title='bbox 1559 4905 1689 4972; x_wconf 83' lang='lat' dir='ltr'>ltautsr</span> <span class='ocrx_word' id='word_1_601' title='bbox 1716 4906 1789 4970; x_wconf 73' lang='lat' dir='ltr'>talis</span> 
     </span>
    </p>

    <p class='ocr_par' dir='ltr' id='par_1_48' title="bbox 225 4977 1788 5064">
     <span class='ocr_line' id='line_1_55' title="bbox 225 4977 1788 5064; baseline 0.005 -25"><span class='ocrx_word' id='word_1_602' title='bbox 225 4977 374 5054; x_wconf 76' lang='lat' dir='ltr'>impedite</span> <span class='ocrx_word' id='word_1_603' title='bbox 394 4979 521 5044; x_wconf 79' lang='lat' dir='ltr'>alteriue</span> <span class='ocrx_word' id='word_1_604' title='bbox 541 4978 721 5058; x_wconf 78' lang='lat' dir='ltr'>laesionem,</span> <span class='ocrx_word' id='word_1_605' title='bbox 749 4979 811 5044; x_wconf 81' lang='lat' dir='ltr'>save</span> <span class='ocrx_word' id='word_1_606' title='bbox 837 4982 990 5049; x_wconf 88' lang='lat' dir='ltr'>Publicam</span> <span class='ocrx_word' id='word_1_607' title='bbox 1023 4984 1129 5050; x_wconf 79' lang='lat' dir='ltr'>servus</span> <span class='ocrx_word' id='word_1_608' title='bbox 1150 4984 1257 5049; x_wconf 78' lang='lat' dir='ltr'>videns</span> <span class='ocrx_word' id='word_1_609' title='bbox 1271 4985 1346 5050; x_wconf 75' lang='lat' dir='ltr'>alios</span> <span class='ocrx_word' id='word_1_610' title='bbox 1359 4982 1523 5051; x_wconf 82' lang='lat' dir='ltr'>conservos</span> <span class='ocrx_word' id='word_1_611' title='bbox 1540 5033 1550 5064; x_wconf 93' lang='lat'>,</span> <span class='ocrx_word' id='word_1_612' title='bbox 1567 4986 1647 5051; x_wconf 89' lang='lat' dir='ltr'>bona</span> <span class='ocrx_word' id='word_1_613' title='bbox 1673 4982 1788 5048; x_wconf 82' lang='lat' dir='ltr'>donini</span> 
     </span>
    </p>

    <p class='ocr_par' dir='ltr' id='par_1_49' title="bbox 218 5051 1788 5208">
     <span class='ocr_line' id='line_1_56' title="bbox 218 5051 1788 5208; baseline 0.008 -89"><span class='ocrx_word' id='word_1_614' title='bbox 218 5051 319 5137; x_wconf 70' lang='lat' dir='ltr'>Regni</span> <span class='ocrx_word' id='word_1_615' title='bbox 329 5104 339 5135; x_wconf 97' lang='lat'>,</span> <span class='ocrx_word' id='word_1_616' title='bbox 361 5076 415 5124; x_wconf 85' lang='lat' dir='ltr'>aut</span> <span class='ocrx_word' id='word_1_617' title='bbox 432 5058 618 5138; x_wconf 77' lang='lat' dir='ltr'>Reipubiicae</span> <span class='ocrx_word' id='word_1_618' title='bbox 629 5058 711 5138; x_wconf 79' lang='lat' dir='ltr'>,sive</span> <span class='ocrx_word' id='word_1_619' title='bbox 727 5058 937 5143; x_wconf 89' lang='lat' dir='ltr'>subditorum,</span> <span class='ocrx_word' id='word_1_620' title='bbox 951 5080 986 5132; x_wconf 88' lang='lat' dir='ltr'>ut</span> <span class='ocrx_word' id='word_1_621' title='bbox 1022 5063 1237 5147; x_wconf 80' lang='lat' dir='ltr'>damnificare,</span> <span class='ocrx_word' id='word_1_622' title='bbox 1256 5083 1314 5132; x_wconf 86' lang='lat' dir='ltr'>nec</span> <span class='ocrx_word' id='word_1_623' title='bbox 1328 5064 1474 5145; x_wconf 78' lang='lat' dir='ltr'>impediat</span> <span class='ocrx_word' id='word_1_624' title='bbox 1495 5063 1516 5127; x_wconf 90' lang='lat' dir='ltr'>s1</span> <span class='ocrx_word' id='word_1_625' title='bbox 1537 5062 1645 5143; x_wconf 84' lang='lat' dir='ltr'>poffit,</span> <span class='ocrx_word' id='word_1_626' title='bbox 1661 5081 1788 5208; x_wconf 48' lang='lat' dir='ltr'>teneant</span> 
     </span>
     <span class='ocr_line' id='line_1_57' title="bbox 404 5161 1732 5208; baseline 0.001 -1"><span class='ocrx_word' id='word_1_627' title='bbox 404 5194 406 5199; x_wconf 76' lang='lat'><em>.</em></span> <span class='ocrx_word' id='word_1_628' title='bbox 1713 5161 1732 5208; x_wconf 79' lang='grc' dir='ltr'>ι</span> 
     </span>
    </p>
   </div>
   <div class='ocr_carea' id='block_1_7' title="bbox 0 0 2219 6000">
    <p class='ocr_par' dir='ltr' id='par_1_50' title="bbox 0 0 2219 6000">
     <span class='ocr_line' id='line_1_58' title="bbox 0 0 2219 6000; baseline 0 0"><span class='ocrx_word' id='word_1_629' title='bbox 0 0 2219 6000; x_wconf 95' lang='lat' dir='ltr'> </span> 
     </span>
    </p>
   </div>
  </div>
 </body>
</html>
