4425 6000
390 531 462 604 392
584 508 749 584 Tader.
784 531 840 580 oa
872 509 1125 581 Praeerrts
1155 505 1386 587 *orcarum
1412 501 1514 577 C‘xr.
1543 502 1651 580 vtlt.

337 623 458 680 partem
479 608 693 685 interpretari,
713 627 775 671 non
791 607 1103 682 iudicandoquidem,
1138 622 1230 669 runt:
1258 599 1428 667 namsama
1449 602 1491 667 ell
1512 603 1590 667 bona
1604 601 1772 670 aellimatio
1787 604 1822 670 de
1843 606 1908 669 alr'·

339 705 393 755 aut
423 684 552 762 positive
582 686 776 764 suspicando,
802 687 850 749 led
871 707 921 762 per
942 689 1100 762 quamdam
1136 705 1212 762 quo,
1238 705 1301 760 qua·
1320 684 1417 748 bonus
1435 700 1581 761 putatur,
1600 682 1634 748 ἀ
1653 684 1809 760 creditur,
1834 704 1908 748 nec·

339 759 586 845 suppositionem,
604 773 648 831 ait
665 769 702 830 D.
724 766 782 827 Th.
801 763 874 828 idest
892 765 1025 828 exterius
1046 786 1099 827 nos
1136 784 1198 828 uon
1216 783 1305 841 aptus
1327 762 1363 826 ad
1382 761 1515 838 aliquem
1533 761 1646 827 bonum
1668 763 1771 841 usum,
1794 762 1847 829 seu
1863 760 1908 828 est

337 847 380 908 ita
400 847 532 923 gerendo
548 869 610 912 non
631 849 712 913 secus
733 867 767 912 ac
786 845 847 922 ipse
862 868 931 908 cum
951 867 1010 920 quo
1036 847 1098 923 agi·
1135 847 1302 909 communis
1323 845 1449 919 opinio,
1474 841 1526 904 vel
1556 841 1724 906 aellimatio
1754 847 1905 919 virtutis,

336 946 421 1002 mus,
441 927 593 1002 improbus
616 930 711 1004 esset,
733 924 853 991 tametsi
877 945 935 987 nou
957 923 1099 988 credatur
1136 923 1312 1001 sapientiae,
1334 921 1585 998 pulchritudinis,
1606 923 1797 1000 nobilitatis,
1813 921 1908 988 savo·

338 1004 429 1067 talis:
448 1025 611 1070 namtunc
634 1011 747 1071 nemini
768 1005 805 1069 fit
826 1008 956 1079 iniuria,
978 1007 1028 1067 vel
1050 1004 1098 1066 da·
1137 1008 1175 1067 ris
1198 1006 1390 1078 Principum,
1418 1003 1611 1074 divitiarum,
1643 1004 1816 1067 aliorumve
1846 1002 1904 1064 lut·

336 1103 456 1146 mnum.
483 1087 617 1150 Licitum
637 1087 679 1149 esl
706 1091 790 1150 enim
814 1085 886 1160 sibi,
907 1084 940 1148 δι
962 1084 1098 1161 proximo
1135 1080 1260 1147 iusmodi
1281 1103 1346 1157 quae
1363 1081 1517 1145 hominem
1537 1079 1775 1160 commendant,
1796 1103 1832 1145 ac
1848 1081 1903 1145 bo·

334 1161 396 1227 srne
425 1166 598 1241 cuiusquam
626 1171 739 1233 iniuria
769 1162 953 1242 providere.
991 1163 1108 1237 Qrare.
1136 1185 1206 1227 nam
1225 1163 1262 1226 de
1283 1163 1345 1238 ipio
1365 1160 1595 1227 aellimationem
1621 1163 1770 1246 pariunt.
1796 1163 1903 1226 Honor

334 1262 397 1304 non
424 1264 529 1319 peccat
561 1249 612 1322 qui
634 1251 796 1324 ignotum,
829 1244 878 1308 vel
899 1244 994 1306 talem
1012 1245 1097 1305 cuius
1135 1262 1241 1308 autem
1261 1242 1303 1306 ell
1330 1239 1505 1306 testificatio
1533 1242 1676 1318 quaedam
1705 1241 1902 1306 excellentia,

240 1376 244 1385 .
334 1329 473 1384 exterior
493 1323 673 1403 compositio
689 1330 802 1390 indicet
823 1323 882 1386 elle
908 1319 1026 1398 sutem,
1054 1341 1098 1384 re·
1136 1324 1281 1398 alterius,
1308 1321 1380 1384 idell
1402 1321 1555 1385 exhibitio
1582 1324 1625 1385 rei
1650 1321 1782 1385 alicuius
1803 1324 1900 1385 veluti

335 1399 418 1464 cuset
440 1405 471 1464 in
490 1403 614 1467 domum
634 1404 718 1470 suam
735 1408 889 1481 recipere,
912 1401 963 1467 vel
985 1401 1005 1463 li
1025 1404 1099 1466 reci·
1136 1408 1165 1466 in
1187 1401 1393 1466 testimonium
1413 1403 1446 1466 &
1474 1400 1635 1477 quamdam
1658 1404 1897 1479 recognitionem

334 1485 416 1566 piat,
437 1484 480 1545 ita
501 1502 613 1548 caveat
633 1485 721 1549 rebus
743 1486 822 1559 suis,
843 1505 877 1547 ac
899 1479 919 1542 st
947 1481 1038 1545 dubia
1053 1479 1098 1545 es·
1134 1483 1324 1548 excellentia
1346 1504 1436 1557 quarn
1456 1480 1544 1545 babet
1565 1481 1618 1543 ille
1638 1485 1689 1567 qui
1711 1481 1894 1544 honoratur.

199 1594 203 1601 ·
236 1573 238 1577 ·
333 1561 379 1622 let
400 1559 488 1625 huius
509 1562 636 1627 hominis
660 1563 852 1641 improbitas.
881 1562 1014 1637 ando
1045 1584 1097 1626 ve·
1134 1564 1237 1639 Quare
1259 1583 1297 1625 ex
1323 1561 1366 1623 bis
1390 1561 1517 1625 habetur
1550 1561 1627 1636 quud
1651 1562 1738 1624 latua
1763 1557 1899 1624 consiliat

333 1659 367 1702 to
387 1659 449 1703 non
472 1646 573 1720 agitur
592 1643 629 1707 de
647 1644 848 1721 praecavendo
864 1644 975 1708 damno
987 1641 1098 1716 nostri,
1136 1648 1165 1704 in
1185 1644 1323 1705 interiori
1345 1642 1427 1704 bona
1455 1640 1685 1703 existimatione
1712 1637 1767 1704 seu
1786 1643 1897 1716 opinio·

332 1739 492 1784 ac-eorum
521 1726 571 1797 qui
600 1745 720 1802 quoquo
748 1723 839 1788 modo
860 1725 897 1787 ad
926 1742 981 1783 nos
1006 1725 1096 1798 perti·
1134 1742 1192 1796 ne,
1212 1721 1244 1786 dt
1265 1720 1336 1785 dum
1357 1724 1422 1783 exit
1439 1722 1469 1781 in
1486 1741 1560 1796 opus
1580 1737 1770 1795 externum,
1790 1720 1896 1783 dicitur

332 1817 443 1886 nent,
458 1799 544 1864 dubia
568 1803 604 1864 de
628 1808 771 1879 proximis
799 1806 830 1863 iu
851 1802 1006 1865 meliorem
1030 1823 1096 1877 par·
1133 1805 1218 1877 laus,
1236 1799 1311 1864 sieut
1332 1801 1352 1860 st
1375 1801 1533 1875 loquamur
1549 1801 1586 1862 de
1603 1800 1686 1864 mala
1701 1797 1806 1876 sama,
1827 1799 1896 1861 dici·

331 1894 397 1941 tem
425 1881 495 1942 sunt
524 1885 775 1957 interpretanda.
807 1882 856 1946 Ita
884 1887 966 1944 enim
986 1882 1097 1945 docue·
1135 1901 1186 1946 tur
1202 1878 1409 1958 vituperium.
1428 1880 1538 1943 Honor
1555 1899 1629 1942 vero
1648 1877 1787 1943 consistit
1806 1882 1895 1940 incr·

331 1973 406 2019 runt
425 1958 473 2020 SS.
491 1961 615 2038 Patres,
636 1966 786 2037 praecipue
800 1962 829 2023 S.
848 1961 926 2038 hug.
943 1960 993 2024 lib.
1012 1980 1040 2022 2.
1063 1961 1097 2022 de
1135 1981 1221 2026 terna
1242 1958 1457 2037 significatione
1486 1954 1594 2023 nollrae
1624 1958 1833 2023 estimationis
1861 1960 1895 2019 dt

331 2038 424 2099 Strm.
447 2039 566 2102 Domini
580 2042 613 2102 in
636 2056 804 2121 montecap.
825 2042 870 2102 18.
888 2039 976 2108 (Τίνι
990 2039 1094 2120 psalm.
1134 2042 1315 2105 excellentia
1346 2039 1490 2113 alterius,
1519 2039 1643 2114 ideoque
1673 2035 1896 2115 supponit-opi·

333 2116 455 2203 ¹47·‚&
477 2117 515 2181 src
535 2119 647 2183 docent
668 2126 762 2185 etiam
783 2121 894 2198 regulae
915 2121 989 2184 iuris
1011 2123 1042 2183 in
1066 2123 1093 2180 6.
1135 2125 1256 2184 pionem
1280 2118 1366 2196 ipsius
1393 2118 1606 2194 excellentia,
1638 2117 1673 2182 dt
1695 2119 1895 2203 intentionem

330 2195 428 2256 Dubia
447 2198 480 2260 t'n
498 2198 645 2264 meliorem
667 2213 781 2278 partem
800 2202 873 2281 sunl
902 2202 1097 2277 t'nlerprelan·
1133 2221 1199 2265 eam
1217 2221 1269 2276 per
1296 2198 1416 2274 aliquod
1441 2197 1554 2276 signum
1576 2202 1714 2260 exterius
1736 2194 1893 2260 tellihcau·

330 2277 387 2336 da:
411 2278 571 2341 cremium
592 2284 725 2358 partium
739 2280 811 2359 sunt
831 2281 946 2360 obscura
961 2329 969 2356 ,
985 2279 1096 2361 ltuen-
1133 2284 1183 2344 di:
1206 2281 1281 2344 alias
1307 2277 1327 2340 st
1348 2279 1454 2354 opinio
1474 2274 1606 2340 eiusdem
1627 2276 1823 2339 excellentiae
1851 2290 1893 2338 at·

328 2354 400 2416 dum
428 2358 464 2433 eli
490 2359 587 2434 potius
613 2381 657 2424 reo
688 2383 777 2438 quam
807 2364 917 2426 aeluri:
947 2368 984 2424 In
1010 2357 1095 2423 dtrbt'o
1133 2381 1189 2438 que
1211 2362 1345 2424 intentio
1364 2379 1432 2422 eam
1451 2359 1586 2420 exterius
1608 2355 1791 2431 testificandi
1819 2353 1893 2418 dees·

329 2435 428 2521 nullus
446 2435 636 2515 presumitur
655 2463 737 2504 reus.
759 2463 784 2518 5.
811 2443 884 2506 Non
906 2441 1021 2519 semper
1043 2460 1096 2502 ne·
1134 2439 1198 2515 set,
1219 2438 1298 2504 soret
1320 2441 1423 2518 potius
1444 2435 1566 2512 illusio,
1582 2457 1672 2513 quam
1690 2436 1807 2500 honor.
1838 2433 1893 2496 Ett-
1916 2451 1937 2502 u

329 2515 407 2577 cerie
427 2514 470 2578 est
490 2517 579 2582 dubia
607 2520 643 2582 de
670 2525 807 2596 proximo
831 2519 957 2585 suborta
990 2522 1102 2582 melio·
1131 2519 1280 2584 cellentia
1302 2535 1403 2583 autem
1420 2538 1510 2592 quam
1527 2515 1636 2593 spellat
1653 2511 1740 2580 sama
1754 2514 1789 2579 dt
1806 2515 1893 2579 honor
1905 2531 1941 2568 ωε

329 2612 398 2654 tem.
413 2597 445 2657 in
470 2614 587 2670 partem
606 2601 811 2676 interpretare
842 2599 971 2676 positive
984 2637 999 2677 ,=
1021 2598 1097 2661 bene
1134 2603 1277 2677 primario
1296 2594 1432 2661 consillit
1463 2601 1494 2658 in
1524 2599 1645 2662 virtute
1670 2617 1707 2664 ae
1737 2589 1941 2672 sanemini*

333 2674 453 2746 quidem
474 2677 504 2736 in
527 2677 686 2759 hypothesi
714 2682 792 2756 quod
815 2676 962 2756 suspensio
993 2679 1094 2762 iudicii
1133 2698 1298 2755 earumque
1320 2672 1545 2763 funilionibus,
1565 2698 1632 2753 quae
1658 2677 1793 2740 reddunt
1809 2675 1894 2741 homi·
1938 2676 1941 2692 ⁴

331 2750 425 2816 nollri
447 2761 584 2829 proximo
612 2754 648 2820 stt
682 2763 852 2837 nocitura,
875 2763 943 2835 quia
963 2756 1096 2835 relpetlu
1134 2779 1185 2822 nes
1210 2779 1284 2822 vere
1308 2755 1498 2835 laudabiles,
1529 2756 1710 2820 secundario
1740 2774 1846 2820 autem
1867 2758 1894 2816 in

330 2834 434 2906 primae
459 2839 552 2909 partis
576 2859 645 2901 cum
669 2859 853 2921 praeceptum
879 2841 1033 2904 iudicandi
1059 2834 1095 2901 sit
1131 2839 1199 2902 aliis
1225 2834 1472 2916 perseilionibus,
1502 2854 1536 2900 ut
1562 2834 1630 2899 sunt
1653 2839 1829 2915 ingenium,
1847 2835 1895 2900 do·

330 2910 576 2994 affirmativum,
604 2938 665 2980 non
690 2921 803 3000 obligat
833 2919 948 2998 {emper
978 2941 1013 2984 ac
1042 2938 1095 2994 pro
1131 2917 1246 2994 dlrina,
1266 2918 1428 2982 nobilitas:
1452 2921 1529 2980 item
1548 2918 1647 2994 quoad
1672 2916 1824 2981 honorem
1852 2935 1895 2992 po·

329 2995 461 3085 semper;
484 2994 611 3073 respeilu
633 3018 708 3062 vero
728 2998 865 3065 secundae
887 3001 998 3077 partis,
1026 3021 1096 3078 pro
1133 3000 1224 3063 tellas
1252 2998 1314 3064 five
1334 2994 1557 3074 ecclesiastica,
1579 2994 1642 3061 sive
1663 2992 1894 3073 saecularis,.di·

327 3090 450 3163 ximus,
473 3076 570 3140 donee
588 3099 648 3141 non
666 3079 785 3144 conllet
802 3081 838 3143 de
864 3086 930 3143 eius
956 3081 1095 3154 malitia,
1131 3083 1231 3158 guitas
1255 3082 1413 3155 principii,
1432 3074 1484 3140 seu
1504 3079 1633 3157 originis
1646 3099 1717 3153 quae
1739 3075 1784 3142 est
1801 3080 1834 3139 in
1849 3095 1896 3153 pa·

329 3171 374 3213 tus
404 3152 495 3216 habet
521 3174 554 3218 ut
584 3157 620 3219 de
649 3160 712 3233 ipio
734 3159 809 3222 bene
838 3162 1010 3235 iudicetur,
1038 3180 1095 3223 uec
1131 3160 1266 3223 rentibus
1284 3204 1291 3220 .
1310 3161 1392 3223 Hinc
1413 3157 1432 3219 li
1456 3159 1554 3222 honor
1574 3154 1715 3220 sumatur
1746 3173 1836 3233 prout
1856 3158 1895 3217 iu·

247 3317 250 3322 1
328 3231 446 3322 malitia
470 3233 609 3310 conllat,
638 3237 732 3303 donee
753 3239 795 3301 eil
816 3238 925 3304 dubia.
957 3239 1033 3303 Haec
1064 3241 1093 3301 t.
1130 3236 1376 3315 cluditfamam,
1395 3241 1481 3314 eique
1507 3232 1678 3313 superaddit
1712 3233 1894 3300 testificatio·

327 3310 485 3387 Asstfflsse,
506 3312 539 3380 ἅ
561 3313 682 3379 Toum.
1132 3338 1221 3395 nem,
1246 3339 1307 3382 non
1338 3322 1490 3383 immerito
1514 3318 1589 3381 dicit
1611 3315 1734 3381 Leistus
1753 3316 1892 3378 honorem

495 3437 498 3442 ,
1131 3402 1226 3462 maius
1246 3399 1356 3461 bonum
1378 3397 1438 3463 eise
1464 3419 1555 3475 quam
1580 3393 1714 3467 samam3
1736 3396 1770 3461 dc
1792 3414 1894 3459 econ·

587 3538 590 3543 ,
644 3480 669 3541 5.
713 3476 778 3546 th
960 3543 962 3547 ,
1131 3475 1313 3543 ttasrsama
1330 3479 1467 3543 sumatur
1484 3497 1575 3555 prout
1594 3472 1848 3542 contradillinbla
1861 3472 1933 3556 ab·

356 3588 398 3649 Dc
418 3600 543 3663 externa
555 3592 685 3669 proxit'nt'
704 3592 902 3678 dtffamatt'one
914 3645 922 3673 ,
943 3593 1011 3676 idest
1030 3597 1066 3659 de
1131 3561 1262 3701 swelle,
1290 3558 1365 3652 “sle
1386 3560 1460 3651 dlcit
1481 3554 1758 3699 del-Lugostfsmm
1780 3570 1894 3699 Ρὲεέθέ

503 3671 700 3756 dem-m,
718 3676 914 3754 mmmm-a,
1142 3660 1193 3703 ere
1206 3660 1342 3781 bssnon’
1366 3660 1437 3715 quta
1462 3658 1609 3780 metuset
1652 3655 1783 3779 ttntemde
1805 3658 1890 3779 iabo.

581 3755 751 3833 “luuo
772 3763 833 3821 W·
1130 3740 1202 3863 riu
1217 3739 1421 3875 ‚siluistis
1438 3736 1736 3875 sssslshshlr‘i‘,
1752 3737 1847 3859 alia
1863 3792 1893 3855 r.

366 3867 521 3955 Proximus
546 3888 580 3962 ut
605 3872 666 3936 iarn
693 3878 878 3939 notavimus,
897 3878 927 3938 in
947 3878 1094 3952 prooemio
1131 3880 1180 3942 lud
1198 3879 1380 3956 Evangelii:
1414 3878 1538 3955 Populus
1559 3876 1605 3940 hic
1623 3874 1714 3939 labiis
1745 3896 1795 3941 me
1817 3875 1893 3940 boru-

326 3940 414 4006 huius
433 3967 581 4041 praecepti
601 3951 762 4030 dupliciter
783 3952 880 4031 potest
898 3977 916 4018 a
937 3956 1021 4021 nobis
1037 3949 1095 4018 dif-
1127 3971 1190 4034 rat,
1218 3979 1265 4022 cor
1290 3970 1389 4022 aulem
1407 3978 1508 4023 torum
1532 3958 1614 4034 longe
1632 3957 1671 4037 est
1690 3978 1711 4019 a
1745 3978 1814 4021 me.
1842 3952 1892 4016 Hit

326 4018 459 4087 samari:
482 4046 629 4108 rutenus,
654 4054 762 4109 nempe
783 4040 814 4096 in
836 4036 948 4099 iuditio
968 4055 1020 4112 per
1041 4056 1094 4099 eos
1129 4039 1300 4117 praehabitis
1316 4037 1371 4103 lit.

325 4123 431 4197 omnes
452 4109 501 4200 qui
523 4109 607 4175 malo
623 4113 739 4177 iudicio
754 4135 983 4194 cooperantur,
1001 4115 1093 4180 &ex
1167 4115 1322 4182 Detrastio
1345 4120 1387 4182 est
1409 4118 1516 4200 iniusta
1535 4115 1576 4184 <t
1595 4117 1708 4184 occulta
1724 4116 1836 4184 aliene
1846 4113 1941 4200 sat-⁰6

325 4198 374 4276 tta
405 4185 567 4280 iudicium.
594 4191 731 4268 Expletis
764 4198 878 4275 igitur,
906 4217 975 4272 quae
1004 4196 1093 4272 telpi·
1127 4196 1348 4294 maelaefio4i5
1368 4198 1549 4278 denigratio,
1569 4200 1625 4263 vel
1637 4198 1833 4265 imminutio.
1851 4199 1894 4261 lta
1923 4247 1928 4256 .

324 4281 412 4327 erunt
435 4267 595 4361 iudicium,
622 4269 843 4352 suspicionem,
872 4276 1093 4341 dubitationem
1126 4284 1354 4343 communiter.
1385 4279 1433 4343 hd
1457 4276 1675 4344 dettadlionean
1700 4278 1767 4344 duo
1835 4280 1895 4356 ippe

324 4342 385 4406 dec.
413 4368 478 4439 quae
502 4371 580 4413 cuca
610 4351 724 4417 samam
757 4360 882 4430 proximi
912 4354 1092 4433 ver-santur,
1128 4364 1340 4437 requiruntur,
1359 4381 1384 4421 r.
1405 4358 1741 4436 utaliquiddicatutq
1828 4361 1897 4425 alte·

323 4442 405 4517 nuuc
432 4426 737 4497 disserendumtellat
759 4437 795 4497 de
803 4439 914 4511 iisquae
925 4437 1091 4514 ipsius-pto·
1127 4444 1188 4503 rius
1204 4437 1316 4504 samam
1335 4438 1370 4503 dt
1386 4437 1643 4517 aellimatiouem,
1662 4459 1757 4516 quam
1775 4443 1810 4505 itt
1819 4460 1898 4506 urea·

324 4522 398 4593 xum
416 4501 529 4572 samam
550 4532 602 4586 per
627 4517 812 4584 exteriorem
831 4515 1091 4596 diffamationem,
1125 4534 1158 4584 te
1181 4520 1322 4588 aliorum
1342 4516 1482 4599 puffidet,
1515 4523 1697 4599 extinguere
1722 4521 1774 4584 vel
1796 4519 1896 4587 saltent

325 4579 399 4643 tdell
421 4605 471 4676 per
496 4590 765 4667 detradlationetn,
791 4600 1030 4675 contumeliam,
1056 4598 1089 4663 ἀ
1126 4602 1308 4664 imminuere
1325 4599 1429 4666 valeat
1441 4644 1454 4660 .
1468 4618 1495 4660 a.
1514 4599 1558 4664 Ut
1575 4597 1631 4665 liat
1646 4601 1775 4666 oeculte
1791 4602 1895 4666 instem

323 4660 515 4759 calumniam¹
529 4670 638 4734 laedere
654 4675 792 4749 poliunt.
815 4678 927 4741 Verum
943 4695 979 4742 ut
996 4682 1088 4743 maio·
1126 4682 1214 4748 iuxta
1231 4684 1440 4745 intentionem
1454 4681 1607 4757 dicentis,
1622 4682 1695 4756 quia
1712 4679 1734 4741 st
1755 4684 1825 4758 quit
1845 4679 1895 4742 ali·

323 4762 353 4803 ¹1
369 4762 429 4816 qua
450 4742 516 4808 fieri
536 4752 633 4843 potest
655 4756 797 4819 claritate
819 4759 1019 4833 procedatur,
1039 4759 1089 4822 ad·
1123 4763 1173 4825 cui
1195 4762 1226 4822 in
1248 4758 1337 4836 ipsius
1368 4756 1532 4836 ptaesentia
1561 4754 1675 4825 famam
1702 4760 1895 4841 denigraret,

323 4824 508 4888 uertendum
524 4828 566 4891 est
582 4852 663 4923 circa
680 4828 792 4900 famam
803 4835 1004 4914 honoremque
1015 4858 1088 4902 con·
1125 4841 1181 4903 hoc
1212 4859 1276 4904 non
1303 4842 1380 4903 eilet
1411 4840 1539 4918 amplius
1563 4837 1690 4918 simplex
1722 4838 1892 4914 detrahio,

213 4918 220 4933 ·
322 4916 373 4965 tta
392 4925 466 4998 quos
485 4906 632 4974 detrail-to
655 4932 724 4975 cum
744 4916 810 4979 aliis
833 4916 985 4993 uersatur,
1009 4920 1086 4996 quod
1122 4940 1190 4997 quat
1210 4918 1318 4985 direile
1336 4919 1421 4986 laedit
1443 4916 1557 4987 samam
1598 4919 1646 4986 sed
1667 4915 1769 4987 etiam
1786 4937 1892 4988 uentu·

320 5002 460 5056 quamvis
481 4987 579 5052 honor
598 4989 633 5054 dt
659 4989 736 5056 sama
757 4996 938 5074 quandoque
969 4997 1086 5063 suman·
1123 5002 1213 5064 melia
1227 5020 1286 5077 qua
1301 5011 1406 5065 coram
1422 5000 1550 5067 alterius
1567 4969 1666 5065 honor
1683 5000 1846 5077 violatut.
1901 5034 1941 5082 pt„

321 5077 374 5125 tur
393 5086 447 5141 pto
463 5068 589 5147 eodem,
605 5068 707 5149 reapse
725 5091 826 5141 tamen
846 5080 929 5142 inter·
947 5078 977 5142 le
997 5078 1085 5144 diffe-
1163 5079 1319 5146 Danaum
1345 5080 1455 5160 duplex
1479 5081 1545 5154 elle
1578 5101 1640 5148 uua
1665 5085 1752 5149 enim
1781 5075 1941 5226 ἀῆίτὲξὶιω

359 5174 369 5192 ·
503 5206 505 5210 -
1537 5174 1548 5190 ·
1766 5180 1785 5226 e
