4425 6000
352 525 355 531 ’
389 505 465 608 8²⁸
585 503 587 507 ⁴
625 508 796 583 Tener.
822 533 879 583 na
909 512 1163 593 Praesens
1193 513 1419 591 Deontoot
1450 517 1552 591 Car.
1580 515 1645 591 lit.

285 681 287 686 ,
345 610 504 690 dentium,
520 632 590 674 cum
605 611 639 671 in
659 607 801 686 praesenti
824 628 898 673 vere
926 628 1027 685 patres
1047 630 1117 674 cen·
1152 613 1336 688 subvenire,
1365 616 1434 691 qnia
1460 617 1556 693 proles
1579 615 1623 679 est
1646 615 1696 682 sub
1716 641 1791 688 cura
1810 643 1919 701 paren·

348 690 474 756 scantur
494 712 556 754 non
577 692 740 754 sitantum
760 738 769 766 ‚
798 712 815 757 a
837 689 943 765 quibus
965 690 1117 753 immedia·
1153 712 1247 769 tum,
1276 694 1310 759 dt
1330 692 1367 758 ab
1388 695 1446 757 illis
1462 699 1558 760 etiam
1578 713 1668 759 extra
1687 720 1862 769 extremam
1879 708 1924 771 δι’·

344 789 408 851 te,
437 768 486 835 sed
504 773 524 832 ii
541 774 637 835 etiam
653 790 670 833 a
690 769 797 846 quibus
830 771 961 833 mediate
977 772 1116 833 duximus
1151 795 1275 854 gravem
1297 773 1504 839 necessitatem
1520 778 1587 839 iure
1608 774 1781 854 postulatas
1788 787 1921 862 imenm,

346 853 517 929 originem,
534 864 568 915 ut
587 847 655 913 sunt
679 852 751 924 avi,
771 853 878 929 proavi
901 851 961 915 dte.
978 852 1026 913 Sic
1050 848 1116 914 To
1152 876 1213 918 non
1243 858 1319 918 item
1345 873 1513 929 parentes:
1537 876 1566 919 2.
1593 861 1677 918 enim
1707 859 1850 927 Corinth.
1868 884 1919 927 12.

349 930 448 993 umes.
471 954 541 995 cum
556 932 593 994 de
615 932 703 1007 Lugo
721 928 755 994 dt
772 931 855 995 aliis.
1152 939 1196 997 ita
1218 934 1350 996 babetur
1371 957 1379 997 ι
1398 938 1467 998 Non
1495 938 1573 1000 enim
1598 934 1697 999 debent
1710 939 1775 1016 filii
1787 938 1927 1021 pertrui·⁸

201 997 339 1082 '¹⁸¹⁸“sff
391 1008 427 1071 ln
455 1009 513 1074 hoc
543 1009 695 1088 proposito
725 1016 860 1076 vertitur
889 1008 1014 1088 qtraeslio
1035 1013 1118 1075 inter
1152 1012 1203 1076 bus
1225 1014 1446 1092 thesaurizare,
1461 1014 1664 1094 sedpartntes
1677 1019 1777 1096 filiis.

203 1065 332 1180 fssffi'·
354 1087 551 1169 Theologos‚
568 1091 638 1154 dum
657 1092 829 1174 genitores,
845 1092 902 1153 filii
926 1094 977 1155 vel
998 1094 1117 1154 uxorin

203 1191 330 1306 rom,
351 1170 461 1311 aquisg
483 1188 624 1236 extrema
644 1171 806 1312 νειίειιιὲιιιι
823 1170 999 1313 ηειειῇιιιῗ
1014 1220 1033 1313 f,
1051 1175 1118 1262 cui·
1473 1181 1499 1241 §.
1543 1175 1592 1237 ΙΙ.

216 1270 302 1309 iorum
487 1272 500 1312 t
650 1269 720 1312 atur
781 1273 787 1312 t
909 1273 917 1311 1
992 1273 1012 1313 u
1035 1270 1119 1313 venl-
1238 1302 1241 1309 .
1318 1292 1323 1301 ·
1381 1290 1386 1300 ·
1430 1287 1435 1299 ·
1804 1298 1809 1309 .

205 1319 249 1393 ‘i‘
266 1336 308 1385 ro·
329 1269 670 1407 ‚sd¹‚”cudr¹ss‘tis⁶s{n
694 1331 731 1394 nr
750 1270 1120 1395 utdsnrsrssddmuum-
1210 1296 1252 1356 ⁰5
1268 1285 1859 1376 ⁰⁶²²201¹⁰n¹smsfffmsm‘flasset-

203 1383 438 1504 ffifflfdium
456 1409 590 1487 praestet.
612 1408 766 1474 Sustinent
795 1432 856 1474 non
884 1415 970 1488 pauci
995 1415 1025 1472 in
1048 1430 1119 1471 con·
1194 1410 1223 1471 Si
1247 1407 1446 1485 unusquisque
1468 1408 1553 1485 plura
1576 1407 1677 1474 officia
1697 1432 1736 1475 ex
1758 1414 1824 1491 lege
1848 1413 1920 1478 cha·

204 1481 443 1567 ...Μαικία
474 1488 660 1554 necessitatis
675 1492 847 1569 genitorum
871 1491 904 1555 ἃ
934 1490 990 1553 filii
1020 1487 1120 1551 filium
1156 1493 1257 1554 ritatis
1277 1492 1456 1564 cuicumque
1478 1490 1616 1564 proximo
1645 1512 1698 1565 pro
1719 1495 1920 1558 incolumita-

350 1570 600 1649 anteponendum
619 1568 679 1635 effe
696 1575 912 1649 genitoribusl.
937 1570 1044 1633 Maior
1072 1586 1120 1631 ta·
1156 1586 1188 1633 te
1209 1572 1284 1634 vitae
1300 1569 1403 1639 illius,
1417 1565 1606 1631 fortunatum
1626 1568 1659 1632 dt
1680 1566 1771 1635 samae
1798 1592 1921 1650 ,quate

350 1670 422 1715 men
445 1670 480 1717 ac
502 1648 602 1713 sanior
622 1671 688 1727 pars
708 1672 776 1714 cum
801 1652 828 1712 S.
851 1649 966 1713 Thom.
987 1669 1018 1709 2.
1038 1667 1067 1709 a.
1091 1669 1118 1723 q.
1156 1648 1196 1713 do
1213 1646 1372 1713 neceffitas
1392 1647 1421 1709 id
1442 1651 1573 1725 exigat,
1603 1648 1747 1724 praellare
1767 1667 1892 1714 tenetur
1910 1695 1920 1727 .

348 1732 398 1792 26.
432 1746 489 1793 art.
507 1746 535 1807 9.
565 1730 602 1791 ad
631 1745 658 1808 3.
690 1729 823 1808 Magillr.
857 1731 996 1794 Sentent.
1031 1731 1061 1790 in
1092 1743 1120 1805 3.
1156 1745 1274 1805 quanto
1295 1731 1389 1806 magis
1410 1727 1475 1790 baec
1495 1726 1643 1805 obligatio
1659 1748 1720 1792 non
1741 1730 1945 1808 trigesimo.

347 1809 414 1876 disl.
438 1828 488 1888 29.
520 1809 553 1874 dt
574 1807 718 1873 Abuscnsr
746 1808 927 1884 probabilius
951 1809 1064 1872 docent
1087 1827 1121 1869 ac
1158 1828 1261 1872 rentes
1278 1827 1350 1887 erga
1371 1810 1504 1882 proprios
1520 1805 1620 1883 filios,
1641 1807 1768 1886 quibus,
1788 1831 1858 1872 curu
1871 1830 1921 1886 per

350 1906 544 1967 propugnant
564 1891 666 1965 potius
688 1889 874 1966 genitoribus
892 1909 982 1964 quain
1000 1887 1071 1948 siliis
1090 1889 1121 1948 in
1157 1890 1384 1965 generationem
1400 1885 1461 1949 esse
1481 1884 1648 1964 dederint,
1678 1887 1735 1951 boc
1756 1889 1817 1949 illis
1835 1893 1921 1953 iuxta

349 1970 409 2032 tali
440 1965 618 2032 necessitate
634 1964 878 2034 subveniendum
897 1967 986 2044 esle;
1014 1964 1048 2031 dt
1078 1971 1122 2029 ita
1158 1971 1309 2046 propriam
1323 1965 1531 2031 conditionem
1555 1964 1738 2053 conservare
1757 1986 1920 2045 tenentur,

351 2047 489 2113 sentiunt
507 2066 569 2109 non
586 2045 674 2125 patici
691 2046 825 2113 lurisiae.
844 2047 884 2113 Et
901 2050 983 2112 ratio
1002 2044 1121 2122 estquia
1156 2051 1201 2111 eis
1221 2046 1410 2124 providendo
1431 2066 1491 2109 uon
1509 2042 1614 2109 solum.
1631 2048 1798 2111 necessaria
1820 2048 1857 2110 ad
1874 2052 1921 2110 vi·

351 2130 510 2205 antiquius
539 2126 573 2192 &
589 2128 792 2192 excellentius
822 2128 863 2192 cll
884 2126 1020 2192 debitum
1048 2145 1121 2202 erga
1159 2145 1223 2190 tam
1234 2127 1426 2201 corporalem
1449 2174 1456 2201 ,
1485 2122 1534 2187 sed
1564 2125 1601 2188 ad
1625 2126 1750 2190 civilem
1765 2130 1864 2191 etiam
1883 2126 1916 2191 dt

353 2224 523 2285 parentes,
553 2226 661 2284 utpote
681 2209 729 2283 qui
763 2208 823 2284 poll
841 2210 942 2272 Deum
960 2206 1018 2270 sint
1036 2205 1121 2269 nobis
1157 2204 1363 2283 spiritualem?
1383 2204 1421 2267 Et
1439 2225 1508 2268 cum
1525 2204 1637 2269 adbaec
1653 2207 1835 2282 exequenda
1853 2209 1919 2271 val⁴

350 2286 454 2353 caussa
483 2283 517 2350 dt
550 2290 730 2363 principium
757 2287 902 2353 existendi
926 2335 935 2366 ‚
958 2308 1028 2349 curn
1057 2281 1120 2362 post
1157 2289 1194 2349 de
1214 2284 1354 2349 conserat
1377 2305 1486 2360 amot;
1508 2283 1577 2347 hinc
1594 2302 1668 2350 ante
1688 2289 1921 2365 omniagenito‘

354 2368 456 2431 Deum
477 2414 486 2445 ,
516 2365 550 2430 dt
566 2366 626 2429 esse
646 2367 680 2432 dc
704 2372 802 2431 vitam
829 2390 846 2432 a
867 2365 1055 2446 genitoribus
1073 2387 1120 2427 ac·
1159 2387 1205 2430 res
1222 2366 1332 2429 debent
1350 2363 1421 2426 filiis
1441 2364 1501 2426 luis
1521 2362 1734 2442 diler‘lionem,
1755 2366 1922 2440 alimenta,

355 2464 476 2523 ceptam
503 2445 728 2523 agnoscamus:
762 2448 841 2510 unde
869 2449 995 2516 aequitas
1025 2448 1121 2522 exigit
1158 2446 1258 2523 pollea
1279 2446 1493 2509 educationem
1509 2460 1578 2505 tam:
1599 2444 1726 2507 civilem
1752 2464 1847 2521 quam
1866 2444 1921 2524 spi·

356 2544 393 2589 ut
418 2528 449 2589 in
479 2544 617 2589 extrema
647 2524 825 2591 necessitate
851 2527 888 2590 ab
917 2527 1048 2588 interitu
1070 2544 1121 2586 eos
1159 2527 1315 2602 ritualem;
1331 2523 1367 2588 dt
1386 2522 1451 2587 baec
1466 2524 1527 2585 duo
1545 2520 1920 2602 posterioratomplcstum

356 2620 429 2669 ante
448 2624 551 2669 omnes
572 2606 647 2668 alios
682 2605 833 2670 liberando
862 2605 932 2686 ipsis
961 2605 1050 2667 velut
1071 2607 1120 2666 vi·
1158 2623 1210 2669 tut
1225 2626 1357 2683 curam,
1385 2623 1454 2679 quae
1472 2603 1660 2679 genitoribus
1674 2622 1744 2681 erga
1762 2604 1920 2746 suamJto·

353 2704 422 2747 cem
448 2681 738 2764 rependamits3'ac
769 2690 840 2750 ideo
865 2690 944 2763 prius
964 2682 998 2748 dt
1018 2686 1121 2763 potius
1159 2685 1219 2748 lem
1246 2684 1429 2749 naturaliter
1459 2682 1626 2762 incumbit.
1653 2680 1694 2745 Et
1713 2703 1739 2744 ι.
1762 2704 1842 2759 quoa
1882 2684 1921 2754 di·

359 2765 438 2839 patri
457 2784 548 2840 quam
563 2772 679 2842 matri,
698 2769 766 2841 quia
784 2783 869 2843 pater
880 2770 1008 2843 priorem
1025 2762 1122 2827 &eir-
1160 2763 1320 2828 sessionem
1340 2811 1348 2840 ,
1372 2782 1464 2839 quain
1493 2759 1563 2823 filiis
1585 2762 1643 2824 suis
1672 2761 1785 2826 debent
1801 2765 1919 2842 genito*

357 2843 569 2907 cellentiorem
591 2848 730 2923 principii
752 2844 852 2908 locum
870 2863 961 2920 atque
984 2844 1122 2925 ordinem
1160 2865 1233 2920 res,
1257 2843 1334 2907 nihil
1363 2838 1495 2921 prosette
1522 2839 1576 2905 hac
1599 2841 1789 2919 obligatione
1808 2843 1919 2907 clarius

355 2922 477 2986 obtinet
498 2944 588 2998 quam
610 2944 708 2988 mater
729 2972 736 3004 ,
758 2923 843 2990 sicuti
867 2922 1065 2989 notarunt&
1089 2923 1120 2983 P.
1160 2941 1265 3002 patet.
1289 2923 1372 2987 Nam
1391 2919 1412 2981 si
1432 2920 1472 2984 ob
1492 2917 1720 2985 similitudinem
1732 2940 1853 2987 naturae
1872 2944 1920 2984 na·

357 3002 562 3080 Hieronymus
582 3026 648 3081 cap.
668 3026 714 3083 44.
734 3005 965 3084 Ezccliielis,S.
985 3003 1122 3065 Thomas
1160 3005 1254 3069 tutali
1292 3002 1433 3066 insilitiu
1471 3001 1654 3067 inclinamur
1692 3004 1728 3066 ad
1753 3003 1920 3082 diligendos

357 3100 385 3140 a.
407 3101 436 3142 2.
457 3105 484 3158 q.
506 3084 554 3144 26.
580 3104 638 3147 art.
664 3103 711 3144 20.
731 3089 833 3161 Quare
851 3087 932 3148 lilius
954 3083 994 3147 ob
1004 3080 1122 3166 easdem
1160 3085 1236 3148 alios
1254 3083 1417 3154 hemines,
1444 3077 1478 3144 dt
1497 3082 1536 3143 ob
1553 3082 1712 3145 vinculum
1740 3079 1919 3168 fraternitas

356 3164 494 3224 tationes
517 3165 547 3223 in
568 3172 713 3233 exttcriia„¹
724 3164 900 3228 necessitate
911 3181 1035 3226 tenetur
1055 3161 1122 3224 sub·
1161 3168 1199 3226 tis
1214 3206 1222 3241 ‚
1238 3166 1314 3238 quod
1333 3158 1461 3225 vicisfim
1479 3158 1620 3226 habemus
1641 3165 1761 3225 ratione
1780 3163 1851 3226 finis
1862 3194 1873 3240 ‚¹
1887 3164 1922 3224 ad

360 3242 466 3302 venire
488 3244 567 3314 patri
590 3247 692 3319 potius
706 3242 746 3308 'dt
767 3248 856 3307 matri
886 3243 1121 3318 quamproprias
1160 3259 1249 3318 quern
1270 3241 1386 3305 conditi
1407 3238 1534 3313 sumus,
1559 3259 1700 3305 tenemur
1716 3262 1754 3305 ex
1774 3242 1840 3320 iege
1853 3244 1921 3307 rba⁴

359 3320 465 3381 uxori.
485 3318 533 3381 Sic
553 3327 754 3386 communiter
770 3345 840 3385 curn
862 3321 891 3383 8.
911 3321 1031 3384 Thoma
1054 3320 1123 3383 loco
1162 3326 1262 3386 ritatis
1280 3320 1317 3383 ad
1337 3338 1474 3382 mutuam
1491 3319 1704 3396 diletionem,
1724 3339 1845 3396 quanto
1860 3342 1919 3385 ma·

357 3400 412 3459 cit.
434 3413 493 3461 art.
512 3415 540 3474 9.
570 3400 603 3465 dt
629 3396 763 3480 Magistr.
787 3405 926 3465 Sentent.
950 3404 1026 3479 ing.
1055 3396 1121 3461 diss«
1159 3406 1203 3480 gis
1231 3401 1310 3466 trahi
1333 3397 1521 3464 nondebent
1548 3405 1700 3478 genitores
1727 3400 1765 3464 ad
1790 3413 1921 3467 amorem
1965 3461 1967 3470 .

357 3493 406 3552 29.
429 3475 494 3540 luto
515 3481 719 3554 potiusquam
744 3486 835 3545 uxori
864 3499 988 3545 tenetur
1019 3482 1050 3542 in
1071 3499 1123 3542 ex·
1161 3481 1220 3545 l'uae
1240 3482 1360 3560 prolis,-
1382 3497 1448 3556 quae
1466 3496 1500 3542 ut
1522 3480 1559 3545 ab
1575 3477 1641 3557 ipsis
1662 3497 1853 3559 procreata,
1876 3478 1917 3544 esi
1966 3486 1971 3526 ἓ

358 3574 456 3620 trema
472 3555 647 3623 necessitate
676 3560 847 3625 succurrere
877 3564 1003 3640 propriis
1025 3558 1095 3622 filiis
1117 3608 1125 3637 ‚
1162 3563 1261 3627 veluti
1283 3581 1390 3625 cotum
1405 3579 1501 3636 pars,-
1529 3579 1590 3624 non
1619 3559 1702 3625 secus
1724 3581 1760 3624 ac
1777 3564 1857 3626 rami
1873 3582 1920 3624 ar·

356 3639 430 3712 quia
449 3642 548 3714 potior
574 3639 617 3703 ess
637 3640 815 3706 coniunslio
833 3658 993 3717 parentum
1017 3639 1056 3705 ad
1087 3636 1123 3702 fi·
1160 3642 1262 3720 boris,
1284 3642 1395 3719 palmes
1417 3641 1516 3716 vitis,
1547 3660 1583 3705 ac
1600 3642 1723 3716 proinde
1742 3638 1836 3706 sicuti
1850 3639 1921 3704 mul·

358 3719 416 3780 lios
434 3733 579 3794 tanquam
596 3721 706 3796 aliquid
726 3719 766 3785 sui
784 3719 962 3786 existentes.
1075 3788 1077 3793 ,
1163 3742 1197 3787 ιο
1213 3724 1279 3800 plus
1309 3741 1397 3797 quam
1426 3719 1554 3794 quilibet
1572 3720 1677 3796 ¹alius,
1705 3720 1765 3784 illis
1785 3719 1828 3785 est
1848 3741 1919 3786 con⁴

249 3868 252 3875 ,
401 3797 497 3861 Extra
521 3818 594 3861 vero
621 3818 788 3864 extremam
806 3800 1013 3866 necessitatem
1034 3797 1123 3863 debet
1163 3803 1261 3866 iunsla
1284 3822 1318 3863 ac
1338 3802 1505 3877 proximior
1525 3849 1533 3874 ,
1556 3798 1594 3864 sic
1627 3797 1750 3864 fortiori
1774 3822 1811 3864 ac
1840 3819 1919 3866 tene·

360 3875 442 3941 filius
466 3879 596 3954 (dicunt
625 3879 728 3956 passim
753 3873 821 3942 DD·
846 3899 955 3945 rontra
987 3881 1125 3958 aliquos,
1163 3885 1235 3947 riori
1253 3874 1358 3943 assessu
1379 3876 1543 3945 amabilis?
1567 3879 1671 3952 Quare
1698 3893 1847 3945 tenentur
1872 3900 1921 3957 ιι·

360 3955 479 4021 &meo
499 3955 596 4021 videri
640 3959 823 4036 robabilius)
844 3963 948 4040 potius
969 3981 1124 4039 quampa·
1164 3977 1264 4027 rentes
1281 3957 1352 4022 filiis
1368 3958 1426 4022 suis
1443 3958 1519 4025 bene
1535 3959 1618 4024 velle
1634 3956 1772 4036 assessu,
1797 3959 1833 4027 ἀ
1852 3979 1922 4039 ope*

361 4032 498 4100 tentibus
532 4033 568 4100 ἃ
593 3980 663 4100 fisis
694 4045 822 4114 propriae
849 4042 934 4103 uxori
965 4036 1123 4104 subsidium
1163 4062 1214 4116 re,
1235 4038 1423 4104 removendo
1443 4038 1481 4104 ab
1504 4044 1548 4105 eis
1564 4056 1715 4115 quantum
1736 4038 1805 4104 fieri
1828 4038 1920 4119 potest

363 4114 518 4196 praebere3
535 4118 666 4192 eoquod
679 4123 809 4183 maritus
824 4129 999 4184 cumuxure
1014 4116 1051 4182 sit
1062 4141 1123 4184 una
1163 4120 1243 4185 mala
1259 4121 1371 4183 anima:
1387 4118 1420 4184 dt
1439 4122 1590 4198 corporis.
1613 4120 1697 4186 Hine'
1716 4123 1855 4199 graviter
1874 4121 1922 4186 dt·

361 4215 456 4271 caro,
475 4193 588 4260 scilicet
604 4197 705 4261 veluti
727 4221 821 4263 unum
840 4220 875 4262 ac
892 4198 1124 4277 idemeomposi·
1165 4203 1302 4278 linquent
1323 4217 1467 4275 parentes
1498 4198 1520 4262 si
1546 4199 1626 4262 filios
1647 4199 1719 4265 odio
1742 4202 1921 4280 proseqnam

362 4290 455 4350 tum,
484 4276 530 4339 ita
552 4293 587 4339 ut
610 4297 670 4342 non
691 4275 773 4342 sectis
789 4299 823 4343 ac
843 4279 971 4355 quilibet
987 4275 1124 4345 solicitus
1166 4299 1238 4359 tur,
1256 4276 1278 4341 sl
1295 4282 1409 4343 malum
1431 4278 1489 4344 illis
1505 4296 1642 4359 optent‚·
1666 4302 1700 4354 ac
1719 4280 1739 4343 si
1760 4281 1921 4349 contritis

360 4355 423 4418 csse
438 4351 528 4442 debet
550 4358 631 4430 prius
652 4356 690 4421 ad
707 4357 749 4421 lui
768 4356 855 4435 ipsius
878 4379 967 4436 quarn
989 4357 1026 4423 ad
1046 4361 1123 4424 alio·
1164 4363 1207 4424 lot
1230 4359 1331 4425 serant
1352 4363 1586 4441 imprecationes
1606 4410 1615 4441 ‚
1639 4361 1880 4442 maledisliones,
1901 4361 1922 4426 si

363 4439 437 4500 rum'
446 4435 709 4500 conservationem
731 4441 801 4514 pita
818 4457 871 4513 pro
886 4438 1123 4505 conservatione
1164 4445 1254 4504 nimis
1271 4437 1374 4513 aspere
1397 4447 1427 4505 in
1445 4444 1514 4509 illos
1531 4459 1622 4521 agant
1661 4443 1827 4510 verberent
1850 4490 1858 4521 ‚
1882 4439 1924 4511 as·

326 4564 328 4571 .
360 4514 490 4606 propria
511 4520 636 4592 uxoris,
654 4536 724 4593 quae
742 4524 861 4606 ratione
878 4518 992 4583 vinculi
1014 4522 1123 4584 matri·
1164 4520 1275 4601 fligant
1293 4519 1355 4584 sine
1375 4522 1452 4587 iusla
1472 4526 1574 4588 caussa
1597 4553 1605 4601 ι
1626 4492 1647 4586 si
1668 4522 1741 4588 dum
1761 4527 1825 4590 indi
1845 4546 1924 4605 ent,-

358 4611 456 4656 monu
484 4587 561 4656 fatu
584 4593 629 4658 ess
659 4600 816 4660 eumilo
847 4599 945 4662 veluti
975 4619 1070 4662 unum
1089 4597 1124 4664 ἃ
1162 4605 1207 4664 eis
1222 4618 1284 4666 nun
1302 4599 1479 4669 succurrant
1504 4606 1592 4680 ‚&c.
1612 4604 1667 4669 Sed
1688 4605 1725 4668 de
1745 4606 1793 4671 his
1814 4548 1924 4685 {decia-

359 4673 441 4735 idem
460 4688 595 4748 corpus,
620 4693 655 4738 ut
669 4620 785 4741 Genes
803 4696 830 4738 2.
862 4678 1017 4766 &linquet
1043 4678 1125 4768 homo
1165 4682 1236 4744 lite'r
1251 4675 1348 4743 insta.
1378 4682 1530 4747 Stridliori
1559 4684 1641 4747 enim
1661 4685 1758 4749 titulo
1780 4691 1925 4752 tenentur

356 4746 580 4898 patembuum,
596 4755 635 4815 (a
656 4769 802 4845 matrem,
822 4755 1124 4823 &adbaercbttuxort
1142 4758 1312 4840 igenitorer
1328 4758 1397 4824 filiis
1416 4785 1507 4840 quam
1532 4763 1587 4826 lilii
1613 4764 1801 4842 genitoribus
1819 4796 1829 4846 ι
1856 4784 1925 4834 cum

354 4830 440 4913 suat,
518 4833 679 4922 truntdm
700 4855 838 4901 incarne
861 4862 936 4902 una.
968 4838 1123 4912 Etpre·
1162 4837 1418 4914 exiplonaturae
1439 4840 1649 4917 inlinitum
1668 4847 1926 4913 cerniturinbru·

363 4911 433 4978 sior.
455 4930 484 4990 5.
508 4912 563 4974 Vir
588 4913 645 4976 dili
663 4927 695 4977 at
722 4937 839 4981 nauem
863 4932 1002 4996 tanquam
1020 4933 1122 4996 corpus
1165 4924 1207 4985 tis
1228 4921 1321 4997 ipsis,
1351 4925 1383 4984 vi
1404 4926 1511 4987 maiori
1532 4926 1661 4990 inclinet
1675 4945 1788 4991 natura
1809 4933 1928 5006 genito·

354 4990 464 5072 suum.
493 4988 530 5060 lo
551 5015 624 5058 nece
650 5013 727 5060 itate
749 5014 852 5061 tamen
869 5000 1022 5063 communi
1041 4998 1121 5062 filius
1166 5022 1212 5065 res
1235 5021 1307 5078 erga
1328 5000 1406 5067 filios
1427 5075 1429 5079 ,
1449 5025 1520 5067 uam
1544 5002 1631 5077 hosce
1653 5027 1725 5085 erga
1756 5013 1927 5086 genitores.

339 5089 489 5144 *tenetur
506 5079 612 5157 potius
639 5095 728 5172 quam
753 5075 928 5157 parentibus
956 5078 1030 5158 proli
1059 5077 1119 5146 suae
1165 5072 1247 5148 Hinc
1263 5075 1398 5151 advertit
1419 5027 1723 5166 decorticaturum
1742 5100 1806 5155 non
1824 5092 1929 5161 haberi

1853 5176 1892 5239 iu
