4425 6000
598 493 800 567 Tanos.
829 514 894 565 os
923 491 1257 565 constans.
1285 491 1404 566 Cas.
1430 492 1497 567 lv.
1698 514 1770 590 ¹99

265 586 400 660 solvitur
415 611 434 659 a
450 587 573 656 dosuiuo
612 613 742 669 proquo
757 590 795 656 fit
815 594 949 667 emptio.
969 589 1025 653 Ni·
1062 589 1156 668 dant,
1174 609 1244 668 quae
1268 588 1305 653 ab
1330 609 1411 668 uno,
1436 590 1486 657 vel
1506 591 1610 668 paucis
1632 590 1724 655 vendi
1747 594 1819 658 Rei·

265 674 428 738 hilominus
444 688 548 738 tameo
563 640 593 734 ss
607 673 721 742 sutores
739 675 800 736 iam
816 669 949 734 fideliter
959 689 1025 747 per·
1063 669 1189 747 publicar
1214 669 1360 747 expedit,
1381 669 1443 734 slve
1465 668 1504 735 ob
1518 670 1706 749 utilitatem,
1730 692 1821 748 quam

264 751 348 818 sudio
363 750 524 818 contrastu
541 750 652 827 aliquid
672 754 821 827 accipiant
839 770 858 814 a
873 767 1025 815 mercato·
1063 750 1132 814 inde
1149 749 1276 828 percipit
1296 748 1494 828 Respublica,
1509 768 1567 825 qna
1575 748 1691 826 indiget
1712 769 1748 815 ut
1757 752 1822 828 lup·

264 831 365 909 ribus,
384 836 442 910 qui
463 832 520 895 hac
550 830 736 910 gratitudine
757 878 765 908 ,
791 827 1027 895 &liberalitate
1064 830 1146 906 pleat
1160 826 1319 907 expenfis,
1338 851 1410 906 quas
1425 830 1589 894 identidem
1608 824 1708 894 facere
1730 850 1821 906 opor·

267 929 321 975 eos
348 912 387 976 acl
409 906 627 1006 suqofficinas
652 910 775 974 trahere
801 926 937 986 curant,
964 928 1026 974 non
1064 925 1112 973 tet
1131 907 1172 972 ob
1190 906 1301 973 bonum
1318 929 1495 989 conmune,
1516 907 1579 973 live
1600 911 1671 1000 qnia
1693 925 1731 973 ut
1754 928 1823 974 cet·

267 990 366 1068 potest
381 992 411 1055 id
427 991 621 1067 reprehendi,
640 992 704 1053 imo
723 1010 777 1054 nec
797 987 937 1064 culpandi
955 989 1025 1053 lunt
1063 1005 1104 1053 tae
1129 1007 1242 1053 merces
1268 1007 1517 1065 comparentur,
1552 986 1822 1065 &cantantum

253 1070 347 1143 -quod
363 1074 538 1152 acciperent
557 1072 655 1133 etiam
670 1086 745 1133 ante
760 1069 1026 1148 completumcon·
1063 1068 1152 1132 multi
1175 1067 1330 1131 necessarii
1346 1065 1582 1145 lunt‘sumptus,
1598 1086 1631 1131 ut
1651 1068 1690 1134 ob
1713 1069 1820 1132 damni

262 1147 424 1228 aradum,
452 1149 613 1213 dummodo
649 1147 773 1212 aliunde
797 1146 931 1213 fideliter
961 1169 1026 1226 per·
1063 1146 1226 1226 periculum
1245 1166 1334 1211 nemo
1353 1151 1385 1210 in
1405 1145 1435 1211 se
1453 1167 1507 1211 eos
1530 1143 1678 1226 suscipere
1694 1146 1818 1223 vellet,

265 1221 357 1308 ag'a'nt
375 1232 533 1309 negotium
549 1230 647 1305 illius,
668 1247 722 1305 pto
748 1247 810 1305 quo
828 1247 955 1293 emunt.
977 1229 1025 1293 Sic
1063 1225 1116 1289 nifi
1134 1228 1324 1306 privilegium
1344 1224 1487 1302 haberet,
1503 1244 1538 1290 ut
1553 1224 1633 1294 solus
1650 1226 1818 1293 venderet.

261 1303 296 1370 Ρ.
316 1309 472 1386 Antoine,
493 1307 639 1372 Tournel.
656 1326 725 1372 cum
745 1308 825 1372 aliis.
1064 1306 1270 1370 Tuoctamen
1287 1309 1389 1369 tartari
1407 1306 1495 1370 debet
1517 1306 1673 1372 moderate
1688 1310 1821 1387 pretium
1923 1333 1927 1342 ·

304 1386 394 1454 Circa
410 1409 489 1453 vero
510 1390 741 1464 venditionem,
759 1408 827 1463 quae
842 1388 880 1451 lit
902 1404 1025 1466 accepta
1062 1386 1172 1452 talium
1186 1390 1346 1461 mercium,
1364 1404 1419 1449 nec
1438 1383 1520 1454 secus
1536 1385 1608 1449 illud
1624 1386 1821 1464 relinquendo

266 1467 376 1546 arrha,
396 1467 460 1532 hare
475 1466 518 1532 est
537 1467 676 1545 quaedam
692 1465 805 1544 species
822 1469 953 1545 pignoris
971 1467 1026 1532 da·
1061 1464 1190 1532 arbitrio
1207 1464 1411 1541 privilegiati,
1430 1459 1550 1532 nisr‘vir
1571 1461 1649 1545 srugi
1672 1465 1707 1532 dt
1727 1468 1820 1531 timo·

264 1549 290 1609 ti
313 1547 352 1612 ab
366 1566 506 1624 emptore
522 1548 694 1625 venditori,
714 1546 767 1612 vel
783 1563 819 1609 ut
839 1543 980 1611 ostendat
994 1546 1025 1611 se
1062 1562 1138 1610 ratae
1157 1541 1353 1609 conscientias
1368 1542 1587 1624 cognoscatur,
1608 1544 1821 1623 prasertimsr
1891 1619 1897 1635 Ι

266 1626 379 1692 habere
398 1627 609 1693 venditionem
631 1645 686 1703 pro
708 1623 833 1703 persedit
844 1646 878 1689 ac
893 1626 1025 1703 comple·
1061 1625 1140 1690 tales
1159 1644 1272 1688 merces
1286 1626 1489 1688 communiter
1509 1623 1567 1687 sint
1588 1625 1761 1690 necessariae
1782 1622 1822 1689 ad

266 1724 319 1785 ta,
335 1706 386 1771 vel
407 1725 443 1771 ut
463 1711 596 1783 pretium
615 1708 661 1771 rei
680 1725 792 1783 smptae
812 1705 929 1771 solvere
949 1710 1024 1771 irtel·
1059 1704 1215 1769 commode
1234 1702 1424 1779 civiliterque
1452 1706 1644 1784 vivendum,
1666 1705 1742 1769 alias
1766 1704 1821 1770 da·

268 1791 352 1864 piat,
373 1787 425 1851 vel
447 1785 573 1863 denique
605 1790 637 1849 in
657 1784 834 1862 muletamp
855 1784 876 1847 ss
901 1783 946 1850 sor
978 1798 1024 1856 la
1061 1802 1146 1848 retur
1172 1779 1290 1848 occasio
1331 1785 1490 1861 privatis,
1516 1799 1552 1847 ut
1589 1783 1821 1850 immoderatam

262 1863 423 1931 contradit
452 1866 565 1930 resilire
595 1866 702 1931 velit.
738 1866 894 1942 Qrocirca
926 1887 976 1930 arr
996 1881 1025 1930 z
1060 1862 1142 1928 suam
1169 1862 1353 1938 aviditatem
1371 1862 1530 1936 explerent
1550 1862 1629 1928 alios
1659 1861 1821 1931 indiscrete

265 1962 357 2022 prout
391 1961 493 2019 partes
529 1944 747 2009 contrahentes
780 1963 1025 2020 convenerunt,
1061 1939 1271 2022 pergravando
1285 1962 1355 2006 cum
1371 1960 1482 2020 magno
1497 1938 1621 2008 istorum
1636 1941 1766 2014 deitato.
1782 1941 1821 2006 ln

264 2026 351 2092 suum
369 2024 509 2090 effessum
528 2024 663 2088 habent.
685 2025 768 2089 Nam
783 2025 856 2088 licet
883 2026 1025 2103 regulari·
1061 2022 1127 2087 aliis
1147 2040 1252 2086 autem
1273 2020 1386 2099 rebus,
1410 2040 1476 2097 quae
1497 2022 1617 2085 nonnisi
1639 2022 1676 2086 ad
1696 2022 1820 2101 luxum,

265 2119 315 2168 ter
331 2104 437 2172 -arr'lsts
461 2103 520 2168 sint
550 2123 765 2182 argumentum
799 2100 936 2181 perfetta
963 2125 1025 2168 em·
1062 2101 1280 2179 voluptatem,
1298 2100 1597 2177 ostentationemque
1623 2098 1821 2181 inserviunt,

286 2185 409 2262 tionis,
434 2183 468 2250 dt
489 2183 675 2249 venditionis
694 2231 702 2259 ,
732 2184 893 2260 aliquando
921 2201 1024 2248 tamen
1061 2198 1097 2245 ut
1113 2176 1185 2244 sunt
1208 2177 1335 2255 pisturae
1348 2227 1357 2256 ,
1372 2200 1516 2259 gemmae,
1532 2182 1652 2256 aliaque
1666 2183 1756 2247 varia
1769 2202 1822 2248 οι·-

278 2280 337 2328 ιιιιι
353 2280 564 2340 argumentum
583 2281 601 2324 e
654 2264 765 2340 tionis,
786 2261 820 2328 dc
841 2264 1025 2330 venditionis
1060 2276 1276 2323 namentorum
1294 2277 1424 2337 genera,
1452 2256 1518 2324 slve
1542 2265 1638 2325 etiam
1657 2262 1822 2342 ciborum,

263 2342 509 2418 contrahendae,
539 2359 573 2404 ut
598 2360 614 2403 e
659 2345 728 2415 ira.
753 2344 802 2408 rit.
822 2360 870 2421 24.
890 2343 1024 2419 Quodsi
1061 2335 1180 2402 sacilius
1208 2338 1361 2402 venditori
1391 2341 1514 2404 concedi
1535 2339 1631 2417 potest
1651 2341 1752 2419 aliqua
1775 2344 1821 2408 la·
1844 2352 1852 2368 “

262 2425 328 2497 quis
358 2419 420 2485 else
441 2420 550 2484 debeat
579 2416 699 2484 effetus
726 2424 911 2500 arrharum,
939 2424 1024 2488 nulla
1059 2420 1130 2481 xior
1159 2412 1289 2482 facultas
1317 2420 1398 2482 circa
1420 2420 1510 2495 pretii
1542 2422 1752 2500 taxationem,
1772 2424 1821 2488 ita

324 2497 401 2563 ressa
422 2501 630 2568 conventione
656 2500 849 2580 declaretur,
872 2505 964 2576 isqui
982 2523 1024 2568 re·
1060 2514 1165 2561 tamen
1185 2515 1221 2561 ut
1241 2495 1317 2562 sciat
1332 2497 1478 2587 quosdam
1497 2500 1558 2563 elle
1579 2504 1724 2565 terminos
1742 2548 1751 2577 ,
1772 2503 1821 2565 in·

261 2596 350 2645 tuat
367 2580 531 2656 adimplere
551 2579 740 2644 contraitum
760 2585 819 2644 iam
838 2577 1023 2660 perfedlum,
1061 2594 1109 2640 tra
1129 2598 1203 2653 quos
1224 2574 1333 2639 lullum
1357 2576 1517 2642 consistere
1543 2576 1652 2654 debet.
1672 2579 1750 2645 Cum
1771 2581 1821 2647 hic
1903 2605 1906 2609 ·

264 2659 350 2722 stell·
366 2675 485 2735 emptor
504 2660 601 2736 perdit
622 2660 702 2734 quod
716 2658 818 2738 dedit,
838 2660 859 2723 li
884 2680 960 2727 veto
988 2661 1023 2726 stt
1062 2675 1165 2719 tamen
1185 2654 1283 2719 sernio
1303 2655 1651 2735 litnondemonopolio
1670 2659 1821 2726 latesum·
1858 2698 1861 2704 ·

264 2737 409 2804 venditor
445 2738 481 2803 dt
505 2737 702 2802 acontrallu
719 2736 830 2803 resilire
851 2741 946 2819 velit,
971 2741 1023 2806 du·
1061 2755 1114 2812 pto
1134 2732 1212 2798 sado
1233 2734 1348 2809 publica
1369 2735 1632 2815 ausloritate,sed
1653 2740 1692 2804 de
1715 2758 1821 2806 motio·

283 2818 349 2882 lum
369 2786 529 2883 ressituere
544 2819 763 2894 compellitur.
780 2820 828 2884 Sic
844 2818 1024 2888 iustinianus
1060 2814 1144 2891 lolio
1168 2813 1264 2879 stri&
1287 2813 1506 2907 &miseratos
1532 2817 1608 2892 quod
1632 2818 1668 2883 fit
1698 2822 1821 2894 privata

276 2917 325 2963 ot.
345 2900 400 2963 cit.
1022 2957 1034 2978 .
1060 2896 1272 2970 austeritate,
1299 2893 1368 2958 hvnc
1386 2898 1557 2962 notandum
1580 2894 1705 2963 huiusce
1732 2901 1821 2963 varia

1059 2973 1121 3039 else
1143 2994 1257 3055 genera
1277 2994 1287 3050 ;
1307 2977 1405 3050 primo
1435 2995 1542 3051 nempe
1568 2976 1689 3054 quando
1714 2999 1821 3053 unus,

561 3068 588 3131 s.
640 3060 726 3130 vll.
1059 3054 1111 3147 vel
1134 3058 1221 3133 pauci
1237 3058 1428 3145 conveniunt
1453 3075 1554 3118 emere
1578 3078 1693 3122 merces
1714 3076 1820 3123 omnes

525 3186 570 3248 v
585 3182 763 3264 Mona·
1060 3132 1836 3295 {stultissime

207 3312 237 3368 sla
303 3292 515 3370 Monopolium
530 3299 570 3363 sse
585 3301 696 3365 dislum
710 3295 752 3363 ell
773 3316 799 3360 a·
812 3288 906 3359 verbo
925 3312 1024 3372 graeco
1058 3295 1189 3357 eiusdem
1213 3296 1320 3357 mercis
1348 3294 1508 3360 inducatur
1540 3301 1691 3374 penuna,
1711 3296 1744 3362 dt
1767 3316 1821 3361 ca-

207 3392 376 3449 mmarus,
404 3374 480 3450 quod
507 3377 550 3440 est
571 3401 687 3460 unum,
712 3378 747 3445 δι
763 3376 863 3456 paleo,
890 3374 969 3450 quod
988 3371 1022 3434 sr-
1060 3378 1121 3436 rius
1142 3373 1295 3437 vendatur
1324 3370 1362 3436 ab
1386 3376 1454 3451 ipsis
1482 3379 1580 3452 pretio
1600 3398 1706 3442 eorum
1729 3374 1821 3443 libitu

214 3468 224 3489 ·
265 3451 392 3529 gnificat
401 3455 534 3520 vendere
548 3506 556 3534 ,
571 3478 605 3523 ut
621 3459 763 3523 observat
775 3452 928 3536 sylvester
937 3452 1020 3519 verb.
1058 3453 1244 3518 constituto.
1265 3470 1296 3514 ι.
1321 3455 1456 3528 Quando
1475 3455 1647 3532 eonlpirant
1669 3455 1706 3521 ad
1726 3458 1821 3533 impe·

264 3531 478 3610 messium,
499 3537 630 3613 aliique,·
650 3539 730 3601 unde
738 3535 946 3610 monopolium
956 3555 1011 3609 pro
1058 3534 1199 3596 diendunr
1221 3536 1280 3608 vi,
1304 3550 1408 3611 metu,
1429 3536 1480 3598 vel
1510 3532 1615 3601 fraude
1639 3556 1680 3600 ne
1705 3554 1820 3600 merces

265 3614 350 3690 pris,
367 3610 401 3677 ἀ
428 3611 526 3676 stride
553 3617 705 3697 sumptum
727 3615 771 3679 eli
798 3618 968 3678 conventio
987 3636 1021 3676 u·
1059 3615 1131 3680 talis
1149 3615 1265 3691 generis
1287 3615 1321 3675 in
1339 3615 1519 3693 civitatem,
1537 3619 1569 3679 in
1590 3636 1650 3691 qua
1668 3614 1819 3693 ipsimet·
1891 3641 1895 3650 ·

263 3691 348 3766 nius,
369 3691 421 3756 vel
441 3691 575 3767 plurium
590 3712 807 3764 mercatorum,
828 3712 883 3767 qua
901 3696 980 3756 inter
992 3690 1023 3754 se
1057 3714 1125 3758 cem
1145 3692 1275 3767 habent,
1296 3693 1504 3771 invehantur,
1523 3711 1557 3758 ut
1574 3693 1689 3771 iplil'oli
1703 3712 1821 3759 merces

262 3770 384 3847 propria
413 3773 536 3847 privata
560 3769 745 3836 austeritate·
775 3771 913 3858 statuunt
940 3778 1022 3836 circa
1059 3771 1191 3849 aseipsss
1210 3789 1357 3850 emptas,
1385 3773 1436 3838 vel
1456 3774 1493 3836 de
1521 3770 1579 3838 suis
1611 3773 1729 3851 praediis
1756 3769 1821 3835 des*

259 3867 397 3914 mercem
414 3847 545 3929 aliquam
560 3853 613 3915 vel
629 3871 751 3927 operam
766 3867 801 3914 ut
821 3851 1021 3925 iplrsoliven·
1059 3852 1191 3925 sumptas
1217 3853 1319 3914 carius
1337 3853 1473 3916 vendant
1497 3876 1569 3917 cum
1589 3873 1699 3932 magno
1725 3852 1819 3917 detti·

258 3926 361 4002 dant,
377 3923 411 3992 dc
427 3945 532 3993 emant
554 3952 614 4004 quo
640 3935 739 4006 pretio
757 3928 932 3996 voluerint.
955 3931 1023 3995 Hoc
1058 3948 1164 3995 mento
1181 3932 1374 4008 ementium,
1399 3930 1433 3996 δι
1453 3931 1659 4010 Reipublicae,
1677 3931 1757 4009 quod
1777 3927 1817 3994 fit
1889 3970 1892 3977 -

260 4026 353 4093 quam
379 4025 474 4085 grave
506 4010 692 4085 Reipublicae
720 4010 930 4087 praeiudiciunt
950 4007 1023 4072 atie-
1057 4015 1152 4075 etiam
1178 4009 1302 4086 quando
1328 4032 1469 4088 magnam
1496 4017 1616 4088 copiam
1642 4010 1818 4083 earumdem

223 4160 226 4165 ,
261 4104 332 4163 rat,
352 4105 443 4149 nemo
467 4108 530 4151 non
552 4087 661 4167 videt,
677 4091 816 4169 dumita
834 4093 1021 4153 convenien-
1058 4110 1202 4154 meretum
1217 4085 1403 4163 abscondunt
1413 4102 1426 4168 ,²
1442 4110 1477 4155 ut
1493 4112 1532 4155 ex
1553 4094 1818 4168 penuriaptetium

261 4182 312 4237 tes
330 4160 494 4245 efficiunt,
512 4186 548 4232 ut
568 4188 653 4239 ruerat
674 4170 728 4234 illa
742 4218 755 4246 ,
771 4185 826 4233 aut
853 4189 947 4245 opera
968 4172 1021 4232 vix
1057 4186 1234 4248 augeatur,-
1260 4169 1423 4243 decatius
1447 4172 1579 4236 vendere
1605 4174 1732 4236 valeant
1746 4182 1816 4246 .··3.

262 4243 353 4322 alibi,
375 4242 433 4309 nisa
446 4247 524 4326 apud
543 4246 622 4325 ipsos
640 4270 750 4328 magno
773 4251 878 4323 pretio
899 4252 1023 4312 inveni·
1056 4248 1192 4324 Quando
1210 4266 1395 4313 mercatores
1411 4249 1584 4328 conspirant
1605 4253 1688 4316 inter
1706 4247 1816 4313 secon-

262 4329 294 4389 εἰ
308 4320 419 4402 poffit.
445 4323 493 4390 lta
512 4332 716 4393 communiter
731 4370 743 4392 .
760 4325 850 4392 Unde
870 4331 1021 4406 monopoli
1057 4328 1214 4393 veniendo
1231 4327 1268 4392 de
1294 4329 1442 4394 mercibus
1464 4332 1513 4394 vel
1538 4351 1630 4408 offra
1651 4327 1817 4397 vendendis

207 4480 222 4491 ,‚
262 4403 489 4482 illiciendus,
507 4410 579 4483 quia
600 4412 724 4472 ratione
741 4407 971 4483 conspirationis
991 4411 1021 4473 se
1058 4413 1159 4485 pretio
1185 4408 1338 4472 duntaxat
1363 4407 1402 4471 ab
1426 4407 1493 4488 ipsas
1521 4411 1752 4485 decenninato,
1780 4408 1816 4472 dt

263 4482 375 4548 liabent
396 4485 447 4548 vel
471 4503 506 4549 ut
527 4506 605 4550 unus
623 4488 788 4557 venditor..
809 4488 848 4549 Et
866 4488 930 4553 haec
955 4510 1021 4555 mo-
1057 4511 1120 4553 non
1137 4488 1286 4565 amplius,
1307 4485 1370 4551 sive
1391 4490 1489 4553 etiam
1510 4493 1612 4565 pretio
1630 4487 1817 4553 solummodo

212 4642 216 4647 Ι
262 4564 387 4639 nopolia
402 4563 511 4628 illicita
525 4560 612 4630 sunt.
632 4568 912 4633 Siccommuniter·
1057 4565 1258 4648 rigoroso,·&
1279 4568 1410 4631 summo·
1432 4592 1461 4648 4
1480 4566 1816 4644 Qsandosalsrsestpo·

215 4678 221 4691 ·
261 4712 269 4725 ,
301 4642 375 4709 nisi
393 4645 508 4723 propria
525 4645 646 4725 priuata
665 4646 859 4723 ucioritars,
876 4670 947 4711 nam
967 4664 1022 4713 ve·
1057 4646 1214 4714 sstionibus
1229 4665 1418 4723 extorquent
1435 4671 1453 4714 a
1470 4650 1607 4726 Prrrrcipe
1624 4648 1829 4726 privilegium>

207 4700 329 4813 'frum
342 4718 410 4817 ess,
424 4724 459 4790 dt
474 4746 581 4814 omnes
598 4723 736 4819 satentsn
751 4727 941 4792 licitumesse
957 4749 1020 4792 mo
1056 4727 1281 4818 monopolii-ad
1308 4732 1438 4803 pretium
1462 4728 1517 4794 vel
1543 4728 1715 4808 augendum
1732 4775 1744 4802 ,.
1763 4725 1828 4790 veh»

207 4822 214 4871 t
256 4802 416 4885 uopoltuns
435 4807 504 4868 late
519 4805 687 4884 sumptum,
705 4805 777 4870 rdesl
793 4796 1021 4886 publicassem
1057 4830 1122 4873 non
1148 4807 1372 4878 minuendum,
1401 4829 1427 4886 5.
1457 4808 1591 4885 Quando
1620 4805 1830 4886 praevidendo*

259 4887 360 4959 ritate
382 4882 585 4965 constitutum
605 4935 614 4963 ,
632 4885 755 4961 quando
783 4907 860 4951 unus
887 4885 1022 4967 seilicet,
1058 4889 1194 4964 pretium
1206 4886 1277 4951 talis
1297 4892 1405 4953 mercis
1417 4892 1609 4955 imminutum
1624 4892 1679 4965 iti,
1694 4889 1767 4964 quia
1782 4903 1819 4950 ve

264 4967 315 5045 uel
335 4968 423 5042 pauc-i
445 4963 626 5031 facultatem
652 4966 794 5034 obruent
818 4988 839 5031 a
859 4968 1025 5043 Principe,
1056 4991 1082 5048 g.
1105 4987 1200 5032 naves
1220 4971 1283 5031 iam
1298 4967 1353 5030 tali
1374 4989 1473 5034 merce
1491 4968 1605 5033 onuslae
1625 4967 1817 5033 seliciterna·

259 5065 297 5131 ut
318 5045 374 5126 ipss
393 5046 447 5117 loli
468 5065 568 5143 certas
586 5068 725 5127 maces,
741 5047 796 5116 vel
815 5066 927 5127 operas
947 5066 1023 5120 ven-
1059 5049 1166 5128 vigant
1194 5065 1315 5127 portum
1344 5050 1472 5167 verlitpl,
1500 5046 1649 5124 iptiiallo
1665 5047 1821 5123 evulgans

398 5162 401 5167 ·
1435 5170 1463 5187 ..
1506 5152 1526 5205 4
1682 5143 1782 5191 naves
