4425 6000
354 478 428 577 ¹7⁶
639 468 935 545 Turonos
964 466 1445 549 continencia.
1471 472 1519 545 ll.

291 583 393 649 licant
418 574 505 639 suum
529 569 690 650 pretium,
713 588 773 661 quo
797 564 902 661 pallini
931 564 1068 661 vendun·
1103 570 1254 637 vendendi
1269 590 1383 636 merces
1402 589 1554 638 mercator
1573 570 1648 637 liber
1666 568 1705 637 fit
1730 570 1868 637 amultir

299 681 372 734 tur,
392 659 465 735 quia
481 670 554 718 ωηο
579 654 612 711 in
642 650 733 725 pretii
754 664 917 712 taxatione
937 667 999 711 iam
1019 666 1068 709 in·
1102 654 1203 729 curis,
1228 649 1393 729 impensis,
1412 653 1522 729 quibus
1539 672 1593 730 pro
1614 671 1724 717 eorum
1751 650 1868 717 conset·

299 738 397 819 spcsla
418 732 544 799 fuerunt
565 728 702 818 labores,
721 724 863 807 impensae
880 776 890 806 ‚
907 728 1067 821 «ursaque
1104 734 1232 797 vatione
1252 729 1407 796 subiacere
1422 732 1588 811 debuisset,
1607 732 1642 799 dt
1657 731 1697 798 lit
1712 732 1812 811 inagis
1824 752 1867 809 pa·

300 822 363 887 alia
385 811 664 901 quaecommuniter
685 810 750 871 lieri
765 803 881 873 solent.
904 806 983 871 Dico
994 825 1066 869 com·
1104 828 1188 876 ratus
1203 808 1434 889 expeditiorque
1450 811 1488 877 ad
1498 832 1587 877 nova
1597 812 1867 877 lucranovasruei·

298 896 451 973 munirer,
471 914 542 959 narn
562 890 582 951 li
605 910 658 966 per
683 887 806 964 aliquod
833 884 996 982 fortuitum
1018 906 1067 950 ac·
1102 912 1152 957 ces
1166 890 1387 971 comparando,
1409 890 1489 969 quod
1513 888 1565 970 ipsi
1586 912 1648 957 nori
1670 890 1789 957 leviter
1809 894 1865 957 uti·

297 980 401 1046 cidens
425 974 509 1053 fiat,
532 988 567 1036 ut
588 968 695 1045 aliquis
722 965 876 1061 subiaceat
906 964 1067 1031 maioribus
1105 972 1162 1037 lius
1182 970 1223 1036 est
1243 992 1334 1049 quam
1357 970 1379 1033 li
1396 974 1577 1038 minutatim
1591 974 1693 1050 pretio
1712 970 1865 1037 ordinario

300 1055 499 1125 incommodis
527 1049 666 1126 laboris,
685 1046 839 1128 periculi,
858 1048 958 1111 damni
981 1094 990 1139 ,
1012 1063 1066 1109 aut
1104 1073 1154 1118 eas
1176 1050 1381 1117 vendidisset.
1401 1051 1481 1117 ltem
1499 1074 1570 1117 cum
1590 1052 1772 1119 venduntur
1794 1072 1867 1115 mer·

300 1134 533 1219 iinsensatum,
560 1130 623 1197 &0
647 1148 738 1205 ‘luam
764 1128 815 1193 ³¹st
839 1142 1067 1219 cmlmqssstqr,
1103 1152 1154 1198 ces
1175 1132 1295 1213 publica
1317 1130 1474 1209 auslione,
1493 1130 1545 1197 leti
1560 1151 1638 1198 voce
1663 1130 1777 1209 publici
1799 1152 1868 1210 pre·

238 1232 241 1237 ·
301 1238 366 1284 ηοη
389 1215 459 1281 ideo
487 1213 582 1291 potell
612 1211 743 1287 pretium
772 1228 883 1287 augere
901 1208 1068 1301 ,sicutte
1102 1216 1216 1293 conis3
1240 1230 1317 1276 tune
1334 1216 1417 1275 enim
1437 1208 1561 1292 possunt
1581 1212 1709 1276 minoris
1729 1208 1868 1291 emi,&

300 1316 414 1365 contra
429 1296 564 1358 minuere
581 1309 644 1353 non
660 1305 804 1367 tenetur,
820 1285 848 1381 si·
857 1289 1010 1353 ordinaria
1019 1304 1067 1347 iii·
1105 1292 1269 1369 aliquando
1292 1292 1385 1369 pluri,
1406 1292 1496 1358 vendi
1516 1312 1606 1371 quam
1625 1293 1780 1368 importat
1807 1312 1868 1368 pfe-

302 1376 461 1443 commoda
492 1393 552 1437 non
580 1368 815 1462 subierit,quia
840 1364 1068 1462 infortunium,
1104 1378 1206 1451 tium,
1225 1391 1286 1449 quo
1305 1370 1381 1437 solet
1400 1372 1492 1439 vendi
1513 1368 1799 1449 mercatoribus,
1822 1370 1866 1435 sed

301 1455 484 1529 difficultas,
499 1448 650 1523 felicitas,
672 1448 723 1514 vel
733 1446 880 1541 industria
896 1466 985 1512 unius
994 1465 1069 1540 ven·
1102 1450 1142 1517 de
1162 1452 1220 1517 lioe
1236 1450 1309 1517 satis
1327 1469 1419 1517 antea
1437 1454 1497 1517 iarn
1517 1452 1667 1516 diximus.

302 1540 429 1613 ditoris,
450 1553 487 1599 ut
507 1552 554 1598 res
575 1527 787 1607 particulam,
812 1547 874 1592 ¹¹0⁰
896 1526 1067 1621 estjam)
1144 1533 1256 1599 Emens
1286 1552 1401 1597 merces
1428 1532 1599 1598 Mediolani
1630 1532 1736 1611 pretio
1757 1532 1865 1598 minori

303 1614 356 1689 seii
384 1615 489 1697 regula
505 1662 515 1693 ‚
533 1630 627 1689 quare
647 1612 788 1701 varietus
804 1627 972 1672 conmuni
991 1604 1068 1671 aeiii-
1105 1615 1194 1681 iuxta
1219 1612 1277 1679 loci
1295 1611 1385 1677 liuius
1413 1628 1521 1680 taxum
1540 1614 1638 1689 potest
1656 1630 1711 1679 esi
1739 1610 1866 1678 wudu

305 1700 402 1765 matio
415 1743 423 1774 s
438 1715 505 1772 (ΝΞ
522 1691 610 1756 fituil
631 1691 728 1783 ⁰¹¹}ssss
750 1687 811 1753 ³¹¹³
832 1688 882 1753 lex
901 1686 992 1751 habet
1010 1704 1067 1780 ΙΡῐῡ
1104 1698 1203 1769 pretio
1218 1694 1329 1758 maiori
1347 1693 1510 1769 Veneriis,
1530 1690 1580 1757 ulii
1596 1714 1704 1759 earum
1719 1708 1865 1757 taxema·

301 1778 408 1855 regula
422 1796 459 1841 ea
474 1792 541 1851 quae
553 1770 775 1863 utllsssffllumi
799 1766 849 1833 stu
865 1783 1067 1833 comminister
1105 1778 1151 1838 ior
1171 1773 1231 1851 sit;
1252 1790 1321 1837 tum
1335 1775 1404 1849 quia
1429 1768 1519 1837 subiit
1538 1772 1709 1851 expensas,
1728 1772 1765 1839 dr
1788 1768 1865 1837 labo·

301 1856 371 1922 fieri
396 1853 522 1931 solent,
545 1850 597 1916 seu
617 1868 762 1915 evenne·
784 1846 881 1943 ,Unde
909 1868 957 1941 ζεῦ
977 1845 1067 1924 Plane
1105 1874 1172 1921 rem
1186 1855 1224 1919 ad
1246 1872 1297 1917 ers
1318 1852 1465 1917 Veneriis
1480 1851 1687 1930 deportanda,
1710 1868 1781 1916 tum
1800 1852 1866 1927 quia

301 1940 386 2002 tanti
405 1935 492 2001 vaiet
513 1932 619 2008 quanti
639 1945 842 2021 communiter
861 1926 1047 1992 aeslimitur·
1103 1930 1277 1999 contradus
1303 1932 1489 1997 venditionis
1512 1932 1687 1998 earumdem
1712 1926 1866 2007 perficitur

345 2018 423 2081 ltern
441 2009 910 2101 niodusvendepd1‚iuracum
930 2027 977 2071 ¹0⁵
990 2024 1066 2099 yen·
1103 2012 1265 2090 Veneriis,
1284 2012 1335 2077 ubi
1356 2016 1454 2077 maior
1474 2008 1517 2075 eli
1536 2032 1643 2076 carum
1665 2029 1762 2087 taxa,
1782 2008 1817 2076 dt
1829 2028 1869 2075 ir·

302 2097 387 2161 ditur
403 2098 434 2158 i¹¹
455 2112 553 2172 uitia
572 2104 748 2167 ‘summale
770 2136 778 2165 i
798 2087 832 2152 &
855 2090 1035 2153 minutium
1056 2102 1066 2145 ··
1105 2092 1255 2158 ssimatio.
1277 2092 1307 2154 Si
1328 2110 1405 2156 vero
1427 2090 1498 2157 talis
1520 2092 1657 2157 venditio
1675 2090 1773 2155 siata
1796 2108 1868 2155 iuer·

302 2198 377 2249 nam
396 2192 471 2239 tunc
491 2186 614 2252 propter
637 2168 791 2246 laborem,
811 2166 978 2244 impensas,
998 2186 1067 2242 ⁰1²8·
1103 2191 1209 2239 catore
1236 2168 1456 2237 Mediolanensi
1485 2175 1679 2251 mercatori,
1707 2168 1761 2233 vel
1784 2168 1867 2233 alteri

302 2277 371 2334 ras,
389 2245 682 2325 sollicitudinesque,
702 2268 771 2325 quae
788 2246 826 2341 ad
840 2244 871 2309 id
886 2249 1068 2325 exiguntur,
1105 2252 1238 2332 perl‘onae
1259 2252 1409 2330 Venetae,
1429 2269 1503 2317 tunc
1525 2250 1691 2318 videndum
1712 2248 1758 2314 est
1774 2246 1867 2325 qualis

304 2333 404 2417 potest
426 2334 520 2408 pluris
541 2330 631 2395 vendi
653 2327 778 2407 quamsi
797 2348 829 2389 in
847 2348 954 2407 magna
972 2346 1067 2403 quan·
1103 2334 1274 2398 conventio
1294 2334 1378 2395 inter
1398 2328 1474 2408 ipsos
1498 2332 1721 2396 intercesserit.
1743 2324 1869 2393 Neruii

305 2420 401 2482 titate
420 2412 507 2487 simul
525 2412 729 2477 venderetur.
1104 2416 1186 2477 inter
1205 2409 1284 2488 ipsos
1311 2412 1454 2487 expresse,
1478 2428 1672 2475 conventum
1701 2406 1821 2487 fuerit,
1838 2422 1870 2471 ut

347 2491 463 2560 Adsunt
483 2511 601 2570 quoque
616 2509 655 2554 ex
675 2488 829 2553 communi
851 2485 1003 2553 sententia
1013 2506 1067 2550 va·
1104 2509 1258 2557 mercator
1274 2489 1511 2557 Mediolanensis
1524 2510 1576 2555 eas
1596 2490 1669 2555 daie
1687 2488 1871 2569 debeatpie·

304 2579 360 2641 iiie
385 2574 515 2649 causlae,
535 2565 710 2636 rationesve
740 2585 865 2645 propter
892 2588 964 2644 quar
996 2566 1067 2660 licet
1105 2574 1153 2637 tio
1171 2569 1391 2636 Mediolanensi
1409 2567 1551 2635 detrudis
1577 2566 1717 2647 expensis
1738 2586 1797 2647 pro
1821 2586 1870 2631 ei·

304 2660 399 2719 etiarn
418 2653 547 2716 minoris
567 2670 632 2715 reni
651 2668 753 2713 emere
768 2668 857 2724 quam
881 2664 1067 2721 caeteroquin
1106 2674 1173 2717 nim
1187 2652 1417 2728 deportatione,
1439 2666 1513 2714 tune
1533 2650 1630 2713 etiam
1649 2648 1871 2725 Venetiispre·

306 2735 448 2808 valeret,
469 2728 541 2794 idest
561 2726 583 2792 s¹
600 2749 647 2793 Μ
668 2750 772 2803 imum
795 2727 832 2791 fit
847 2727 933 2791 utilis
947 2742 1067 2801 empto·
1105 2735 1186 2797 tium
1204 2735 1339 2807 recipere
1354 2726 1444 2793 debet
1466 2728 1608 2793 venditor
1628 2730 1718 2794 iuxta
1738 2744 1870 2801 texam,

305 2820 346 2889 ri,
373 2834 408 2877 ac
424 2832 491 2876 earn
507 2830 570 2875 non
586 2824 666 2872 emat
684 2806 737 2870 nisi
759 2810 791 2870 in
815 2809 946 2886 gratiam
967 2804 1069 2869 vendi·
1104 2832 1195 2891 qnam
1221 2829 1336 2877 merces
1356 2806 1447 2873 habet
1465 2807 1635 2873 Mediolani
1655 2857 1663 2885 ,
1682 2806 1771 2873 secus
1796 2824 1869 2885 vem

306 2897 398 2959 toris.
423 2892 507 2957 Nam
524 2890 555 2953 in
573 2889 627 2953 tali
648 2885 718 2952 calu
735 2908 782 2951 res
799 2886 939 2961 vilescit,
955 2902 1022 2950 turn
1030 2904 1069 2947 ex
1106 2888 1202 2971 potest
1219 2908 1289 2956 tnta
1308 2885 1495 2955 conscientia
1509 2890 1643 2967 recipere
1664 2890 1803 2968 pretium
1822 2902 1868 2949 ta·

305 2970 443 3050 eoquod
471 2991 534 3035 non
564 2970 766 3058 inveniantur
794 2983 977 3043 emptores,
1003 2982 1070 3031 tum
1115 2972 1338 3048 xaeVenetae,
1358 2973 1430 3046 quia
1454 2972 1486 3036 in
1507 2970 1562 3036 tali
1587 2964 1659 3037 casu
1682 2986 1737 3034 eas
1762 2964 1868 3034 vendit

306 3057 379 3131 quia
393 3054 523 3127 emptori
547 3071 651 3126 parum
667 3051 705 3112 lit
724 3046 827 3112 utilis·
918 3111 922 3119 .
1106 3055 1263 3129 Veneriis,
1281 3072 1343 3116 non
1370 3043 1561 3129 Medioſtrii,
1579 3047 1744 3114 dummodo
1768 3063 1873 3114 tamen

347 3133 427 3198 ltem
447 3128 468 3192 si
490 3149 536 3194 res
553 3128 638 3193 ultro
652 3125 843 3205 offerantur,
863 3127 897 3196 ἀ
917 3143 1068 3204 emptores
1107 3131 1166 3210 ipse
1183 3129 1290 3196 fecerit
1311 3127 1455 3206 expensas
1471 3151 1525 3208 pro
1544 3149 1653 3195 earum
1679 3129 1870 3204 deportatio·

306 3215 530 3290 exquirantur,
550 3229 585 3272 ac
604 3211 700 3272 etiam
717 3226 861 3296 rogentur
881 3209 970 3272 iuxta
993 3206 1069 3271 illud
1107 3232 1164 3276 nes
1186 3231 1257 3276 nam
1274 3209 1294 3272 si
1318 3207 1457 3288 expensae
1473 3206 1559 3274 fattae
1576 3207 1636 3274 sint
1654 3207 1692 3274 ab
1708 3225 1869 3286 emptore,

306 3291 458 3356 effetum:
478 3307 587 3354 merres
607 3289 747 3352 ukroneae
767 3287 913 3365 vilescens
933 3309 942 3364 ς
963 3285 1020 3350 lioc
1040 3308 1070 3347 e·
1107 3293 1232 3356 videtur
1251 3291 1330 3369 quod
1358 3293 1408 3355 liic
1429 3309 1500 3354 rems
1517 3307 1621 3354 emere
1646 3285 1789 3354 voluerit
1809 3283 1874 3352 Me·

306 3376 372 3437 iiim
392 3370 508 3436 indicat
525 3371 712 3446 paucitatem
727 3371 914 3442 ementium,
934 3367 1069 3429 dummo-
1106 3371 1240 3445 diolani,
1260 3370 1386 3445 ideoque
1402 3372 1501 3447 pretio
1522 3387 1605 3435 taxae
1626 3387 1719 3445 quatu
1736 3365 1779 3432 ibi
1796 3383 1875 3432 ruer·

307 3455 348 3516 do
367 3468 471 3516 tanuen
490 3448 625 3513 charitas
650 3447 730 3510 aliud
753 3467 815 3509 ηοη
837 3449 971 3524 exigat.-
999 3465 1070 3508 narii
1105 3471 1154 3514 ces
1174 3450 1284 3514 habet.

307 3533 449 3596 illicitum
486 3527 529 3592 est
556 3528 648 3589 vilius
677 3545 777 3590 emere
806 3547 853 3590 res
875 3545 1070 3604 pauperum,
1145 3529 1210 3606 Qui
1230 3528 1361 3595 scientia
1390 3531 1513 3607 privata
1532 3525 1689 3608 cognoscit
1717 3527 1809 3596 brevi
1834 3523 1876 3592 oli

307 3632 383 3690 quas
411 3607 463 3687 ipsi
492 3606 669 3674 necessitate
690 3602 832 3682 compulsi
856 3605 980 3670 venales
1003 3625 1070 3680 pro·
1107 3609 1226 3686 aliquod
1249 3608 1386 3674 accidens
1408 3613 1554 3674 mercium
1570 3608 1729 3687 valorem,
1748 3605 1917 3686 seupreeni

304 3707 442 3770 ponunt,
461 3711 501 3754 eo
518 3685 583 3752 solo
599 3703 756 3763 praetextu
777 3685 855 3763 quod
870 3683 1071 3759 exhibentur,
1108 3693 1186 3755 tium
1203 3691 1392 3769 erigendum,
1409 3685 1765 3754 dummodoabsitomnis
1777 3683 1874 3763 staur,
1888 3701 1914 3737 ⁸¹

305 3771 340 3838 ἃ
366 3768 538 3836 offerantur
568 3766 717 3840 venales,
743 3767 776 3830 dt
800 3785 838 3828 eo
859 3766 909 3828 vel
938 3767 1070 3828 maxime
1110 3771 1195 3836 licite
1215 3788 1316 3834 emere
1341 3767 1438 3847 potest
1468 3771 1571 3844 pretio
1590 3771 1752 3843 currenti,
1773 3770 1822 3833 ite
1840 3763 1917 3828 ut·

305 3853 385 3926 quod
405 3848 526 3925 quando
552 3848 592 3912 ob
615 3844 825 3911 necemtatem
849 3843 971 3920 praecise
990 3847 1070 3921 cogi·
1107 3847 1168 3912 Th.
1185 3869 1213 3910 a.
1235 3869 1262 3910 2.
1281 3869 1307 3926 q.
1325 3869 1372 3930 77.
1393 3862 1451 3912 arr.
1470 3865 1497 3929 3.
1524 3847 1565 3911 ad
1586 3869 1616 3930 4
1640 3845 1917 3930 eaurientium,

307 3952 361 3994 tur
380 3931 536 4006 proximus
557 3947 621 3992 rem
645 3928 728 3991 luam
754 3925 886 3988 vendere
901 3973 910 4001 ,
927 3945 988 3988 non
1016 3927 1070 3986 mi·
1108 3931 1220 4005 aliique
1243 3927 1373 4008 passim,
1399 3928 1433 3994 dt
1455 3949 1501 3992 ies
1523 3945 1610 4004 patet
1630 3947 1671 3990 ex
1690 3923 1802 3991 Genes
1828 3943 1917 4006 quilii

306 4031 365 4073 nus
385 4007 528 4071 iniullum
548 4007 591 4070 est
609 4010 740 4083 pretium
760 4007 956 4076 imminuere,
980 4025 1071 4080 quain
1108 4008 1156 4074 ubi
1181 4009 1414 4073 commendatur
1435 4007 1560 4086 loseph,
1581 4008 1630 4084 qul
1653 4003 1753 4070 sciens
1774 4007 1917 4086 priver·

306 4088 384 4153 illud
401 4107 509 4167 augere
526 4104 648 4164 propter
669 4083 900 4158 necessitatem,
921 4085 972 4147 l'eu
988 4084 1071 4147 utili·
1108 4092 1164 4152 tim
1185 4088 1249 4151 sore
1266 4108 1405 4165 magnam
1422 4085 1568 4151 frumenti
1590 4090 1751 4164 penuriam
1769 4105 1812 4150 ex
1827 4081 1871 4148 su·

306 4185 408 4234 tatem
436 4169 606 4243 emptoris;
637 4169 709 4241 quia
738 4163 825 4228 sicuti
853 4166 998 4239 emptoris
1017 4184 1070 4226 ne·
1110 4187 1295 4244 perventura
1315 4167 1494 4244 slcrilitrte,
1513 4166 1547 4232 dt
1566 4164 1795 4243 consequenter
1811 4181 1872 4242 pre·

306 4247 426 4314 cellitas
441 4249 483 4310 rei
508 4247 644 4310 valorem
662 4265 723 4307 non
749 4260 860 4324 auget,
880 4249 925 4332 ita
950 4241 1072 4307 neceffi·
1113 4253 1189 4310 tium
1224 4245 1367 4311 sruiiienti
1407 4247 1604 4326 augendum,
1631 4265 1777 4328 magnam
1803 4245 1871 4306 eruit

305 4347 355 4392 tas
384 4325 583 4402 venditoris,
612 4323 732 4400 quaudo
768 4343 831 4386 non
860 4323 935 4387 adlit
964 4322 1070 4399 aliquis
1109 4329 1320 4404 quantitatem
1342 4323 1484 4390 frumenti
1507 4329 1606 4402 pretio
1625 4329 1763 4390 currenti
1780 4323 1872 4412 Ray:

306 4407 383 4472 alius
411 4407 551 4482 titulus,
580 4404 660 4467 idem
687 4423 749 4468 non
783 4405 963 4467 inuninuit.
992 4403 1071 4468 ltem
1109 4411 1173 4483 pti,
1188 4409 1264 4482 quod
1287 4405 1389 4484 polica
1408 4409 1508 4470 carius
1528 4407 1694 4470 vendidit.
1717 4403 1801 4470 ltem
1829 4417 1872 4478 qui

305 4505 480 4566 emptorum
520 4486 655 4561 aircitas,
677 4483 845 4558 quiaillud
867 4487 965 4546 minus
991 4481 1071 4547 aesti·
1110 4485 1204 4550 sciens
1224 4487 1353 4551 scientia
1374 4489 1494 4563 privata
1513 4485 1787 4562 pretiuniallcuius
1803 4501 1874 4546 mer·

305 4585 408 4630 matur
425 4587 463 4641 qu
519 4569 618 4628 minus
640 4561 901 4642 quatriennium
922 4565 1008 4640 copia
1026 4559 1070 4625 su·
1107 4570 1150 4629 eis
1170 4567 1208 4630 ob
1229 4569 1348 4643 copiam
1368 4563 1501 4630 eiusdem
1517 4571 1630 4630 mercis
1656 4563 1873 4640 supervenien-

305 4649 487 4724 perveniens
516 4649 684 4720 mercium,
706 4644 777 4720 qnia
804 4659 878 4706 tunc
902 4661 973 4706 vere
1005 4663 1070 4719 pre·
1109 4665 1197 4724 tem,
1224 4647 1273 4709 vel
1292 4665 1426 4710 monetae
1447 4645 1587 4710 valorem
1605 4645 1644 4709 ob
1663 4643 1754 4722 ipsius
1779 4641 1871 4720 prolii·

306 4728 386 4790 tium
402 4726 569 4788 minuitur.
590 4725 719 4788 ldenim
733 4725 861 4786 minoris
882 4719 1069 4797 aessimatur,
1107 4724 1254 4790 bitionem
1287 4727 1485 4790 minuendum
1514 4725 1601 4801 else,
1630 4725 1715 4789 licite
1747 4723 1872 4786 vendere

304 4807 393 4869 cuius
413 4808 513 4868 maior
534 4802 577 4868 est
597 4808 703 4883 copia.
731 4803 809 4867 ltem
822 4824 894 4864 cum
911 4821 1023 4866 merces
1039 4805 1069 4864 in
1110 4805 1206 4881 potest
1235 4827 1366 4870 mercem
1393 4809 1492 4882 pretio
1522 4807 1690 4880 currenti,
1713 4803 1749 4868 dt
1771 4803 1872 4866 l'ecun·

306 4905 417 4965 magna
446 4889 620 4960 quantitate
649 4883 733 4946 simul
756 4898 920 4958 emuntur;
945 4899 1019 4946 tune
1040 4903 1070 4946 e·
1110 4886 1180 4947 dum
1206 4907 1339 4952 monetae
1371 4888 1509 4950 valorem
1534 4881 1714 4962 praelentem
1738 4897 1874 4946 monetas

306 4967 371 5027 nim
391 4966 518 5028 minoris
538 4967 599 5028 emi
624 4965 746 5039 pollunt
772 4980 863 5054 quam
884 4961 904 5023 li
931 4983 982 5039 per
1002 4983 1070 5038 ptir-
1113 4966 1285 5040 expendere
1302 5016 1310 5044 ,
1327 4971 1397 5042 quia
1421 4967 1507 5030 valor
1527 4965 1619 5029 lullus
1645 4963 1688 5026 ell
1715 4963 1812 5026 valor·
1828 4979 1878 5038 pu·

304 5059 356 5108 tes
382 5046 563 5110 minutatim
591 5062 787 5119 emerentur,
809 5061 879 5118 quis
905 5043 960 5108 lios
979 5043 1070 5108 modo
1107 5043 1185 5110 silice
1205 5067 1328 5112 currens
1355 5044 1518 5116 secundum
1538 5061 1732 5110 communem
1748 5041 1877 5136 aeliima·

1782 5137 1844 5187 ΠΟ·
