4425 6000
434 498 510 559 tao
665 474 1659 553 Tuncrruaiururrrrra&ecamli.

375 596 440 646 ¹tur
463 581 484 643 l.
512 572 720 658 impoffibilr'um
741 571 807 651 185.
819 572 1038 661 fficio-regalis·
1051 571 1153 658 irris3
1189 595 1242 641 nes
1257 574 1310 641 luo
1330 575 1421 643 statui
1443 579 1615 643 indecentes
1630 598 1791 658 exercere,
1814 598 1850 647 ut
1871 580 1955 651 luera

379 657 421 729 θ
444 676 502 739 cap.
530 660 628 724 Nemo
655 654 742 744 potest
773 655 812 741 de
838 653 956 742 regales·
976 672 1053 716 ruris
1069 668 1101 715 ιιι
1122 654 1153 714 6.
1190 660 1338 734 percipiat
1360 660 1396 721 ad
1417 658 1596 722 solvendum
1615 708 1623 736 ,
1640 678 1767 724 tenetur
1787 680 1892 727 tamen
1908 664 1956 727 su·

380 740 481 807 Nemo
498 739 584 818 potest
604 735 646 800 ad
657 731 821 826 tmpofflbrse
837 732 974 811 obligari.
1097 812 1102 824 Ι
1190 737 1334 814 perfluens
1360 738 1622 816 sumptuositatem
1650 738 1833 818 inruerint,
1862 740 1956 808 velli·

397 840 399 844 ’
422 818 614 896 lmpotentia
631 815 753 879 moralis
767 816 878 907 'itidem
894 810 1017 876 excusat
1035 810 1155 876 debito·
1189 818 1260 896 bus,
1282 817 1425 896 famulis,
1443 822 1546 896 equis,
1563 819 1639 882 ludis
1660 818 1699 881 ad
1720 819 1879 886 honestam
1893 841 1957 885 me·

381 921 448 968 rem
468 904 501 964 in
525 897 728 966 restitutionis
744 892 913 969 dllatlones
931 912 1040 970 nempe
1055 911 1153 984 quan·
1190 897 1385 964 diocritatem
1403 900 1566 962 reducere:
1595 897 1683 962 sicuti
1711 901 1808 965 etiam
1836 922 1855 964 a
1881 921 1958 965 oon·

381 983 424 1047 ds
450 984 556 1056 nequit
587 975 748 1041 restituere
777 971 833 1036 nisr
858 993 928 1060 cum
951 970 1098 1046 notabih,
1119 992 1154 1035 π
1191 982 1310 1057 viriis,
1332 978 1491 1042 itineribus
1520 976 1551 1041 su
1573 982 1755 1043 ervacaneis
1775 979 1806 1042 se
1827 980 1958 1045 abstine·

381 1063 490 1127 maiori
523 1056 717 1124 incommodo
740 1075 832 1129 quam
852 1049 997 1117 lullineat
1018 1051 1154 1115 creditor
1191 1079 1249 1135 1⁸3
1272 1061 1394 1123 tandem
1414 1058 1525 1122 llatum
1547 1002 1632 1121 lirum
1657 1059 1754 1135 quoad
1771 1058 1958 1138 pompofin.

381 1142 421 1210 ob
441 1139 645 1206 restitutionis
663 1135 864 1211 dilationem,
881 1132 1154 1212 putaquandonou
1192 1157 1256 1215 tet,
1270 1138 1304 1204 ὅ(
1325 1137 1492 1213 splendido,
1512 1156 1674 1281 apgatatut
1697 1138 1873 1203 moderate,
1894 1139 1958 1205 De.

383 1222 488 1287 valeat
506 1218 662 1283 reliituere
679 1214 786 1289 absque
805 1213 918 1299 damno
939 1214 990 1303 uel
1017 1211 1154 1304 periculo
1189 1218 1302 1284 bitom
1320 1220 1369 1295 qui
1392 1221 1438 1283 ita
1460 1238 1522 1281 non
1589 1215 1959 1297 genmtconfeffgfjiab.

382 1300 490 1369 salutis
501 1301 690 1374 afllmaercof
693 1300 791 1371 poris,
812 1299 901 1357 lm
914 1342 922 1367 r
936 1291 1106 1368 illimus,
1119 1292 1155 1383 ll·
1191 1298 1309 1364 solvere
1326 1317 1482 1372 nequeunt
1501 1322 1513 1374 ,·
1533 1300 1649 1362 etenim
1667 1297 1901 1376 irrationabile,
1921 1320 1958 1362 ac

383 1403 426 1449 ne
442 1383 617 1446 mutatione
642 1376 738 1443 status
758 1370 875 1437 honesti
902 1393 937 1436 ac
958 1370 1155 1466 iulieacllul·
1193 1380 1336 1445 iniussum
1349 1377 1391 1441 est
1417 1396 1532 1443 utare
1554 1379 1871 1457 alienopergravatos
1889 1374 1960 1443 san·

384 1464 453 1538 siti,
470 1483 504 1526 π
524 1460 587 1522 fine
599 1457 787 1521 detrimento
802 1452 1018 1522 multomaion
1035 1471 1066 1514 ιιι
1077 1468 1156 1542 tem·
1191 1464 1314 1539 guinem
1329 1459 1458 1522 ulterius
1479 1480 1497 1521 a
1518 1456 1737 1522 mercatoribus
1758 1480 1794 1522 ac
1812 1460 1959 1534 operariis

385 1542 542 1623 potalibus
562 1559 654 1616 quam
674 1529 712 1598 sit
739 1535 964 1619 detrimentum
987 1532 1156 1626 §redituris
1192 1558 1373 1615 extorquere
1394 1539 1495 1601 velint
1524 1539 1638 1602 adhoc
1667 1556 1703 1600 ut
1733 1538 1958 1613 luxurientur,

384 1645 425 1691 ex
441 1622 491 1685 libi
512 1620 608 1683 dilata
625 1614 819 1679 restitutione
840 1616 890 1676 leu
905 1611 1063 1676 solutione
1077 1611 1157 1704 ..Sic
1194 1617 1395 1697 pompoliores
1419 1616 1536 1696 gestent
1564 1617 1691 1694 relies,
1720 1617 1883 1681 lautiorem
1906 1617 1959 1680 de·

384 1704 589 1771 communiter
605 1697 672 1761 DD.
691 1693 781 1759 Unde
804 1690 1001 1786 excusaretur
1017 1695 1051 1786 in
1071 1689 1156 1753 diffe·
1195 1702 1424 1774 licatlotemque
1448 1697 1583 1761 mensam
1616 1715 1725 1772 parent
1748 1745 1756 1774 ‚
1782 1694 1816 1761 ὅ(
1856 1693 1958 1759 hujus.

385 1783 479 1849 tenda
508 1781 663 1846 solutione
692 1779 743 1853 qui
768 1794 837 1838 earn
862 1772 965 1866 llatrm
990 1769 1157 1847 serrendo,
1193 1781 1298 1843 modi.
1321 1777 1370 1841 Ita
1395 1779 1477 1841 enim
1492 1776 1559 1841 ub.
1592 1776 1815 1841 admonent&
1839 1774 1959 1839 debito·

385 1885 456 1929 tum
477 1861 642 1927 traditione
661 1858 694 1919 in
714 1852 822 1919 eadem
837 1874 976 1917 omnium
989 1852 1158 1944 bonorum,
1195 1880 1269 1937 res,
1295 1859 1329 1924 &
1348 1854 1549 1922 Conftllarios
1566 1876 1601 1921 ut
1623 1853 1698 1921 serio
1720 1859 1801 1921 ritca
1821 1854 1889 1920 hat
1911 1874 1960 1920 tt·

386 1940 469 2008 same
488 1943 564 2005 eliet
586 1939 755 2016 periturus,
775 1932 894 2027 morbos
910 1929 1096 2010 gravissimos
1106 1930 1157 1994 ds·
1194 1943 1351 2019 cogitent.

387 2021 467 2087 fettu
482 2016 694 2096 comparandae
718 2015 877 2079 medrcrnae
910 2010 1066 2090 palstrrus3
1088 2030 1160 2074 cum
1233 2020 1374 2083 Diximus
1395 2036 1489 2082 antea
1510 2035 1660 2083 notanter
1679 2016 1758 2095 quod
1785 2038 1844 2081 nort
1862 2027 1960 2079 iente·

387 2106 459 2167 vita
476 2102 509 2166 dt
527 2098 639 2163 sanitas
659 2094 827 2175 corporalis
848 2092 907 2157 srnt
927 2091 1041 2156 bonurn
1071 2095 1159 2166 lupe·
1197 2112 1248 2164 tm
1263 2094 1375 2165 &litor
1390 2100 1430 2161 ad
1452 2098 1657 2179 restitutionem
1676 2096 1849 2177 faciendam
1878 2108 1961 2158 nou.

387 2184 478 2247 rioris
499 2181 614 2244 ordinis
639 2197 732 2253 quam
758 2174 838 2239 bona
865 2170 1000 2264 lortunae
1028 2172 1160 2236 credito-
1196 2180 1294 2245 lilim
1311 2178 1414 2245 cadere
1440 2200 1460 2241 ιι
1480 2181 1561 2261 statu
1586 2177 1640 2258 suo
1665 2177 1804 2257 honeste,
1832 2173 1872 2241 Φ
1892 2176 1962 2255 tulit

387 2266 453 2341 ris,
476 2261 528 2326 vel
544 2276 705 2337 cogeretur
723 2256 828 2319 mediis
845 2254 959 2316 illicitrs
975 2272 1083 2317 curare
1094 2272 1160 2337 pro·
1196 2259 1352 2341 acquifiro.
1386 2260 1469 2324 Nam
1497 2263 1547 2335 qui
1576 2258 1742 2324 notabilem
1770 2255 1883 2320 statum
1911 2258 1960 2318 irr-

390 2346 491 2423 priam
507 2338 687 2412 suorumque
717 2334 1079 2410 sllstesstitlossemrlssta
1099 2334 1161 2410 le,
1198 2339 1274 2406 iuste
1294 2340 1345 2403 srbi
1368 2336 1527 2416 acquisivit
1550 2356 1625 2412 puta
1642 2336 1755 2411 usuris,
1775 2332 1896 2412 furtis,
1929 2357 1963 2398 u·

393 2424 428 2488 dr
449 2420 529 2485 filios
538 2438 576 2482 err
593 2417 764 2481 latrociniis
773 2412 938 2479 sustentare
954 2461 962 2487 ,
981 2434 1108 2477 uxorem
1124 2410 1160 2474 fi·
1198 2418 1441 2498 surpationibus,
1458 2423 1596 2496 rapinis,
1615 2418 1649 2483 dt
1671 2412 1859 2489 huiusmodi,
1881 2412 1963 2479 relli-

390 2498 503 2577 llaslu'e
524 2496 705 2580 Pfflflltuefe
722 2517 734 2573 i
751 2495 802 2560 Vel
820 2493 919 2583 subire
937 2489 1160 2557 deberctfamae
1200 2503 1356 2565 tutionem
1384 2496 1504 2562 differre
1528 2502 1650 2575 nequit,
1675 2517 1714 2559 ne
1738 2494 1919 2559 notabiliter
1946 2516 1965 2557 a

391 2580 556 2653 iasiuram,
576 2577 611 2642 ἃ
631 2576 800 2652 libertatis,
817 2592 852 2638 ut
874 2576 894 2635 lr
922 2594 977 2650 pro
992 2572 1162 2637 restitutio·
1199 2583 1255 2645 tali
1271 2581 1352 2643 lietu
1367 2578 1514 2651 decidat,
1545 2579 1592 2642 led
1622 2575 1782 2641 restituere
1809 2574 1905 2638 debet
1918 2593 1965 2639 et·

390 2681 432 2725 ne
461 2655 601 2724 facienda
628 2658 747 2720 veniret
776 2657 808 2717 in
837 2651 1035 2729 suspicionem
1062 2655 1163 2731 gravis
1199 2665 1259 2725 iam
1289 2681 1359 2723 cum
1385 2656 1499 2723 {alluta
1528 2656 1730 2722 huiuscemodi
1755 2653 1871 2730 status,
1891 2656 1963 2730 quia

391 2740 510 2807 occulti
526 2739 685 2812 criminis,
705 2734 833 2813 indeque
862 2733 1085 2799 inevitabiliter
1111 2731 1163 2795 de·
1199 2763 1269 2805 tum
1284 2739 1323 2802 de
1343 2738 1448 2803 alienis
1470 2741 1570 2816 inique
1586 2758 1624 2803 ea
1639 2736 1717 2800 bona
1739 2732 1965 2811 acquisiverit,

392 2822 481 2887 beret
502 2814 652 2883 diffamari
662 2838 674 2893 ;
693 2816 744 2881 vel
766 2811 892 2894 leipsum
910 2813 1042 2878 vendere
1062 2812 1113 2877 vel
1130 2809 1162 2874 fi·
1187 2841 1264 2885 ,non
1283 2818 1394 2884 decidit
1416 2839 1432 2881 a
1455 2817 1536 2883 llatu
1556 2817 1609 2881 suo
1624 2865 1634 2895 ,
1650 2815 1698 2879 led
1715 2816 1752 2879 ab
1767 2833 1806 2877 eo
1825 2817 1877 2891 qur·
1893 2810 1965 2878 suus

394 2902 453 2966 lios
478 2898 514 2964 ad
546 2894 781 2973 comparandum
811 2898 943 2972 pretium
958 2916 1012 2971 pro
1040 2890 1164 2957 restitu·
1202 2921 1262 2965 non
1282 2918 1350 2964 etat
1371 2897 1408 2963 ad
1429 2896 1514 2963 suum
1529 2896 1642 2962 statum
1659 2894 1812 2963 descendit
1838 2913 1875 2957 ac
1895 2894 1968 2957 fed.

398 2985 504 3047 tione·
524 2978 582 3041 Vel
603 2998 643 3041 ex
663 2977 759 3040 nobili
789 2977 964 3046 conditione
986 2977 1018 3038 in
1041 2974 1166 3049 vilem,
1201 2982 1266 3062 dit,
1284 3002 1341 3045 nee
1355 2982 1455 3043 minor
1470 2976 1512 3042 est
1529 2980 1675 3054 iniquitas
1696 2973 1808 3040 statum
1827 2995 1868 3038 err
1890 2972 1966 3039 alie·

396 3083 467 3127 cum
483 3062 572 3138 gravi>
586 3059 640 3120 liro
661 3057 694 3122 &
718 3049 779 3120 suae
797 3052 924 3120 familiae
941 3055 1110 3131 dedecore,
1133 3051 1165 3116 ἃ
1202 3065 1248 3125 nis
1267 3058 1451 3126 conservare
1472 3108 1481 3136 ,
1509 3079 1600 3134 quam
1619 3078 1659 3120 err
1676 3056 1782 3120 alienis
1802 3054 1893 3118 illum
1912 3051 1965 3119 srbi

394 3139 522 3205 iufamia
538 3135 730 3201 descendere.
751 3137 832 3201 Nam
848 3133 951 3213 lama,
970 3133 1166 3211 libertas,de-
1203 3139 1343 3218 adipisci.
1373 3139 1527 3215 Quocirca
1549 3140 1604 3213 qui
1632 3158 1696 3200 non
1725 3133 1817 3198 babet
1839 3133 1894 3197 nifi
1918 3137 1965 3198 in·

396 3242 454 3286 cut
472 3219 568 3282 statuss
590 3214 713 3279 h0⁰0st0
733 3216 767 3281 ὅ(
789 3214 869 3280 iuste
896 3214 1032 3293 wluifiti
1053 3260 1068 3303 s„
1088 3213 1168 3277 bona
1204 3221 1281 3287 iulle
1297 3220 1440 3296 acquisita
1460 3268 1468 3298 ,
1496 3236 1621 3281 tenetur
1651 3234 1754 3280 totum
1777 3212 1964 3291 restituere,

400 3299 473 3365 sunt
494 3296 681 3362 conditionis
699 3297 790 3374 longe
809 3299 933 3361 maioris
950 3295 1167 3370 quamlrntex·
1202 3320 1351 3378 quantum
1380 3301 1460 3363 citra
1488 3316 1659 3361 extremam
1692 3294 1904 3359 necessitatem
1926 3313 1965 3358 eo

396 3399 491 3446 terna
511 3376 589 3443 bona
605 3374 738 3441 fortunae
749 3377 927 3442 creditoris.
951 3375 1078 3440 Debitor
1086 3376 1168 3438 enim
1203 3403 1309 3447 catere
1326 3376 1421 3456 potest
1434 3427 1443 3456 ‚
1457 3381 1554 3444 etiam
1570 3373 1661 3453 usque
1677 3374 1964 3451 admendicitatem,

398 3463 432 3524 in
448 3454 564 3523 casibus
581 3457 784 3523 huiuscemodi
800 3461 951 3535 reperitur
967 3461 999 3520 in
1019 3456 1167 3534 gravine·
1205 3459 1259 3525 nisr
1288 3458 1454 3538 periculum
1483 3454 1617 3522 infamiae
1645 3452 1785 3520 excuset.
1816 3455 1866 3518 Sic
1886 3476 1965 3519 com·

399 3537 571 3615 celsitate,
601 3558 788 3618 quapropter
818 3538 962 3604 Creditor
979 3536 1034 3601 illa
1060 3535 1169 3617 perdu·
1205 3545 1339 3608 munitet
1358 3539 1426 3602 DD.
1447 3561 1486 3604 ex
1507 3556 1566 3618 cap.
1588 3558 1653 3603 cum
1670 3549 1705 3600 ιιι
1727 3556 1752 3613 5.
1777 3533 1965 3622 deviaris,

400 3639 492 3685 rante
514 3618 840 3685 rationabilitervelle
856 3624 960 3696 nequit
980 3618 1116 3683 debitum
1133 3615 1169 3678 sl·
1205 3625 1255 3690 ubi
1275 3617 1419 3687 pontifex
1439 3620 1574 3699 expresse
1591 3613 1965 3696 pracipjtuluffljoffi.

400 3699 429 3764 bi
450 3692 615 3770 {olricum
636 3718 727 3765 tanta
755 3702 883 3778 proximi
911 3698 1052 3764 sessura·
1080 3696 1170 3760 Unde
1205 3709 1266 3770 iam
1286 3702 1337 3769 sub
1352 3703 1680 3768 exromnuoicationis
1708 3717 1798 3779 prena
1817 3697 1967 3776 cogendos

402 3782 523 3846 tametsi
555 3781 649 3845 talem
676 3784 809 3857 inopiam
838 3783 967 3859 propriis
1000 3781 1086 3844 vitiis
1118 3777 1169 3841 srbi
1206 3785 1242 3849 ad
1265 3783 1492 3849 restitutionem
1512 3805 1547 3849 ac
1577 3781 1664 3847 adid
1685 3779 1870 3856 implendum
1891 3797 1966 3841 ven·

401 3865 650 3938 comparaverit,
671 3877 745 3937 puta
763 3859 938 3938 luxuriose,
953 3857 1172 3937 &sumptuose
1196 3865 1275 3930 ¹(lete
1289 3863 1398 3930 debere
1419 3865 1545 3938 domus,
1566 3863 1599 3928 ἃ
1617 3860 1890 3939 possgffionegquag
1900 3854 1969 3920 usu.

404 3938 564 4017 vivendo,
589 3941 737 4016 ludendo,
760 3941 794 4006 &
816 3941 1008 4019 huiusmodi,
1033 3956 1109 4004 tunc
1134 3956 1172 4000 1¹⁸
1206 3949 1245 4011 ris
1265 3942 1453 4022 acquisrvere
1463 3984 1473 4006 .-
1494 3945 1533 4005 Et
1554 3942 1634 4019 quod
1644 3941 1754 4006 dicitur
1775 3939 1812 4002 de
1829 3937 1969 4002 debitore

403 4020 549 4098 decidat,
565 4040 606 4083 ne
621 4038 750 4099 cogatur
766 4039 832 4084 tam
854 4024 960 4098 gravia
982 4018 1172 4083 incommoda
1205 4025 1264 4090 hoc
1282 4046 1401 4103 quoque
1422 4022 1654 4101 intelligendum
1677 4019 1776 4098 quoad
1805 4021 1876 4083 eius
1905 4017 1967 4080 hn-

404 4099 502 4164 lubire
520 4147 529 4177 ,
548 4097 667 4163 differre
689 4099 785 4177 potest
801 4100 1026 4166 restitutionem
1054 4099 1174 4174 quando
1208 4108 1311 4183 tedes,
1328 4103 1458 4181 teipetltr
1477 4124 1605 4180 quorum
1624 4099 1746 4177 quando
1766 4098 1880 4164 conscii
1909 4098 1970 4160 srnt

404 4198 578 4270 tamenres
595 4182 698 4244 aliena
715 4201 779 4245 non
810 4199 898 4246 extet
929 4185 961 4244 in
977 4180 1139 4247 individuo
1163 4203 1172 4256 ς
1207 4187 1243 4250 de
1260 4185 1341 4250 statu
1368 4185 1477 4247 iniullo
1505 4180 1653 4256 acquisito
1682 4181 1719 4244 ab
1739 4200 1848 4242 eorum
1867 4175 1972 4242 austo-

405 4276 478 4325 tram
505 4265 526 4322 lr
556 4260 654 4325 adhuc
673 4281 723 4325 res
751 4261 857 4326 eadem
876 4280 1002 4326 extaret
1025 4304 1037 4339 ,ι
1063 4261 1173 4325 docent
1208 4288 1241 4331 re
1262 4315 1271 4344 ,
1290 4267 1386 4330 currit
1409 4268 1487 4326 ratio
1507 4263 1637 4339 eadem,
1665 4261 1698 4325 dt
1714 4260 1864 4339 obligatio
1886 4255 1972 4322 relli-

406 4345 612 4406 communiter
631 4341 697 4402 DD·
721 4341 801 4418 quod
815 4345 940 4406 omnino
956 4341 1174 4408 camressitue·
1210 4345 1334 4411 tuendi.
1351 4344 1439 4408 Mala
1455 4347 1537 4407 enim
1554 4342 1628 4406 fides
1646 4339 1817 4417 polielioris
1837 4334 1972 4401 defundi

406 4442 441 4485 re
462 4439 638 4486 teneretur.
1209 4444 1299 4491 nocet
1319 4427 1415 4488 etiam
1432 4425 1611 4485 immediato
1632 4420 1744 4485 heredi
1775 4422 1852 4484 vivo
1879 4419 1899 4481 l.
1922 4416 1975 4482 Ul·

447 4503 536 4569 Licet
555 4520 740 4567 tamennon
758 4519 900 4567 teneatur
924 4500 1050 4569 debitor!
1068 4500 1107 4566 ob
1128 4522 1176 4566 re·
1211 4507 1275 4570 tim·
1297 4503 1363 4568 cod
1394 4503 1558 4568 communia
1574 4503 1609 4566 de
1637 4497 1831 4580 usucapionis.
1858 4499 1889 4560 Si
1918 4516 1973 4560 au·

408 4580 607 4646 stitutionem
632 4585 682 4646 leu
699 4580 881 4649 solutionem
901 4580 1069 4650 faciendam
1085 4599 1175 4646 nota·
1210 4605 1275 4650 tem
1291 4584 1385 4648 haeres
1402 4583 1546 4660 possidere
1567 4586 1696 4658 coeperit
1714 4582 1794 4644 bona
1814 4577 1906 4652 fide,
1937 4574 1973 4640 dt

394 4661 516 4730 ,biliter
535 4663 643 4727 cadere
665 4662 784 4736 allatu
814 4661 869 4727 suo
895 4663 1018 4728 bonelle
1046 4663 1080 4729 dc
1100 4662 1177 4726 iuste
1212 4662 1316 4745 postea
1337 4664 1538 4737 deprehendat
1564 4666 1657 4727 talem
1678 4681 1743 4725 rem
1772 4681 1790 4723 a
1811 4657 1866 4722 suo
1885 4660 1977 4721 Patre

409 4740 578 4820 acquisrt03
603 4743 752 4807 videlicet
773 4764 836 4808 non
858 4760 1001 4807 terreatur
1022 4747 1071 4810 vir
1090 4743 1176 4824 nobi·
1212 4742 1323 4808 iniuste
1344 4741 1433 4807 l'uilie
1456 4740 1631 4819 acquisitam
1653 4791 1662 4820 ,
1690 4762 1752 4806 non
1780 4755 1911 4804 tenetur
1943 4739 1976 4799 irr

406 4822 446 4885 lis
461 4843 564 4889 omnes
586 4822 742 4888 dimittere
762 4822 940 4901 quadrigas,
961 4821 1110 4900 famulos,
1128 4827 1185 4888 to''·'''
1207 4819 1355 4889 talitalu
1375 4823 1554 4887 notabiliter
1573 4821 1791 4888 descenderea
1812 4819 1871 4884 tali
1891 4817 1975 4904 statu

409 4919 475 4966 tam
504 4900 679 4990 praetiosam
708 4901 927 4981 lupelleflilem
956 4907 1091 4969 vendere
1112 4950 1123 4981 ,
1144 4926 1177 4968 o-
1212 4906 1292 4970 bona
1311 4903 1371 4968 fide
1390 4925 1462 4968 acce
1486 4922 1520 4968 to
1540 4903 1705 4967 ut-liatim
1732 4898 1903 4977 rellituat,
1929 4894 1978 4957 led

410 5001 495 5046 mnes
518 4983 663 5059 pretiosas
691 4980 742 5046 srbi
769 5000 980 5056 competentes
999 4982 1097 5048 relies
1117 5032 1126 5060 ,
1145 4983 1178 5051 dt
1214 4987 1328 5065 poterit
1349 4985 1434 5047 licite
1452 4928 1576 5047 differre
1595 4984 1692 5046 donec
1705 4980 1767 5046 srne
1782 4977 1913 5046 notabili
1925 4973 1978 5039 suo

406 5059 603 5144 huiusmodi,
624 5059 675 5129 seu
691 5077 775 5128 artes
795 5062 1007 5142 mechanicas,
1021 5065 1179 5131 autaiiio·
1216 5064 1405 5131 detrinento
1429 5060 1603 5130 satisfacere
1623 5079 1748 5141 queat,
1776 5059 1866 5128 licuti
1882 5073 1983 5154 'antea

1878 5156 1946 5204 lam
