4425 6000
439 504 515 587 282
694 487 1700 589 Tirenuseonrrierrcrmvil.,

388 605 460 678 quia
478 600 527 667 ubi
550 615 612 667 noti
627 598 671 664 est
686 599 775 677 culpa
794 645 803 675 ,
825 618 881 664 nec
902 605 992 675 prena·
1008 596 1052 663 est
1072 595 1151 662 inse·
1186 596 1315 668 fassurus
1331 597 1492 680 suisset,·sr
1514 605 1629 680 prolem
1648 602 1865 671 lebabitnrum
1878 609 1954 672 c'ot'i¹

386 684 502 750 tenda.
528 672 670 759 Idemque
686 678 846 744 dicendum
858 676 977 756 licalu,
990 678 1047 755 vvel
1064 680 1150 758 igno·
1187 683 1323 748 ieeilletr
1341 678 1466 747 liabens
1485 682 1770 765 filiosillegitimos,
1784 684 1804 747 si
1818 707 1872 764 per
1881 686 1953 751 sub·¹

386 766 491 828 santia
513 761 568 826 hoc
588 758 720 837 faceret,
739 763 812 837 quia
833 756 994 824 tuncdeesi
1011 762 1151 842 int'entio'
1186 760 1310 841 sequens
1336 767 1565 828 matrimonium
1588 764 1765 844 legitimet,
1791 774 1955 844 compara-J

386 842 574 922 iniuriandi,
598 846 650 906 len
665 836 837 905 offendendi
857 840 1038 904 donatorem
1059 887 1068 915 ,
1089 838 1154 903 fine·
1186 860 1237 908 tur
1252 848 1279 908 ci
1302 847 1377 922 ,cui
1400 844 1495 921 proles
1513 845 1687 921 supervenit
1709 894 1717 924 ,
1744 847 1825 909 unde'
1849 843 1952 925 potest

386 942 448 1010 qua
466 925 575 986 iniuria
596 943 656 986 non
677 917 836 993 insertur,
867 924 986 1001 Lep}
1018 925 1044 986 ς.
1068 920 1152 984 nde
1184 944 1332 988 revocare
1348 924 1562 1003 donation'em,
1583 922 1603 986 ii
1621 942 1713 989 antea
1731 926 1807 989 banc
1823 923 1952 990 secetitr

387 1002 477 1068 interr
499 1022 528 1065 2.
550 1004 579 1064 Si
599 1003 778 1065 donatarius
796 1000 950 1064 atrocibus
970 1001 1088 1063 iniuriis
1099 1001 1151 1064 do*
1184 1003 1286 1070 Potest
1316 1006 1413 1067 etiam
1439 1006 1578 1069 revocari
1599 1002 1662 1078 ‚si
1689 1004 1725 1070 sit
1756 1004 1952 1083 inofficiosa,¹

386 1099 530 1148 tiatorem
548 1080 683 1147 offendat
703 1129 711 1158 ,
733 1091 805 1156 quae'
825 1089 972 1144 atrocitas
991 1079 1151 1143 iudicanda
1185 1097 1294 1161 nempe
1311 1081 1386 1147 sassa
1407 1084 1442 1147 sit
1461 1089 1570 1149 contra
1585 1080 1720 1149 officium
1736 1089 1859 1161 pietatis
1881 1084 1956 1149 libe·

385 1160 429 1225 eil
447 1163 553 1228 iudicis
574 1161 701 1226 arbitrio
719 1180 759 1223 ex
775 1155 853 1223 fasso
872 1209 881 1236 ,
897 1162 984 1235 loco,-
998 1160 1151 1237 qualitate
1185 1168 1225 1229 ris
1240 1164 1373 1229 debitum
1395 1211 1404 1241 ,
1427 1168 1464 1226 ut
1483 1176 1554 1228 cum
1579 1175 1712 1240 peream
1732 1165 1787 1228 lilii
1810 1164 1950 1244 legitima

386 1240 523 1320 personae
544 1242 794 1307 tamirriuriantis
815 1244 1095 1328 quaminiuriat'ar,
1115 1252 1150 1302 ut
1186 1248 1372 1323 privantur,
1393 1241 1464 1307 idest
1481 1264 1517 1308 ea
1538 1236 1731 1309 baereditatis
1749 1256 1835 1321 parte
1857 1253 1953 1323 ,quae'

385 1320 408 1384 sr
434 1324 481 1386 vel
504 1323 603 1386 verbis
619 1324 756 1401 graviter
780 1321 929 1382 iniuriolrs
946 1340 1017 1383 eum
1038 1316 1151 1383 alsece⁶
1185 1324 1251 1405 ipsis
1284 1321 1445 1389 secundum
1478 1325 1506 1387 le
1525 1341 1557 1388 es
1581 1323 1707 1389 debetur
1728 1325 1789 1391 &o
1813 1326 1887 1406 Leg.
1922 1344 1954 1387 ir

385 1405 427 1465 rit
441 1450 451 1477 ,
467 1403 514 1467 vel
537 1402 634 1479 saslo,
656 1416 731 1478 puta
752 1395 949 1482 beaptivum
966 1416 1072 1463 teneat
1094 1401 1149 1462 do·
1186 1406 1246 1469 rod.
1272 1405 1309 1468 de
1325 1400 1475 1485 inofficiosa
1529 1415 1592 1467 nat.

385 1500 557 1560 natorem,
581 1501 617 1547 ut
635 1480 734 1545 Abbas
767 1482 798 1541 in
826 1497 892 1556 cap.
911 1491 1025 1557 propter
1043 1498 1089 1541 10.
1112 1481 1151 1541 de
1224 1485 1362 1548 Donatio
1387 1489 1468 1548 inter
1497 1488 1589 1549 vivos
1619 1486 1812 1562 acceptata,
1836 1485 1889 1547 nisi
1909 1482 1955 1548 ob'

384 1561 486 1626 donata
504 1564 555 1626 vel
576 1561 596 1624 si
618 1562 803 1627 adulterium
823 1580 893 1621 curn
914 1580 1011 1622 uxore
1020 1560 1150 1623 donato
1185 1562 1275 1628 distas
1291 1562 1433 1638 caussae,
1451 1568 1592 1629 revocari
1615 1571 1721 1642 nequir
1741 1613 1750 1643 ‚
1772 1564 1846 1643 [gg.
1865 1568 1891 1642 ς,
1908 1561 1951 1631 &¹

384 1645 427 1704 ria
448 1689 457 1720 ,
484 1644 536 1708 vel
557 1641 692 1720 sluprum
710 1662 780 1706 cum
809 1643 882 1728 eius
895 1637 958 1703 filia
978 1644 1150 1702 committe·
1184 1646 1240 1710 ull.
1262 1646 1326 1709 ced.
1344 1645 1381 1707 de
1401 1650 1532 1709 revocas·
1554 1643 1652 1709 donat.
1680 1648 1751 1723 quia
1771 1647 1952 1709 donatarius

384 1738 433 1784 ret
454 1769 463 1797 ,
491 1739 613 1785 utrum
641 1724 708 1785 aliis‘
729 1731 818 1783 notat'
847 1710 1024 1784 Riffenfluel
1054 1717 1103 1781 lib·
1122 1733 1152 1797 3··
1191 1723 1572 1801 iurenaturaliacquisrvit
1594 1726 1763 1789 dominium
1778 1725 1824 1788 ies
1839 1722 1953 1787 sibido⁴

383 1799 595 1865 Decretalium
616 1805 667 1865 tit.
689 1821 736 1879 24.
756 1815 786 1879 3.
809 1800 839 1861 Si
863 1798 1041 1863 donatarius
1056 1818 1150 1876 grave
1186 1824 1268 1869 natae
1281 1853 1289 1878 ,
1304 1804 1338 1868 ἃ
1360 1803 1481 1870 traditae
1503 1852 1512 1880 ,
1537 1808 1584 1867 ius
1605 1808 1681 1869 v'ero
1700 1804 1736 1868 ad
1753 1812 1816 1867 rem
1836 1802 1859 1866 si
1877 1816 1955 1867 non·'

382 1881 497 1945 inserat
518 1882 661 1946 damnum
677 1881 821 1945 donatori
842 1882 876 1941 sn
895 1878 980 1942 rebus
1001 1881 1082 1957 ,sels
1096 1878 1149 1941 bo·
1186 1888 1257 1949 dum
1277 1882 1314 1948 fit
1330 1885 1475 1962 andita,
1502 1881 1652 1962 &Leges
1679 1905 1740 1949 non
1762 1886 1838 1948 dant
1854 1882 1953 1947 saculi

382 1963 432 2023 ¹¹1³
452 1960 538 2036 ivfius
559 1965 694 2039 ,extemis
727 2007 737 2035 2
762 1971 857 2023 ulex
879 1981 945 2034 ffli-
964 1970 1080 2038 ΝΟΜ
1100 1963 1148 2019 10·
1186 1971 1286 2029 tatc'n'r'
1302 1961 1355 2027 seu
1372 1966 1419 2026 ius
1439 1963 1603 2030 revocandi
1623 1964 1829 2045 donationes,
1845 1962 1899 2026 nisi
1909 1963 1954 2027 ob

385 2046 423 2107 dt
439 2039 534 2104 donat.
553 2041 622 2104 Hoc
644 2056 746 2105 tamen
763 2054 857 2118 grave
876 2038 1024 2103 &uinum
1043 2037 1150 2102 iudicis
1186 2043 1305 2110 caussas
1326 2041 1604 2123 superexpositae,

383 2120 513 2188 arbitrio
532 2119 574 2184 est
596 2121 803 2185 definiendum
821 2158 833 2198 ,1
858 2118 936 2196 quod
957 2136 1062 2183 tamen
1084 2138 1148 2181 non
1517 2196 1519 2199 y
1631 2183 1637 2189 ,

382 2200 471 2266 debet
491 2202 552 2266 eise
574 2218 695 2266 tantum
724 2204 946 2276 intentatum,
972 2197 1021 2262 sed
1042 2218 1149 2291 revera
1505 2209 1532 2270 §.
1575 2202 1645 2267 ΙΙΙ.

383 2282 1151 2448 ill‘llilrlilliilnlllli‘itfflltall}
1224 2328 1268 2390 n
1286 2334 1450 2387 vvere
1469 2317 1735 2420 iivvvae
1749 2316 1781 2383 ⁰⁶
1796 2322 1915 2386 “vit

384 2460 443 2520 cap.
464 2443 528 2507 iaer
546 2456 646 2506 aulem
662 2384 752 2506 uersa
772 2442 836 2522 dist.
857 2462 885 2502 rr
902 2442 939 2503 de
953 2451 1052 2517 poentt.
1062 2461 1091 2519 4.
1115 2439 1144 2499 Si
1235 2502 1238 2507 ,
1383 2523 1385 2527 ι
1502 2406 1611 2483 fisum·
1667 2498 1670 2503 ,
1750 2497 1755 2504 ,
1882 2517 1884 2521 ¹

382 2523 561 2587 donatarius
581 2528 675 2586 etiam
693 2527 900 2587 attentaverit
927 2534 1034 2583 contra
1051 2528 1150 2582 vitam
1181 2531 1183 2536 '
1205 2518 1288 2586 ¹lam
1307 2518 1382 2584 alias
1404 2516 1566 2599 attigimus
1589 2511 1667 2594 quod
1693 2515 1829 2579 cessante
1849 2514 1953 2579 caulsa'

383 2602 542 2665 donatoris
565 2650 573 2680 ,
589 2608 660 2679 quia
683 2607 749 2665 iura
767 2601 864 2676 polito
885 2599 980 2662 solum
999 2597 1079 2675 qnod
1102 2614 1150 2662 at·
1186 2598 1291 2677 finali,
1311 2598 1383 2664 idest
1400 2600 1455 2662 tali
1474 2619 1565 2664 certo
1582 2596 1642 2659 fine
1657 2592 1953 2672 obquemfrllrfuit'

383 2687 558 2748 tentaverit
579 2729 589 2760 ,
610 2683 681 2747 licet
711 2674 835 2746 affatius
868 2700 929 2744 non
950 2677 987 2743 sit
1005 2677 1150 2756 secutus,
1185 2680 1333 2753 donatio,
1353 2701 1393 2743 eir
1412 2678 1442 2743 se
1459 2682 1591 2759 corruit.
1609 2678 1639 2738 Si
1661 2693 1765 2739 tamen
1780 2675 1897 2740 donans
1907 2677 1957 2735 iri·'

382 2756 564 2825 facultatem
581 2764 784 2825 revocationis
806 2756 943 2839 expresse
959 2756 1150 2835 concedunt,
1181 2760 1297 2842 {tendat
1320 2757 1416 2823 solum
1437 2760 1561 2822 allicere
1583 2758 1745 2831 animum,
1765 2755 1815 2819 vel
1837 2753 1957 2831 praebe-¹

366 2845 482 2903 mit.
495 2843 556 2919 Leg
568 2845 624 2907 ult·
637 2841 718 2906 &ibi
729 2842 833 2905 Glolsa
846 2838 1109 2916 vetbperlrulum.
1122 2857 1148 2916 5.
1187 2857 1219 2901 re
1238 2839 1336 2903 media
1356 2838 1392 2903 ad
1411 2840 1505 2902 talem
1525 2836 1617 2901 finem
1637 2834 1881 2910 corilequendum
1899 2883 1908 2912 ,
1929 2830 1953 2894 si

382 2920 803 2985 Sidonatariusconditiones
813 2926 842 2984 in
853 2920 1020 2983 donatione
1031 2918 1149 2995 impoli-
1188 2916 1347 2996 placuerit.
1359 2967 1368 2996 ,
1387 2940 1444 2982 nec
1465 2916 1605 2982 intendat
1627 2916 1664 2979 ad
1685 2916 1771 2977 illum
1790 2914 1957 2991 obligaras

382 3019 451 3078 tas,
470 2999 568 3066 &ase
588 2995 1049 3079 acceptatasimplererecuset,
1069 2999 1150 3063 nolit
1185 2999 1288 3064 valida
1308 2994 1351 3062 eil
1371 3000 1498 3063 donatio
1526 2994 1646 3074 etiamsi,
1668 2993 1741 3057 finis
1757 3001 1821 3070 noti
1843 2992 1956 3070 sequa·

381 3100 414 3145 v.
435 3081 597 3159 elolvere
615 3103 747 3147 annuam
767 3086 939 3159 penlronem
958 3081 1008 3143 cui
1030 3076 1148 3141 seobli·
1183 3097 1258 3155 tur,
1276 3078 1310 3144 δι’
1331 3076 1375 3142 eil
1394 3080 1561 3144 communis
1581 3077 1703 3154 exLeg.
1715 3095 1742 3155 7.
1760 3075 1822 3150 md.-
1838 3072 1962 3162 decores

380 3164 470 3239 gavit
490 3207 501 3237 ,
521 3181 560 3224 ex
579 3162 630 3226 rit.
651 3161 722 3240 seg.
751 3164 808 3225 ult.
837 3162 873 3224 dt
900 3171 1030 3224 reuocati
1052 3158 1151 3221 donari
1186 3159 1242 3222 dii.
1258 3156 1290 3220 ob
1305 3157 1413 3240 cauffrrs
1440 3206 1449 3235 ,
1473 3161 1543 3233 qnia
1561 3175 1635 3221 tunc
1659 3155 1789 3219 donatio
1814 3150 1955 3218 absoluta

381 3239 444 3304 Alii
466 3259 583 3316 quoque
609 3243 679 3304 l'unt
705 3241 818 3317 casus,
844 3245 877 3302 in
902 3240 1010 3316 quibus
1037 3238 1150 3301 volunt
1182 3238 1246 3315 pst,
1263 3238 1298 3303 so
1316 3242 1442 3301 minime
1460 3237 1690 3314 conditionata,
1705 3234 1740 3299 δε
1761 3231 1835 3296 sadla
1855 3232 1957 3297 solum

380 3316 516 3383 :rudiores
543 3319 582 3382 ob
609 3322 759 3397 equalem
779 3361 791 3397 ,
814 3321 864 3383 vel
888 3322 984 3383 etiam
1005 3320 1151 3381 maiorem
1183 3317 1348 3403 sranimo
1376 3317 1531 3383 alliciendi
1555 3316 1590 3379 ad
1607 3314 1740 3391 aliquid.¹
1772 3314 1956 3377 ldcitcores

381 3399 637 3476 ingratitudinem
656 3402 859 3464 donationem
887 3402 971 3463 inter
995 3400 1086 3461 vivo's
1104 3417 1150 3460 re·
1183 3397 1301 3463 donata
1328 3401 1480 3475 acceptari
1505 3393 1603 3474 potest
1632 3400 1701 3458 luta
1728 3391 1953 3457 conscientiae

380 3481 487 3542 vocari
506 3477 611 3558 posse,
628 3479 893 3544 utisrdonararius
909 3518 921 3555 ,·
940 3480 989 3554 qui
1011 3497 1151 3556 magnam
1185 3478 1364 3557 donatulo,
1386 3472 1508 3544 tametfi
1524 3496 1585 3540 non
1597 3473 1707 3538 babeat
1724 3476 1955 3549 a'nimuiiiprw

382 3560 582 3622 donationem
605 3580 623 3622 a
654 3561 802 3623 donatore
824 3563 940 3634 accepit
963 3607 971 3636 ,
994 3578 1070 3622 eum
1089 3576 1150 3620 non
1187 3555 1281 3621 standi
1299 3607 1308 3636 ,
1328 3559 1406 3634 quod
1425 3561 1511 3634 eupit
1530 3556 1682 3620 donator.
1711 3552 1761 3617 sic·
1779 3553 1885 3630 puella
1905 3564 1958 3614 ac·'

381 3639 448 3702 alat
465 3639 566 3710 inopia
589 3640 736 3715 pressum.
767 3641 882 3705 Verum
903 3635 1150 3702 sententiaicon·
1186 3655 1310 3714 ceptare
1327 3635 1428 3715 potest·
1445 3639 1580 3717 legatum
1600 3633 1651 3698 sibi
1675 3631 1784 3697 sallum
1795 3651 1830 3696 ut
1848 3633 1960 3707 nubat,-

381 3719 476 3783 traria
492 3715 535 3781 est
557 3721 615 3782 ittri
631 3720 840 3795 conlotmior,
864 3721 1000 3794 adeoque
1016 3721 1047 3779 in
1066 3720 1150 3794 praxi
1183 3719 1258 3782 licet
1275 3726 1338 3781 nori
1357 3718 1476 3782 nubat.
1508 3716 1590 3781 ltem
1607 3715 1694 3778 valet
1710 3712 1840 3777 donatio
1860 3744 1871 3787 ,·
1894 3731 1954 3789 qua

383 3798 536 3877 tenenda,
556 3820 626 3861 cum
641 3818 731 3863 extra
747 3797 832 3864 casus
850 3805 881 3862 in
905 3802 970 3861 iure
995 3799 1151 3875 expressos
1183 3801 1254 3873 quis
1270 3799 1383 3874 aliquid
1402 3799 1499 3862 donat
1519 3796 1610 3859 alteri
1630 3827 1642 3872 ,·
1670 3810 1706 3857 ut
1727 3789 1779 3857 sibi
1798 3787 1906 3856 faveat
1924 3795 1956 3852 in

380 3872 514 3947 facultas
535 3877 734 3942 donationem
763 3880 925 3944 revocandi
954 3899 1016 3940 non
1039 3876 1077 3940 lit
1097 3897 1149 3940 ex·
1188 3878 1286 3954 aliqua
1305 3898 1360 3953 re,
1377 3875 1626 3942 rametfihrcnon
1640 3870 1774 3949 faverit,
1789 3873 1861 3949 quia
1874 3874 1957 3947 prin·¹

380 3956 558 4032 tendenda,
590 3956 624 4022 δι
652 3975 687 4022 ut
710 3961 838 4034 poerralis
863 3957 960 4021 ilrisle
981 3956 1023 4020 est
1056 3960 1150 4020 inter·
1182 3957 1330 4032 'cipaliter
1354 3954 1493 4023 fassaesl
1520 3955 1560 4018 ad
1578 3951 1804 4031 alliciendum,-
1836 3972 1898 4016 non
1917 3945 1955 4014 ad

380 4035 528 4111 pretanda
549 4084 556 4114 ,
588 4037 641 4123 vel
665 4037 782 4111 saltem!
803 4056 877 4102 ante
904 4039 1011 4101 iudicis
1030 4033 1148 4099 senten·
1182 4016 1402 4116 bbligandum3
1425 4035 1504 4116 quod
1526 4033 1634 4112 valet,
1652 4034 1722 4096 licet'
1743 4030 1878 4097 donator
1893 4049 1956 4094 non

381 4118 459 4179 tiam
489 4118 520 4177 in
549 4117 629 4180 hisce
661 4117 777 4182 casibus
810 4137 901 4197 prena
938 4138 1002 4182 non
1032 4114 1076 4180 est
1107 4121 1150 4177 in·
1183 4115 1385 4195 {donaiiemi
1408 4117 1544 4196 putasset
1565 4115 1659 4178 alium
1681 4113 1957 4176 nonelle‘allicien·

379 4192 529 4275 ssigenda.
548 4197 618 4259 Alia
640 4199 742 4261 caussa
764 4199 930 4263 revocandi
952 4198 1151 4260 donationem
1187 4198 1288 4272 dum;
1320 4217 1393 4261 nam
1417 4197 1515 4261 adbuc
1545 4191 1671 4258 subsistit
1700 4189 1801 4257 caussa
1826 4190 1926 4255 finalis
1948 4235 1957 4263 ,

380 4275 446 4352 est,
463 4296 534 4338 cum
553 4274 610 4338 filii
631 4296 706 4340 ante
726 4297 886 4354 parentum
910 4275 1086 4342 consensum
1097 4294 1151 4340 aut
1179 4298 1256 4341 cum
1273 4278 1368 4341 donet
1390 4296 1426 4341 ut
1445 4276 1532 4354 possit
1554 4276 1679 4337 allicere
1691 4307 1703 4349 ,·
1720 4294 1781 4335 non
1792 4280 1898 4344 aurem
1905 4266 1959 4364 sub

378 4356 559 4434 obtentum,
579 4374 633 4420 aut
651 4353 762 4423 saltem
778 4357 952 4435 requisitum
969 4357 1007 4421 ad
1029 4361 1151 4432 nuptias
1186 4355 1417 4434 conditione,li
1438 4353 1583 4429 defadlo‚
1600 4351 1709 4418 &astu
1727 4353 1866 4416 alliciat.
1885 4353 1957 4422 Pe'c·

378 4435 550 4500 convolant
575 4484 584 4512 ,
609 4458 679 4500 cum
702 4442 828 4516 gravior
847 4441 958 4501 iniuria
979 4436 1152 4512 parentibus
1187 4455 1240 4501 cat
1262 4453 1364 4500 tamen
1385 4440 1523 4513 graviter
1540 4431 1666 4498 faemina
1685 4453 1774 4507 ,quae
1791 4432 1828 4496 ab
1845 4427 1961 4493 amabo

379 4511 491 4578 inferri
514 4536 645 4593 nequeat
667 4518 792 4594 quamsi
816 4518 880 4595 iplis
893 4515 1076 4581 inconsultis
1097 4517 1153 4579 eli·
1189 4533 1328 4592 acceptat
1344 4534 1472 4581 munera
1495 4515 1534 4579 ab
1555 4535 1592 4578 eo
1608 4513 1725 4576 donata
1754 4510 1791 4574 ad
1818 4511 1961 4575 allicien-

379 4609 469 4672 gatur
485 4593 580 4659 slatus
593 4602 674 4659 tanti
685 4602 834 4663 momenti
848 4642 855 4656 .
871 4600 1022 4663 Revocari
1034 4596 1154 4672 insuper
1188 4596 1259 4659 dum
1279 4598 1344 4658 eius
1364 4595 1545 4660 consensum
1571 4593 1607 4657 ad
1635 4592 1815 4666 libidinem,
1839 4585 1959 4654 tametfi

380 4672 480 4754 potest
492 4675 618 4739 donatio
629 4677 666 4742 ob
680 4679 796 4754 prolem
810 4676 975 4751 susceptam
987 4674 1046 4753 poli
1059 4676 1154 4740 dona·
1189 4679 1197 4736 i
1202 4678 1252 4753 pla
1269 4675 1443 4739 consentire
1463 4695 1525 4740 non
1536 4672 1679 4736 intendat
1691 4719 1700 4748 ,
1714 4669 1884 4749 qulafovet
1901 4672 1960 4732 im-

379 4758 524 4829 tionem,
543 4755 576 4820 st
594 4757 658 4821 hee
679 4758 770 4834 pleno
788 4760 852 4820 iure
876 4775 1045 4820 revocatur
1069 4803 1079 4833 ,
1101 4773 1152 4819 ut·
1189 4778 1300 4832 purum
1317 4755 1498 4820 desiderium
1513 4751 1616 4820 amasii
1638 4801 1646 4828 ,
1670 4773 1705 4816 ac
1725 4751 1801 4816 illud
1816 4751 1961 4830 approba·

382 4852 457 4910 pote
474 4855 543 4910 quae
559 4856 598 4898 ex
615 4838 716 4915 legum
733 4834 924 4914 dispositione
942 4835 1018 4900 sadla
1033 4833 1153 4899 censca·
1187 4855 1220 4899 re
1239 4834 1400 4899 censetur,
1415 4828 1466 4900 Sic
1483 4834 1514 4898 P.
1534 4835 1699 4897 dominer

383 4929 436 4978 tur
454 4910 509 4979 sub
529 4917 587 4981 bac
602 4917 780 4980 conditione
804 4919 833 4995 fi
859 4919 954 4994 proies
974 4939 1032 4981 non
1048 4913 1152 4996 nasca-
1227 4915 1260 4985 Si,
1279 4935 1354 4978 vero
1370 4915 1504 4979 donator
1514 4910 1654 4976 intendat
1675 4905 1814 4991 obligare
1830 4913 1960 4981 donata·

379 5004 448 5058 tur.
471 4993 614 5074 intellige
635 5012 742 5060 tamen
766 4994 883 5062 sisatla
905 4995 941 5059 sit
955 4996 1154 5061 donatioma·
1189 4997 1268 5059 rium
1287 4994 1325 5056 ad
1342 5013 1462 5058 certum
1478 4993 1591 5069 finem,
1608 4993 1959 5059 iamvidimuscorruere

380 5093 448 5153 rue
469 5073 619 5146 bonorum
639 5081 735 5153 partis
760 5121 769 5154 ,
794 5096 829 5142 tit
852 5075 982 5154 prudens
1003 5096 1073 5144 eam
1088 5094 1155 5139 non
1188 5075 1408 5151 donationem,
1425 5072 1460 5138 dt
1476 5093 1541 5142 rem
1551 5073 1698 5142 donatam
1708 5073 1829 5141 restitui
1851 5073 1969 5218 d‘bfffe'

1238 5221 1241 5225 .
1865 5175 1923 5223 tat
