4425 6000
513 557 720 630 Tunes.
747 575 812 627 ne
841 555 1180 631 Istrusrrrru
1213 553 1281 630 &o
1306 556 1425 630 cir.
1453 557 1510 632 11.

233 664 304 742 r'iae,
317 657 508 736 aliaeutiles,
527 657 594 722 alia:
611 654 816 732 voluptuariae
832 649 1001 717 seuvolun·
1035 654 1084 718 ubi
1102 653 1167 718 haec
1191 653 1341 717 habentur
1366 677 1374 718 ι
1398 659 1524 721 frustm
1552 655 1629 723 sone
1674 663 1721 727 dei
1732 665 1795 744 pos-

233 749 347 808 tariae.
366 736 512 816 lmpensae
533 735 707 799 necessariae
727 755 771 798 ea:
792 731 938 808 suntquae
951 753 1001 795 ne·
1029 733 1144 816 selbres
1162 734 1284 798 reddere
1303 732 1419 822 cogendi
1434 756 1490 799 nor
1501 733 1595 817 funs,
1614 744 1670 817 mſs
1689 763 1728 809 rx
1748 745 1794 809 his

234 825 371 890 cessarie
386 817 455 884 sunt
470 817 506 880 ad
526 836 589 879 rem
604 816 735 878 alienam
745 810 998 878 conservandam:
1035 815 1227 892 locupletiores
1246 815 1416 878 extiterint.

235 909 318 967 itaut
335 898 356 963 sr
374 918 435 963 non
455 895 564 959 fierent
576 915 622 958 res
641 893 680 959 srt
695 897 851 971 peritura,
873 910 927 956 aut
949 893 1000 954 de·
1074 895 1142 957 Ntc
1158 891 1255 957 obstat
1278 892 1357 971 leges
1377 896 1449 958 iuris
1478 899 1608 963 Romani
1637 903 1792 968 interdum

234 987 336 1048 terior
360 976 460 1043 sutura
489 973 545 1053 stt,
566 995 605 1038 ex
633 974 653 1038 1.
675 992 723 1052 79.
738 975 776 1038 de
795 971 875 1036 verb.
897 969 1000 1052 figitis.
1035 975 1108 1038 alias
1119 973 1183 1036 aliis
1195 969 1435 1049 adversari,cum
1452 973 1524 1041 illud
1537 980 1740 1048 immensumo
1761 1005 1795 1048 us

234 1063 288 1126 vel
314 1058 427 1123 studius
459 1075 498 1120 ex
522 1075 559 1118 ee
587 1074 652 1116 non
680 1058 927 1131 perciperentur,
948 1051 999 1116 vel
1033 1051 1239 1119 colledumlit
1257 1073 1295 1116 ert
1311 1057 1405 1118 variis
1421 1057 1495 1120 iuris
1514 1057 1719 1126 consultorum
1730 1006 1795 1126 lgn-

231 1140 342 1206 saltem
359 1159 420 1203 non
441 1136 585 1201 ordinarii
608 1156 616 1203 3
637 1151 670 1196 ut
696 1131 766 1197 sunt
792 1131 918 1195 reficere
947 1131 999 1193 do-
1035 1136 1158 1205 tentiis,
1173 1134 1223 1220 qui
1245 1152 1305 1194 non
1330 1152 1398 1196 raro
1425 1142 1578 1202 contrarie
1599 1137 1718 1219 sapiunt
1735 1190 1744 1217 ,
1760 1141 1795 1207 ἃ

232 1243 336 1295 mum,
358 1237 479 1297 agrum,
502 1215 552 1277 vel
560 1216 684 1278 vineam
700 1233 718 1275 e
733 1209 854 1276 tribulis
870 1209 998 1273 munda·
1033 1217 1103 1290 quia
1124 1215 1179 1273 vix
1198 1214 1262 1274 beri
1273 1215 1383 1288 poterit
1403 1232 1438 1278 ut
1461 1217 1568 1280 talium
1585 1241 1711 1296 operum
1726 1222 1795 1286 Col·

235 1323 293 1379 re,
315 1297 411 1363 serere
429 1299 510 1359 vites
528 1293 641 1357 aliasve
658 1292 779 1356 arbores
800 1291 837 1355 ad
855 1295 936 1353 vitas
952 1286 998 1352 su·
1033 1290 1155 1356 ledores
1192 1293 1418 1366 sempereorum
1427 1300 1637 1378 meminerint,
1658 1322 1724 1375 quae
1737 1304 1797 1364 ali-

233 1378 412 1445 ssentandas
428 1376 488 1441 &o
507 1369 652 1443 Esrpensae
663 1373 776 1446 utiles,
797 1372 816 1433 l.
830 1391 856 1447 5.
873 1368 907 1435 ἃ
923 1372 952 1430 6.
964 1368 999 1431 de
1032 1371 1059 1436 bi
1078 1338 1234 1448 scripsere,
1254 1368 1287 1434 dc
1307 1375 1380 1446 quia
1400 1395 1467 1449 quas
1488 1394 1574 1440 certo
1591 1398 1726 1458 ternpore
1747 1384 1792 1443 vj.

230 1457 456 1540 exprnssrinres
476 1450 610 1534 dosfad.
634 1454 695 1515 illae
715 1448 785 1514 sunt
800 1470 868 1526 quae
878 1445 997 1512 tametsi
1034 1452 1119 1515 tandi
1141 1452 1240 1528 gratia
1270 1455 1391 1526 maioris
1420 1455 1490 1516 nrali
1517 1457 1689 1522 tolerantur
1708 1507 1717 1537 ‚
1734 1462 1796 1524 aliu

232 1537 409 1604 necessarie
427 1555 489 1597 non
509 1531 567 1595 smt
588 1582 596 1611 ,
617 1552 680 1595 rem
709 1549 812 1594 tamen
841 1528 1000 1616 meliorem
1034 1550 1169 1606 tempore
1191 1530 1324 1593 cessante
1349 1530 1418 1595 salis
1446 1535 1517 1598 mali
1547 1533 1705 1602 formidine
1733 1561 1795 1604 non

233 1618 378 1695 faciunt,
398 1637 433 1679 ac
453 1618 518 1676 eius
540 1616 654 1676 reditus
670 1610 851 1688 adaugent,
880 1609 927 1672 uti
953 1608 999 1670 el·
1034 1612 1225 1676 tolerantur.

232 1696 279 1762 set
299 1718 333 1762 v.
354 1689 673 1774 g.agros,&vineas
707 1691 872 1764 ampliare,
893 1705 1000 1751 extra·
1073 1689 1129 1753 Ille
1156 1710 1232 1753 vero
1260 1687 1354 1752 ditior
1380 1683 1473 1756 fastus
1504 1691 1646 1763 censetur
1667 1700 1742 1776 ,qui
1765 1720 1793 1764 1.

233 1779 387 1841 ordinarie
403 1775 695 1850 meliorare,novas
723 1771 844 1834 arbores
877 1766 1000 1844 serere,
1034 1771 1130 1836 adhuc
1150 1768 1240 1832 habet
1258 1770 1393 1835 valorem
1405 1775 1449 1834 rei
1470 1774 1599 1854 alienae,
1619 1799 1707 1854 quarn
1719 1798 1796 1842 ven-

232 1857 268 1925 &
290 1853 474 1920 huiusmodi.
490 1850 636 1932 Erpensae
658 1870 735 1915 vero
756 1843 999 1913 voluntariaeseu
1034 1850 1130 1927 didit,
1145 1848 1179 1914 δι
1201 1853 1278 1912 stunc
1294 1848 1419 1911 reddere
1438 1852 1546 1917 debet.
1565 1875 1593 1917 2.
1615 1860 1665 1934 qui
1683 1878 1747 1921 tem
1762 1879 1797 1922 a·

235 1937 444 2014 voluptuariae
462 1931 522 1996 illae
545 1930 612 1994 sunt
666 1950 734 2008 quae
760 1928 841 1992 fiunt
866 1945 1000 1992 tantum·
1036 1931 1149 1995 lienam
1170 1927 1345 1992 insumendo
1361 1927 1420 1992 suae
1444 1936 1595 2013 pepercit,
1611 1958 1701 2013 quam
1720 1959 1798 2001 con·

235 2018 327 2080 modo
349 2011 555 2078 arbitrarie&
572 2012 610 2073 ad
624 1980 718 2073 solam
735 2009 948 2094 voluptatem,
967 2005 1000 2070 ἃ
1036 2007 1219 2096 sumpsisset,
1240 2006 1273 2072 &
1294 2007 1417 2072 reddere
1437 2011 1526 2077 debet
1543 2034 1691 2090 quantum
1707 2017 1795 2082 rebus
1822 2037 1825 2043 ·

237 2117 302 2160 rem
335 2093 550 2159 tantummodo
579 2105 759 2164 exornant,
792 2107 827 2150 ιιι
848 2083 999 2149 luntson·
1036 2090 1092 2153 suis
1126 2091 1285 2166 pepercit.
1310 2087 1446 2161 Quodsi
1475 2097 1541 2168 quis
1569 2096 1725 2160 occafione
1754 2099 1799 2161 rei

240 2193 305 2251 tes,
325 2175 501 2249 viridaria,
531 2166 821 2245 siatuae,pitturae,
841 2165 874 2231 ὃ(
899 2160 999 2229 huius·
1037 2170 1165 2245 alienae,
1186 2190 1275 2244 quam
1298 2165 1379 2230 suam
1411 2170 1472 2234 esse
1497 2175 1797 2249 putabat‚tnaiores

235 2254 337 2331 modi,
352 2274 420 2331 quae
442 2253 514 2315 licet
532 2251 660 2329 reddant
682 2269 747 2311 rem
763 2247 1001 2323 praetioliorem,
1037 2247 1143 2313 fecerit
1165 2244 1316 2334 sumptus,
1340 2268 1431 2324 quam
1457 2251 1593 2328 alioquin
1621 2251 1757 2333 fecisset,
1775 2255 1797 2319 sr

236 2355 271 2400 at
300 2332 582 2407 extimabilioretn,
608 2351 671 2392 non
695 2346 801 2391 tamen
825 2323 1000 2411 studuostu-
1036 2327 1064 2391 se
1079 2327 1250 2392 credidisset
1272 2331 1371 2413 minus
1391 2330 1537 2409 divitem,
1562 2335 1725 2400 secundum
1740 2336 1799 2402 Ca·

236 2435 319 2490 rem,
339 2412 411 2478 idesl
440 2408 619 2488 copiosiores
647 2406 761 2473 stulius
789 2403 1006 2482 utilitatesque·
1033 2413 1199 2485 ietanum,
1221 2407 1336 2474 aliosve
1361 2407 1519 2475 restituere
1547 2435 1609 2477 non
1641 2435 1799 2495 tenetur,

236 2492 433 2560 afferentem.
1036 2511 1071 2554 ae
1096 2490 1223 2567 proinde
1248 2508 1373 2564 peccare
1400 2494 1503 2567 potuit
1530 2513 1639 2560 contra
1668 2496 1800 2561 liberali-

276 2573 463 2651 lnluperres
494 2574 594 2648 aliena
619 2572 699 2650 apud
732 2565 1002 2648 possessoremsrve
1036 2587 1163 2646 tatem,
1190 2588 1252 2631 non
1281 2588 1391 2634 contra
1424 2569 1598 2636 iustitiam.
1631 2575 1800 2642 lmoiuxta

235 2652 430 2728 bonae,s1ve
454 2654 543 2717 rnalae
567 2653 637 2716 fidei
665 2649 796 2717 crescere
826 2646 942 2727 potest,
965 2647 997 2710 dt
1037 2649 1148 2712 multos
1168 2648 1328 2711 restituere
1343 2668 1405 2711 non
1421 2667 1545 2716 tenetur
1571 2651 1684 2720 fruetus
1709 2674 1801 2722 natu·

233 2731 407 2797 decrescere
426 2733 603 2810 dupliciter,
627 2753 653 2793 ι.
687 2730 867 2808 intrinsece,
887 2725 999 2814 scilicet
1037 2727 1132 2805 tales,
1152 2728 1465 2803 mixtos,&Civiles
1482 2752 1556 2806 quos
1572 2733 1650 2797 bona
1670 2734 1801 2813 side,&

236 2812 339 2891 inse,
359 2811 394 2878 ἀ
414 2813 577 2876 secuudum
596 2809 680 2874 suarn
698 2809 963 2885 subsannamur
980 2809 999 2865 li
1036 2811 1132 2874 titulo
1146 2807 1285 2871 colorato
1306 2806 1435 2885 possedit
1455 2831 1508 2888 per
1531 2814 1726 2890 triennium,
1753 2833 1800 2879 et-

235 2893 353 2956 vitulus
373 2890 429 2956 fiat
451 2891 530 2969 Bos,
549 2892 610 2956 διε.
620 2889 657 2955 de
680 2886 847 2953 macrofiat
866 2889 1001 2965 pinguis,
1035 2886 1118 2952 iamsr
1134 2887 1203 2948 inde
1218 2882 1310 2950 sadus
1330 2883 1367 2949 srt
1382 2885 1493 2966 ditior,
1514 2912 1585 2953 cum
1600 2912 1647 2956 res
1676 2893 1801 2957 mobiles

235 2972 287 3037 vel
306 2990 451 3039 econtra
486 2972 522 3035 de
551 2974 652 3050 pingui
678 2968 733 3033 fiat
762 2965 942 3044 macer,&
963 2966 1000 3027 de
1037 2966 1212 3048 possessione
1241 2965 1387 3031 triennali
1417 2967 1648 3046 prescribantur
1681 2973 1801 3051 quando

234 3056 346 3117 iuvene
367 3053 400 3117 dt
422 3048 545 3117 robullo
561 3049 670 3126 senex,
691 3050 725 3114 dr
745 3048 875 3124 debilis,
902 3047 936 3110 ἃ
961 3042 1000 3106 src
1036 3046 1173 3128 possessio
1192 3046 1318 3112 titulum
1343 3047 1452 3112 babeat
1483 3050 1679 3117 coloratum.
1706 3054 1800 3133 Iustis.

232 3136 328 3196 minui
344 3133 468 3196 valens.
487 3152 516 3194 2.
532 3128 810 3206 extrinsecequuad
827 3126 925 3190 solum
943 3146 1000 3190 va·
1036 3126 1207 3210 drUsucap.
1228 3129 1289 3202 Qui
1311 3127 1470 3195 rembona
1490 3130 1655 3197 fidevilitts
1686 3137 1803 3199 emita
1848 3140 1858 3153 ’“

237 3213 362 3288 iorem,
388 3231 422 3275 ut
447 3210 468 3274 sr
495 3212 614 3275 modius
646 3211 742 3274 tritici
776 3205 866 3272 modo
895 3205 1000 3284 vaieat
1035 3213 1133 3284 Fare,
1155 3206 1189 3272 δι
1215 3204 1296 3270 bona
1320 3207 1393 3272 Fide
1412 3213 1510 3277 carius
1529 3213 1725 3290 revendidit,
1744 3213 1802 3277 ali-

235 3292 491 3370 quatuorstutis,
509 3285 1001 3369 posteaobpenuriam,velmtil·
1036 3292 1159 3370 quando
1185 3303 1311 3352 tenetur
1331 3282 1485 3355 excessum
1516 3296 1618 3369 praetii
1651 3293 1803 3372 reddere,

236 3372 403 3434 titudinem
423 3374 589 3435 ementium
608 3370 712 3434 valeat
745 3365 795 3430 sex
822 3384 875 3430 aut
903 3365 1001 3441 otiu,
1036 3368 1157 3449 quando
1172 3386 1282 3444 nempe
1308 3367 1442 3433 excessus
1459 3374 1558 3451 praetii
1587 3393 1646 3437 non
1679 3370 1803 3440 censen.

235 3450 268 3515 ἀ
296 3450 403 3513 deinde
425 3469 551 3528 propter
579 3454 741 3526 penuriam
756 3448 923 3509 ementium
947 3445 997 3508 vel
1036 3453 1091 3515 dus
1111 3448 1148 3513 sir
1178 3443 1290 3512 fruetus
1310 3468 1401 3512 merae
1424 3449 1598 3530 industriae,
1617 3450 1705 3517 sicuti
1737 3473 1800 3518 non

236 3549 367 3597 annonae
384 3530 720 3595 abundantiamvaleat
740 3524 838 3591 solum
851 3542 1001 3601 quatuor,
1037 3533 1113 3595 esset
1142 3528 1256 3600 illius,
1288 3529 1339 3603 qui
1359 3530 1517 3594 transtulit
1533 3554 1595 3596 rem
1617 3532 1803 3597 vendibilem

239 3609 288 3672 vel
305 3614 451 3688 quinque.
474 3610 533 3673 His
548 3611 666 3673 notatis
1037 3628 1147 3686 equum
1168 3628 1200 3672 v.
1221 3628 1245 3685 g·
1266 3606 1316 3671 ubi
1338 3606 1404 3684 plus
1433 3610 1518 3674 valet
1531 3632 1540 3689 ;
1555 3633 1625 3675 cum
1650 3612 1720 3676 talis
1746 3631 1803 3673 ex·

189 3709 229 3773 ng
278 3688 602 3754 Posseliorbonaefidei
622 3686 783 3752 restituere
798 3704 921 3752 tenetur
939 3684 1002 3748 sru·
1036 3689 1132 3755 cessus
1161 3689 1262 3773 praetii
1289 3706 1351 3751 non
1373 3686 1410 3752 stt
1446 3687 1555 3754 sruiius
1591 3687 1681 3755 solius
1715 3688 1804 3753 indu·

180 3758 305 3830 metus
321 3771 498 3847 naturales,
517 3769 641 3845 civiles,
661 3769 695 3833 δι
721 3770 834 3830 mixtos
856 3814 864 3842 ,
881 3764 1002 3848 quando
1037 3768 1136 3845 slriae,
1151 3768 1198 3829 led
1220 3771 1316 3853 etiam
1336 3770 1381 3831 tei
1401 3790 1468 3844 quae
1481 3769 1521 3831 ibi
1540 3769 1606 3847 plus
1622 3769 1725 3846 valet;
1747 3776 1809 3832 uns

180 3895 205 3933 ι
237 3847 283 3923 isli
306 3848 402 3913 adbuc
417 3867 550 3927 extent,
569 3866 624 3912 aut
645 3848 674 3910 id
698 3849 729 3909 in
753 3867 812 3928 quo
839 3845 936 3909 satius
964 3848 1002 3908 lrt
1037 3850 1074 3914 de
1090 3869 1157 3925 pars
1176 3849 1313 3910 excessus
1333 3851 1434 3926 praetii
1456 3847 1606 3913 reddenda
1633 3847 1675 3915 est
1703 3849 1802 3912 domi·

180 3960 217 3999 μ
243 3927 354 3991 ditior.
375 3928 488 4001 Quoad
506 3934 617 3993 mixtos
643 3946 746 3991 tamen
769 3924 927 3988 restituere
950 3943 1002 3988 te·
1038 3951 1101 3994 no.
1138 3927 1308 4003 Aliquando
1341 3947 1416 3992 vero
1445 3949 1505 3990 non
1545 3946 1669 3995 tenetur
1685 3951 1697 4005 ,·
1727 3925 1802 3990 idest

180 4022 230 4068 ιι
243 4022 334 4071 netur
355 4009 455 4085 quoad
476 4009 561 4073 illam
583 4025 700 4084 partem
728 4003 930 4081 solummodo,
944 4024 1002 4080 qua
1036 4008 1155 4086 qnando
1170 4007 1304 4071 excessus
1324 4008 1424 4082 praetii
1445 4007 1486 4071 est
1508 4005 1620 4075 frudus
1642 4029 1735 4074 merae
1756 4009 1803 4069 in·

243 4084 312 4151 sunt
344 4089 591 4165 natttralesnon
617 4107 692 4153 vero
721 4084 820 4162 quoad
853 4084 1003 4162 alteram,
1037 4088 1335 4163 duslriaeemptoris.
1358 4087 1520 4154 ldeovtro
1548 4106 1672 4155 tenetur
1696 4086 1802 4153 redde-

259 4187 296 4231 ιιι
313 4164 383 4232 sunt
401 4168 585 4232 industriales
608 4191 616 4232 :
638 4170 708 4245 quia
730 4163 818 4229 srtuti
846 4164 1003 4228 naturales
1038 4191 1071 4234 re
1086 4169 1238 4233 excelsum
1256 4167 1355 4244 praetii
1375 4170 1452 4243 quod
1472 4190 1512 4234 ert
1533 4170 1646 4238 iudicio
1669 4168 1803 4248 pruden-

292 4246 412 4312 Civiles
438 4248 551 4313 domini
579 4246 648 4313 sunt
674 4263 786 4325 utpote
815 4247 867 4323 qui
896 4264 1003 4320 prove·
1039 4267 1106 4314 turn
1126 4248 1246 4313 videtur
1263 4247 1425 4326 procedere
1444 4268 1484 4312 ex
1504 4271 1557 4328 re,
1573 4269 1634 4315 non
1652 4269 1693 4312 ex
1721 4246 1805 4310 labo·

238 4329 328 4392 nient
345 4346 432 4392 exeo
453 4326 588 4405 quodest
598 4329 733 4404 domini,
754 4329 798 4391 ita
814 4324 1002 4388 industriales
1039 4327 1121 4394 re&
1142 4325 1286 4391 industria
1304 4327 1466 4393 vendentis
1486 4378 1495 4409 ,
1517 4332 1587 4407 quia
1618 4348 1738 4405 aequum
1757 4320 1802 4390 est

239 4409 481 4483 eumprocedant
503 4429 564 4471 non
585 4427 645 4472 are
661 4406 708 4471 sed
729 4406 766 4472 ab
782 4403 948 4481 industria,
967 4404 1003 4468 ad
1038 4425 1075 4474 ut
1094 4409 1144 4483 qui
1173 4404 1268 4469 sentit
1292 4426 1368 4470 onus
1384 4410 1498 4474 sentiat
1522 4409 1556 4476 ὅ(
1583 4406 1801 4475 commodum.

240 4504 310 4549 eum
325 4491 374 4563 qui
397 4487 450 4553 sua
470 4487 615 4551 industria
634 4486 703 4552 usus
723 4485 767 4552 est
788 4486 825 4552 ad
845 4486 923 4551 tales
943 4480 1004 4548 sru-
1038 4488 1129 4552 Unde
1149 4484 1272 4551 sicutist
1292 4505 1386 4560 equus
1402 4491 1454 4553 ille
1470 4488 1624 4567 periisset,
1645 4506 1699 4553 aut
1714 4486 1803 4550 dete·

238 4564 299 4631 ilus
322 4569 527 4644 percipiendos
542 4618 551 4645 ,
568 4566 697 4645 speiiare
713 4566 844 4631 debent.
1039 4572 1101 4634 rior
1122 4566 1218 4632 sadus
1238 4563 1343 4631 fuisset
1363 4570 1394 4631 in
1411 4589 1503 4633 manu
1524 4567 1695 4649 possessoris
1711 4566 1800 4630 bonae

277 4646 372 4723 Quod
397 4647 419 4710 sr
448 4644 558 4716 fruitus
590 4669 650 4711 nou
681 4664 820 4725 extent,
845 4645 1005 4713 restituere
1039 4649 1126 4727 fidei,
1146 4666 1223 4710 onus
1238 4646 1315 4711 illud
1331 4650 1362 4710 in
1383 4649 1525 4713 damnum
1550 4649 1664 4714 domini
1685 4641 1802 4711 evenis·

239 4723 330 4792 debet
346 4727 493 4869 Holsesior
508 4728 596 4794 bonae
614 4725 683 4791 fidei
701 4728 730 4789 id
746 4747 807 4805 quo
827 4747 867 4791 est
884 4726 930 4791 his
960 4723 1004 4790 sa·
1040 4730 1105 4810 set,
1122 4725 1242 4792 tametsi
1262 4730 1294 4791 in
1309 4748 1403 4793 manu
1417 4728 1530 4793 domini
1552 4748 1614 4794 non
1631 4730 1802 4809 periturus,

236 4802 302 4875 sius
325 4825 344 4869 e
398 4808 520 4887 ditior,
547 4810 619 4883 quia
638 4807 774 4884 alioquin
793 4827 859 4870 rern
877 4809 1006 4871 alienam
1040 4813 1096 4880 nec
1123 4808 1259 4871 deterior
1282 4804 1427 4873 evasurus
1456 4806 1584 4887 suisset,
1606 4811 1651 4871 ita
1671 4801 1802 4871 dedudis

238 4882 400 4962 possideret
420 4888 453 4949 in
471 4888 694 4965 aequivalenti,
713 4888 747 4953 ὃ(
764 4905 898 4952 nemout
918 4885 1005 4963 supra
1040 4884 1219 4952 deducendis
1238 4888 1376 4952 dominus
1392 4888 1429 4952 de
1449 4891 1515 4952 eius
1537 4904 1702 4968 augmento
1728 4902 1799 4962 pat·

248 4966 432 5053 diximusex
452 4967 555 5045 regula
575 4967 649 5033 iuris
670 4969 700 5029 in
718 4970 748 5030 6.
765 4965 931 5047 locupletior
950 4972 1006 5047 fie-
1043 4972 1139 5043 ticeps
1158 4967 1219 5030 elle
1239 4967 1346 5031 debet.

240 5041 453 5110 naeinam
472 5046 596 5111 atterius
611 5049 741 5113 itiitere.
761 5047 830 5111 Hoc
848 5045 1008 5113 confirma·
1082 5044 1227 5111 Posselsot
1250 5048 1338 5113 bonae
1359 5044 1430 5111 fidei
1446 5045 1608 5113 restituere
1628 5065 1691 5110 non
1715 5057 1802 5106 rene·

241 5139 303 5191 tur
322 5141 364 5189 ert
390 5124 412 5189 l.
429 5143 456 5192 1.
481 5127 549 5196 cod.
572 5125 609 5196 dt
631 5128 770 5212 petitione
797 5127 1008 5207 hereditatis,
1043 5144 1096 5195 tur
1115 5123 1226 5193 surdus
1241 5145 1324 5197 mere
1340 5124 1548 5204 induslriales,
1567 5129 1637 5204 quia
1657 5142 1747 5189 nemo
1757 5117 1804 5212 al·

327 5263 330 5270 .
1706 5218 1766 5265 terr
