4425 6000
441 509 520 603 446
694 509 868 584 Tracr.
897 527 955 580 ua
982 502 1245 587 praecurras
1273 504 1479 581 Ecclesia
1507 506 1607 584 Car.
1634 507 1702 583 111.

391 609 493 674 lenter
521 607 749 687 multiplicem,
778 603 856 670 idest·
876 625 993 671 nouam·
1016 601 1132 667 sumere
1144 643 1168 678 ,÷
1194 605 1321 669 euml).
1344 603 1561 672 Tin-sentiunt
1580 609 1675 672 etiam
1698 605 1882 691 Navartur,
1897 609 1961 678 Ca·

392 705 454 756 aut
473 686 526 751 diu
558 689 696 754 eamdem
723 690 906 754 continuare
934 681 1160 760 refectionem,
1195 683 1408 750 lenimine-in
1430 687 1524 751 Rubr.
1545 684 1712 768 deubsrrrru.
1731 685 1852 753 ieiunii.
1874 691 1958 758 Hine
2018 703 2033 740 t

390 790 462 848 quae
479 764 573 844 reipsa
589 770 713 834 realiter
730 766 962 834 &virtualiter
976 769 1035 829 erit
1052 765 1161 828 multi·
1195 763 1358 830 elesluaria
1380 766 1500 845 sumpta·
1516 766 1558 834 ob
1578 766 1674 834 solam
1697 766 1956 849 delectationen,

414 849 464 914 lex
491 870 499 911 ε
520 869 578 913 nec
599 847 726 914 interest
746 846 834 926 quod⁴
849 843 965 921 semper
981 863 1044 909 non
1057 863 1163 931 come·
1219 842 1256 907 rsr
1278 846 1377 911 essent
1396 852 1427 910 in
1450 867 1549 925 parva·
1568 849 1770 927 quantitate,
1786 867 1823 914 ut
1842 846 1958 916 ceustti

391 871 505 1006 batur,
519 924 644 994 lediart·
656 926 887 1002 confabulatio,
902 929 973 1002 quia
992 923 1093 989 ciboss
1197 920 1288 1005 possit
1313 929 1446 991 materia
1476 929 1554 992 levis
1574 976 1583 1006 ‚
1611 924 1758 1005 frangunt
1784 931 1933 994 ieiunium
1953 977 1968 1008 ,

392 1027 462 1090 ptos
482 1012 612 1074 interim·
625 1011 791 1084 concoquit
813 1005 981 1070 stomachus
1009 1008 1057 1079 qui
1082 1002 1161 1068 suffi·
1195 1027 1266 1070 cum
1283 1024 1396 1084 praeter
1414 1009 1478 1072 vim
1494 1007 1632 1072 medendi
1648 1006 1894 1074 habeantetiam
1909 1028 1965 1075 na·
2004 1063 2006 1066 .

391 1088 520 1156 ciebant·
537 1111 596 1168 pro
616 1092 709 1156 unica
730 1084 914 1164 refestinne,
934 1083 967 1151 ὰ
985 1084 1036 1147 alii
1057 1079 1160 1149 sublii·
1198 1103 1303 1150 turam
1321 1087 1380 1151 cibi
1398 1090 1557 1153 nutritivi.

393 1186 542 1235 tuuntur.
565 1170 614 1233 Sic
631 1173 663 1233 Ρ;
684 1170 842 1234 Antoine.
1186 1179 1189 1186 ·
1235 1163 1315 1230 Item
1340 1169 1489 1231 ieiunium
1513 1165 1670 1245 frangeret
1693 1168 1745 1243 qui
1770 1183 1897 1247 rogatur
1924 1166 1967 1234 ab·

431 1250 496 1326 Qui
514 1250 615 1327 plures
631 1255 662 1312 in
680 1248 729 1313 die
746 1248 853 1311 ieiunii
869 1244 1004 1311 comedit
1022 1242 1105 1309 cibos
1127 1245 1160 1306 li·
1197 1249 1296 1309 amico
1315 1264 1407 1312 extra
1427 1244 1621 1313 resttliouem
1645 1246 1762 1323 aliquid
1778 1251 1838 1313 cibi
1867 1246 1961 1312 sume·

282 1403 287 1410 ,
391 1347 448 1396 cet
469 1350 536 1392 non·
559 1332 704 1405 vetitos,
734 1329 845 1405 pluries
866 1328 1006 1404 graviter
1025 1342 1160 1400 peccat,
1186 1341 1247 1400 ret
1264 1346 1304 1388 ne
1324 1326 1483 1392 videretur
1502 1326 1690 1404 inurbanus,
1704 1327 1961 1405 quiapetitioilia

395 1411 468 1487 quia
488 1426 681 1486 praeceptum·
695 1410 799 1473 ieiunii
811 1402 901 1485 ,etsr
924 1402 1022 1479 quoad
1053 1404 1160 1468 verbo·
1196 1408 1298 1482 iniqua
1318 1405 1380 1485 esi,
1400 1427 1469 1470 cum
1485 1428 1560 1471 vera
1580 1406 1738 1470 urbanitas
1756 1424 1893 1484 nequeat
1908 1407 1962 1471 ad·

396 1510 468 1562 tum
488 1485 626 1554 sormam
644 1488 866 1554 affirmativum
891 1485 1052 1559 videatur,
1072 1488 1103 1547 in
1131 1481 1160 1546 se
1197 1486 1310 1552 versari
1329 1484 1442 1565 legibus
1461 1484 1665 1552 ecclesiasticis
1685 1532 1694 1560 ,
1717 1484 1752 1552 &
1773 1491 1877 1561 potiua
1895 1485 1967 1552 Deo

393 1584 508 1634 tamen-
519 1573 663 1633 continet
679 1568 761 1633 banc
777 1569 992 1645 negationem,
1014 1586 1071 1629 nun
1093 1565 1161 1653 plat·
1198 1565 1364 1643 parendum
1380 1564 1425 1629 est
1439 1588 1535 1644 quam
1552 1568 1673 1633 amico.
1685 1564 1738 1633 lta
1752 1567 1794 1632 D·
1811 1568 1964 1636 Antonin

394 1646 455 1714 ries
476 1649 626 1726 comedet,
645 1660 701 1712 uui
720 1646 892 1725 amplum
906 1643 1007 1723 sames
1031 1642 1161 1726 resedire·
1197 1647 1297 1712 Caiet.
1318 1648 1419 1712 Aron
1995 1689 2000 1698 .

394 1746 465 1794 nes..
488 1727 604 1794 idcirco
630 1726 776 1807 negat&
799 1724 938 1803 probibet
957 1726 1162 1801 omnemplu-

394 1807 899 1950 rasitatemrefieslionumffnagn-
919 1804 991 1897 licet
1012 1795 1190 1949 suffra·
1512 1814 1538 1875 5.
1580 1801 1645 1871 Vs.
1746 1851 1748 1856 -

394 1908 490 1965 prima
516 1908 601 1952 come
631 1907 701 1951 ione
730 1908 766 1962 pn
816 1906 852 1949 or
874 1904 1040 1948 marramr
1119 1902 1191 1958 ro,
1628 1924 1634 1934 ·
1845 1919 1861 1932 ··

396 1986 467 2030 nem
483 1987 546 2031 uon
569 1967 792 2045 possit-amplius
809 1966 957 2030 ieiunium
973 1960 1087 2028 servari
1096 1982 1164 2041 per·
1187 1996 1190 2001 ·
1252 1930 1301 1988 θ’
1317 1926 1444 2003 ‘mm’
1458 1919 1516 2003 sm
1533 1922 1743 1990 ‘mamm
1755 1916 1912 1999 smum·
2010 2028 2017 2040 ‚

395 2043 492 2124 lette,
511 2046 608 2122 potest
628 2065 732 2111 tamen
755 2047 877 2110 servarit
889 2039 1080 2129 impersesle,
1100 2062 1163 2106 non
1237 2039 1389 2106 Prioribus
1409 2036 1550 2121 sarculis,
1562 2039 1641 2106 idest
1656 2040 1693 2105 ab
1713 2035 1962 2135 {nitiq'ssfcbfi}
1976 2030 2044 2145 ssg',

394 2120 476 2192 secus
492 2146 528 2189 ac
545 2129 656 2190 dicitur
671 2127 713 2189 de.
725 2127 809 2201 illo,
821 2126 873 2202 qui
889 2143 1013 2189 carnem
1027 2123 1164 2189 lemelac
1199 2118 1289 2198 usque
1318 2122 1355 2185 ad
1381 2120 1525 2185 saeculum
1547 2120 1689 2188 ostrum
1717 2142 1749 2183 tn
1777 2118 1835 2185 dre·
1857 2137 1963 2183 rerunu
1979 2168 2044 2210 m,

393 2208 508 2270 iterum
532 2207 589 2270 tali
609 2208 658 2270 die
678 2205 866 2281 cmrederit,
883 2225 954 2268 cum
977 2224 1045 2269 non
1060 2207 1167 2266 minus
1200 2206 1291 2267 unica
1312 2201 1528 2267 tantummodo
1547 2201 1642 2267 fiebat
1662 2197 1830 2277 comestio,
1844 2197 1881 2266 dt
1897 2198 1965 2264 bec
1980 2225 2018 2272 aar
2030 2237 2044 2272 r·

394 2305 431 2349 ac
452 2284 616 2362 prohibitio
635 2306 672 2350 ca
714 2289 719 2299 '
745 2307 776 2347 m
798 2287 929 2361 plurium
959 2288 1056 2349 etiam
1085 2279 1169 2347 rese-1
1200 2283 1274 2347 hora
1291 2302 1377 2346 nona·
1392 2330 1407 2360 ,.
1433 2278 1485 2346 seu
1504 2280 1573 2361 post
1589 2285 1766 2354 meridiem,
1790 2279 1867 2345 hora
1888 2297 1966 2343 vero
1979 2285 2044 2362 oio}

392 2361 526 2429 bionum
544 2365 639 2443 posita
656 2366 700 2434 srt·
785 2364 941 2441 tota-die,
955 2367 1027 2443 quia
1043 2384 1097 2441 pro
1114 2380 1163 2452 to·
1190 2364 1297 2444 tertia
1318 2366 1357 2426 in=
1377 2363 1508 2426 ieiuniis·
1526 2363 1692 2429 minoribus
1706 2410 1724 2440 ,.
1738 2358 1774 2426 ἃ
1795 2355 1969 2450 ari-Vesper
1982 2363 2044 2403 ¹²¹⁸*

394 2461 429 2509 ta
449 2444 496 2507 die
513 2443 653 2522 imposita
664 2443 707 2511 est
717 2446 768 2509 lex
789 2443 975 2521 ieiunandi,=
988 2442 1164 2508 abilinendo
1201 2464 1269 2506 ram
1297 2443 1329 2504 in
1348 2441 1617 2522 Quadragesrma,
1645 2460 1682 2508 ut
1712 2456 1800 2517 patet
1831 2457 1873 2502 ex
1899 2454 1976 2502 vita·

395 2520 1171 2602 tumacarniburmumarepetitiscomeiiioniburc
1200 2521 1301 2585 Caroli
1327 2523 1459 2599 Magni,
1473 2525 1523 2598 qui
1549 2522 1744 2603 reprehensus
1774 2515 1834 2586 fuit
1854 2537 1872 2583 a
1892 2537 1968 2593 quio·

394 2601 513 2667 idcirco
529 2603 620 2668 sicuti<
638 2607 802 2681 peccatqui
823 2603 912 2666 semel
929 2602 964 2669 ἀ
983 2606 1169 2667 iterum³co·
1189 2601 1269 2664 dam
1294 2600 1463 2679 Episcopo,
1482 2603 1561 2677 qnod
1589 2601 1692 2670 diebus
1720 2595 1968 2677 Quadmesmae

394 2683 675 2747 medircatnes-die
692 2686 816 2761 ieiunii,
835 2684 1058 2758 itaetiamqui·
1074 2680 1163 2766 semel
1200 2680 1301 2745 cibum
1324 2682 1456 2746 sumeret
1478 2681 1589 2750 oddara
1619 2683 1692 2747 bora
1715 2683 1775 2744 diei
1790 2675 1894 2757 ,idest
1925 2675 1970 2742 se-

396 2759 562 2828 &iterum
584 2764 735 2840 comedit,
757 2762 845 2827 sicuti
871 2780 1056 2840 peccarnun
1071 2761 1166 2827 sulum
1200 2761 1298 2824 cunda
1316 2760 1377 2835 post
1398 2762 1577 2840 meridiem,
1597 2760 1713 2840 peraeta
1734 2778 1841 2823 tamen
1861 2755 1979 2826 Milia·-

394 2844 587 2920 qrriprimum
607 2839 726 2909 furtum
744 2839 1165 2908 autsornicationemcuntra
1202 2862 1269 2904 rum
1288 2840 1491 2917 celebritate,
1512 2843 1546 2908 dt
1568 2844 1750 2919 vespertinis
1783 2839 1893 2904 horis:
1916 2857 1969 2901 ue·

395 2940 512 2987 rutum
531 2927 732 3002 committit„
750 2921 798 2988 sed
817 2925 911 2986 etiam
931 2926 991 2999 qui.
1009 2919 1139 2988 secundo
1158 2970 1167 3001 ,
1201 2918 1495 3001 cessitatempmsua
1513 2921 1684 2987 defensione
1700 2920 1870 2998 allegavit,
1885 2936 1968 2980 nem·

399 3005 507 3067 tertio·
522 3001 563 3068 ἃ·
582 3025 696 3079 quarto
719 3008 749 3067 in
769 3002 889 3086 easdem
922 3001 1174 3085 transgressiones
1203 3023 1238 3078 pe
1261 3001 1310 3065 libi
1331 3004 1469 3066 coenanti
1498 3004 1666 3067 ministrare
1687 3020 1769 3080 reges
1798 2998 1832 3065 dt
1853 2996 1945 3061 duces
1960 3040 1981 3074 ,—

396 3082 562 3148 relabitur.
586 3081 633 3150 lta
648 3085 770 3166 Sylvius
790 3105 860 3149 cum
881 3085 975 3148 aliie.⁴
1204 3081 1247 3144 liis
1268 3080 1369 3160 possea
1389 3081 1568 3150 ministrare·
1584 3084 1749 3158 Comites,
1777 3078 1886 3155 quibua
1915 3098 1969 3170 po·

441 3163 513 3226 Non
541 3167 661 3229 violant
690 3183 803 3229 tamenv
819 3165 968 3228 ieiunium
997 3162 1139 3229 Lesiotes
1157 3211 1177 3242 „
1203 3159 1263 3224 stea
1283 3182 1321 3226 ex
1344 3162 1457 3226 ordine
1470 3167 1521 3229 alii
1538 3164 1721 3229 inser-virent
1733 3208 1751 3238 ,.,
1763 3161 1817 3223 ita·
1829 3175 1868 3222 ut
1893 3159 1978 3222 ultr··

398 3242 530 3309 Ministri
560 3241 677 3308 mensae.
697 3248 730 3307 in
758 3243 951 3307 Munasteriis
974 3243 1087 3319 aliquid
1107 3245 1174 3308 cibi.
1203 3243 1250 3306 mi·
1264 3261 1327 3305 non
1349 3258 1430 3306 ante·
1443 3246 1541 3311 nostis
1560 3243 1694 3308 medium
1718 3239 1966 3304 manducarent.

399 3321 553 3386 sumentes
565 3341 661 3396 ,tum
680 3326 750 3398 quia
768 3324 795 3385 id
814 3320 988 3386 saciuncne
1011 3327 1095 3388 vires
1110 3344 1166 3387 no·
1203 3321 1281 3386 Haec
1301 3318 1456 3399 disciplina
1474 3322 1653 3404 perdurabat
1668 3325 1762 3386 etiam
1784 3338 1922 3395 tempure
1931 3318 1967 3381 D.

188 3428 194 3436 ’
398 3400 545 3469 rabiliter·-
561 3402 785 3477 debilitentur,
796 3419 863 3466 tum
878 3404 948 3478 quia
964 3401 1007 3465 est
1028 3403 1176 3478 quaedam-
1202 3399 1351 3464 Bernardi
1369 3448 1388 3479 ,.
1407 3420 1442 3468 ut
1476 3404 1604 3470 habetur
1625 3406 1657 3466 in
1680 3406 1746 3465 eius
1769 3396 1863 3479 serm.
1887 3414 1914 3480 3.
1938 3403 1971 3462 in

185 3494 311 3587 fs
399 3482 522 3572 prandii
543 3482 722 3560 inchoatio,
742 3481 779 3548 δι
803 3485 948 3560 temporis
978 3486 1169 3561 interruptio
1201 3480 1426 3559 Quadrag.-cui
1445 3485 1710 3550 consonat-Petrus
1729 3478 1969 3558 bleleniirsem·

183 3592 186 3613 ι
312 3500 365 3687 Ὗ
400 3566 441 3626 bt
463 3560 540 3625 iulia
565 3564 686 3627 caussa.
712 3563 741 3624 S.
757 3562 944 3627 Benedilius·
958 3565 988 3624 in
1010 3564 1084 3643 R‘eg.
1106 3581 1166 3642 cap.
1203 3579 1251 3623 ιι.
1269 3562 1348 3625 unde
1367 3557 1979 3638 etiaml'aeculoduoducimo·persevera··

183 3618 191 3669 ι
400 3640 457 3731 {d
475 3641 566 3729 tibus.
586 3647 617 3705 in
633 3659 693 3721 rap.
715 3646 745 3704 6.
768 3641 882 3709 Maliba
899 3662 1000 3721 φης.
1017 3642 1116 3709 Caiet.
1133 3667 1165 3708 v.
1201 3640 1255 3705 bat
1275 3644 1365 3706 unica
1393 3648 1541 3711 comestio
1560 3692 1579 3722 ,.
1600 3645 1661 3709 stne
1683 3637 1904 3707 refectiuncula
1920 3623 2043 3742 sfflffi

192 3678 358 3805 &ss
399 3741 545 3786 tarentum
576 3741 636 3803 cap.
662 3743 688 3785 1.
719 3725 781 3789 imo
806 3723 890 3787 addit
916 3724 1167 3788 Navarrurcum
1201 3722 1346 3786 coenula.
1366 3720 1573 3794 Caussa-veto
1589 3723 1638 3789 serr
1654 3721 1771 3788 occasio
1787 3719 1970 3790 indufliouis
1986 3749 2044 3806 pur

399 3801 469 3867 asiis
481 3804 589 3881 ,quod
611 3802 631 3865 sr
654 3804 812 3879 prandium
833 3801 890 3867 tibi
905 3801 1112 3870 differendum
1129 3802 1170 3869 sit
1203 3803 1290 3865 huius
1305 3804 1437 3867 coenulae
1456 3808 1685 3883 indieieiunii,
1702 3801 2043 3879 qummsteruniroer·

398 3882 482 3945 ultra
502 3903 695 3946 communem
718 3882 825 3947 liuram
837 3902 952 3961 ,potes
973 3884 1088 3959 aliquid
1106 3884 1166 3950 cibi
1202 3881 1363 3947 versaliter
1380 3886 1538 3965 irrvaluit,
1556 3887 1759 3951 conmuniter
1776 3881 1925 3949 tribuitur
1936 3885 1979 3947 li·-

399 3962 518 4024 sunere
541 3983 579 4025 ne
605 3961 853 4027 viresdeficiant
870 4010 881 4039 ,
901 3964 939 4029 dt.
957 3983 998 4028 ne
1023 3964 1174 4030 llomacbi·
1200 3965 1322 4027 centiarv
1348 3968 1547 4039 qmrurndam
1578 3963 1800 4045 Religiosorum
1841 3967 1979 4030 ineunte·

401 4039 516 4103 dolore·
528 4044 691 4119 premaris,
706 4045 778 4118 quia
797 4061 872 4107 tunc
895 4042 1025 4108 sumitur
1042 4064 1172 4118 nermo·-
1201 4040 1312 4106 sarculo
1335 4041 1363 4104 8.
1383 4047 1434 4121 qui
1461 4045 1565 4112 statim
1592 4065 1677 4110 ante·
1695 4045 1968 4125 Completorium,

402 4122 475 4211 dum
492 4120 676 4185 medicinae..
689 4122 770 4186 luem
785 4121 1002 4204 nuninstingit
1017 4127 1167 4193 ieiunium
1202 4121 1261 4186 seu·
1273 4142 1347 4186 ante
1367 4120 1420 4188 sua
1443 4126 1614 4204 spiritualia
1634 4125 1787 4201 colonnia
1804 4123 1910 4190 diebus
1931 4130 1982 4190 ie*

401 4220 456 4277 qur
476 4195 572 4288 sumit
583 4200 751 4266 elesiuaria
764 4220 830 4279 ,ut
850 4205 1025 4283 aegritudini
1050 4206 1171 4270 melea·
1202 4205 1277 4268 iunii
1290 4223 1309 4266 a·
1328 4203 1427 4268 sua-R
1465 4203 1974 4282 ulaztantumtnriffir-,quaeln

401 4295 472 4352 tur,
494 4284 556 4344 live
578 4299 614 4344 ut
636 4281 840 4358 probabiliter·
860 4286 1026 4349 necellario
1050 4306 1167 4362 praeca·
1202 4305 1243 4348 ra·
1258 4304 1347 4349 nona·
1360 4284 1428 4350 suiv
1485 4306 1662 4364 ntur,.non
1680 4286 1974 4362 vero'itrQuadra·

401 4377 534 4438 meatur,
551 4365 620 4437 quia
643 4379 716 4426 tunc
733 4364 934 4429 medicamina
950 4364 1018 4430 sunt
1040 4369 1169 4431 nonali-
1202 4362 1310 4443 gesuna
1322 4385 1461 4444 ,aquam
1481 4368 1648 4447 bibebant,
1669 4366 1888 4445 &polica-uti
1910 4388 1976 4433 cte·

402 4455 509 4504 urenta
530 4488 539 4518 ,
560 4441 624 4504 nisi.
641 4439 720 4507 sorte
744 4444 851 4539 aliquis
878 4444 1050 4521 (notatD.
1074 4443 1137 4509 Th.
1156 4446 1179 4522 )“·
1203 4463 1318 4521 petunt
1337 4452 1368 4509 in
1393 4449 1594 4526 ralipotione
1613 4453 1691 4514 uino
1704 4469 1786 4526 aqua
1803 4449 1908 4513 diluto
1942 4447 1976 4514 ἀ

400 4517 566 4585 elesiuaria
586 4523 619 4585 in
648 4518 786 4588 fraudem
809 4547 841 4587 m
861 4545 971 4604 magna
991 4531 1168 4602 quantitate
1204 4527 1270 4589 haec
1292 4525 1423 4592 facultas
1444 4530 1508 4592 tali
1522 4530 1596 4593 hora
1611 4527 1729 4593 bibendi
1746 4527 1851 4606 postea
1872 4496 1975 4593 iisdem

402 4597 572 4692 assumeret
588 4622 645 4677 per·
665 4604 789 4667 modum
809 4606 895 4682 cibi,
915 4606 1177 4682 quiaeiedluaria.
1205 4604 1368 4684 Religiosir·
1380 4607 1520 4674 concessa
1536 4606 1602 4673 suit:
1615 4611 1713 4673 etiarn
1734 4627 1872 4687 tempore
1887 4610 1977 4687 Qua·
2018 4628 2023 4639 ·

401 4695 446 4743 ut.
460 4680 536 4744 talia
564 4681 600 4747 dt
638 4702 673 4745 er
693 4685 821 4747 modum¹
838 4685 1002 4754 medicinae.
1018 4690 1051 4750 in
1074 4710 1168 4765 parva
1204 4684 1377 4766 dragesrmae
1388 4736 1402 4766 ,.
1415 4710 1487 4752 curn
1504 4693 1561 4754 hoc
1577 4688 1865 4755 illierreceffeellet
1884 4693 1975 4757 obla·

283 4794 289 4811 ι
403 4764 583 4851 quantitate
621 4764 682 4826 umi
705 4761 833 4828 deberit.
855 4764 945 4828 Unde
965 4765 985 4829 sr
1012 4764 1175 4834 sumantur,
1204 4767 1291 4831 borie
1305 4767 1576 4850 defatigationem,
1597 4770 1647 4832 vel
1668 4788 1805 4850 cantus,¹
1818 4768 1975 4849 officiique

402 4844 834 4934 inmagrrauquantitatestam
850 4847 1180 4913 nuncilelesluarium·
1204 4849 1302 4913 divini
1323 4849 1574 4916 diuturnitatem.
1601 4850 1717 4914 Verum
1732 4856 1804 4930 quia
1821 4854 1907 4916 talis·
1923 4872 1985 4928 po·

403 4915 438 4984 de
457 4921 605 4985 medicina
623 4922 658 4985 ad
679 4920 1025 5005 ciborumdigelliunem
1036 4926 1178 5008 ,sedita
1208 4933 1254 4992 rio
1271 4927 1351 4994 salla
1367 4931 1522 4997 stomacho
1541 4928 1604 4994 sere
1620 4932 1987 5010 ieinnnaliquannrlum-

405 4997 448 5061 esi
474 4998 559 5063 cibus
582 5001 741 5065 ordinatus
765 5003 801 5065 ad
826 5008 1043 5089 nutriendum,
1058 5012 1178 5075 idcirco.
1194 5012 1313 5087 ipsum-
1329 5010 1517 5077 siomacb'um
1544 5010 1838 5092 illinoffcnrlebau,
1860 5013 1899 5078 ad
1921 5015 1977 5078 boc

405 5092 485 5143 runc·
505 5081 627 5145 dicitur·
645 5078 862 5150 fraudulenter
886 5085 1082 5155 elesiuarium
1097 5094 1174 5157 ..Sic
1199 5093 1494 5170 praemeditantis
1512 5093 1828 5160 taudemscouceslum
1844 5091 1904 5160 fuit
1915 5091 1989 5160 sm·

1875 5174 1939 5240 sstt·
2010 5206 2013 5213 ·

1272 5221 1296 5339 'i
