4425 6000
578 486 787 572 T'nacr.
815 515 880 569 or
907 492 1052 566 iuer.
1078 510 1142 565 ιτ
1171 485 1284 562 lun.
1311 488 1500 565 crinin

262 585 398 666 deditum
426 596 587 677 praeslandi
616 593 695 673 quod
721 593 794 658 illud
819 595 865 656 ius
895 590 1021 666 impleat
1058 586 1117 652 hoc
1137 590 1220 651 enim
1236 585 1279 649 est
1299 589 1344 651 ius
1361 583 1490 652 formale
1511 587 1562 653 cui
1582 588 1741 669 respondet
1767 592 1821 658 de·

261 682 294 750 dt
313 681 498 745 exhauriat.
521 677 610 741 Unde
635 680 680 740 ius
700 673 744 740 est
765 676 848 739 ratio
871 670 1031 736 obiettiva-
1058 667 1158 732 bitum
1179 666 1367 745 rigorolnm,
1387 665 1421 731 ἀ
1437 667 1466 733 le
1506 668 1559 747 le,
1572 673 1658 735 cuius
1681 672 1820 738 ‚violatio

261 767 295 826 in·
307 759 427 825 obiedlo
443 759 512 835 cui,
529 777 624 833 aquo
640 773 712 820 tota
725 752 942 821 ratio-iustitiae
951 770 1019 823 pen·
1045 744 1102 811 'est'
1121 744 1256 812 formalis
1276 744 1425 811 iniustitia·
1437 747 1475 813 ob
1489 753 1571 825 igans
1592 751 1630 815 ad
1646 748 1819 817 restitutio·

260 844 334 907 det.·
351 841 438 904 Hinc
455 847 542 916 patet
559 834 700 902 officium·
716 832 842 899 iustitie
858 830 920 898 else
941 828 1022 897 sace·
1058 847 1147 906 nem,
1163 824 1216 890 seu¹
1232 821 1486 920 satissatlionem,
1501 824 1539 894 dt
1552 844 1701 912 poenam,
1727 853 1818 909 quam

259 941 290 989 re
305 921 528 994 inerrantium⁴
543 920 630 983 inter
640 913 844 990 debitum&
860 908 1022 988 illudquod
1047 927 1125 983 pars
1146 902 1393 1003 laesarepurere·
1407 906 1530 986 potest·-

260 1000 296 1067 ad
314 1000 413 1077 ipsum
427 998 563 1063 debitum
591 993 773 1060 solvendum
801 995 892 1059 datur
912 1030 926 1071 ,-
949 986 1022 1054 idest
1075 1017 1078 1022 ·
1097 988 1265 1062 Quarerur
1280 986 1319 1074 de
1337 1008 1399 1077 quo
1418 988 1507 1054 modo
1522 989 1696 1071 loquimur,
1714 990 1815 1076 estfa-
1833 1001 1960 1080 petricia

259 1079 438 1159 disponere,
454 1087 491 1143 ac
507 1096 634 1142 movere
653 1074 829 1140 debitorem·
847 1092 881 1137 ut
900 1084 1024 1138 tantum
1046 1068 1155 1155 ruins
1168 1115 1175 1142 ,
1190 1062 1245 1155 [eu
1262 1067 1394 1155 legitima
1407 1072 1525 1149 potestas
1536 1070 1586 1153 ‚ira
1604 1073 1917 1151 demandarint·

260 1158 351 1226 alteri
371 1209 380 1239 ,
402 1155 455 1225 seu
472 1157 615 1222 creditori
631 1230 633 1234 ⁸
650 1155 775 1231 praestet
804 1159 958 1233 quantum
983 1171 1023 1215 ex
1046 1146 1205 1238 'retineam
1223 1148 1447 1236 tenesmum,
1461 1170 1495 1215 rc
1510 1150 1593 1215 dcte
1605 1168 1819 1234 unqucmpro·

256 1243 323 1307 iure
339 1238 440 1303 eidem
455 1237 600 1302 creditori
610 1232 711 1313 cebet,
724 1244 831 1311 nempe
842 1251 876 1298 ut
891 1235 1023 1298 cuicen‘·
1055 1236 1126 1305 prid
1137 1225 1304 1315 disponendi
1318 1241 1413 1318 ruxta·
1423 1231 1523 1295 modos
1548 1233 1607 1313 lege
1619 1232 1816 1314 pra-scriptos,

262 1339 336 1386 tum.
347 1318 522 1393 debentur,
542 1316 648 1380 velex
665 1335 777 1380 mutuo
797 1312 914 1390 abipso
932 1311 1022 1376 alteri
1059 1319 1092 1394 ai
1103 1302 1232 1394 ,dignito
1250 1305 1340 1394 barus
1356 1327 1420 1387 rer,
1443 1314 1591 1388 retentio,
1618 1323 1659 1378 aa·
1674 1310 1725 1395 dis
1737 1314 1817 1392 ofiria

259 1400 401 1474 credito,
415 1398 467 1461 vel
483 1416 523 1459 ex
540 1396 641 1471 aliquo
659 1393 822 1460 contrado
840 1410 918 1472 puta·
929 1441 938 1468 ,
949 1412 1024 1456 ven·
1045 1386 1139 1475 stille
1156 1384 1291 1475 mihil
1307 1385 1370 1477 ‚Q
1386 1411 1404 1451 a
1423 1391 1539 1481 nemim
1559 1393 1596 1456 de
1612 1409 1654 1456 ια’
1726 1395 1753 1459 is
1769 1417 1819 1460 ra·

259 1481 407 1557 ditionis,
423 1477 586 1541 locationis
619 1478 723 1555 inito,
742 1474 873 1559 iustitiae¹
897 1469 1024 1537 esteffi·
1058 1461 1369 1555 irouirlrier'nrorris
1397 1465 1509 1563 dispone
1538 1475 1639 1537 vileat
1661 1511 1675 1536 a
1695 1474 1817 1541 Dicitur

262 1580 331 1627 cere
352 1572 536 1624 urceorum
557 1566 577 1619 a¹
595 1554 733 1628 debitore
761 1558 789 1618 ei
818 1553 1026 1619 tribuantur
1055 1546 1178 1625 potestas
1201 1566 1269 1639 quae
1287 1545 1330 1642 ell
1351 1547 1498 1637 habitudo
1516 1553 1554 1617 ad
1578 1555 1608 1615 id
1635 1555 1715 1618 circa
1738 1555 1821 1633 qnod

301 1639 381 1703 Cum
397 1654 503 1702 autem
521 1635 674 1701 obieti'um
696 1633 827 1701 iustitiae·
850 1637 967 1711 proprie
979 1631 1024 1694 di·
1060 1630 1104 1689 ius
1125 1625 1439 1706 habere·drcrmur,-dt¹
1452 1630 1498 1695 eli
1511 1631 1581 1709 quid
1596 1634 1822 1712 morale·,·qua·

263 1720 317 1784 dle
333 1717 371 1782 lit
392 1721 438 1789 ius
469 1719 588 1795 proprie
614 1716 755 1792 ditium,
782 1716 835 1778 seu
859 1717 905 1777 ius
934 1712 1023 1777 alteri
1063 1704 1334 1770 ten'utsecundum
1349 1706 1506 1775 hominnm
1521 1710 1821 1787 aestimationemsus·

263 1799 418 1876 debitum,
438 1796 476 1860 ad
498 1795 577 1872 quod
597 1793 867 1873 constituendum,
891 1792 1025 1857 alterive
1061 1783 1131 1878 ficit
1147 1783 1194 1878 ¹ad·
1211 1788 1314 1849 varior
1331 1790 1491 1863 pariendos
1510 1789 1661 1872 effediur,
1688 1805 1822 1872 quorum

263 1876 449 1949 reddendum
479 1874 694 1950 principaliter
717 1871 836 1937 iustitia
861 1870 1000 1937 versatur
1017 1907 1028 1948 ,¹
1061 1865 1170 1958 2¹¹511¹⁵
1192 1865 1429 1941 apprehenditur
1451 1890 1503 1948 l)er
1525 1871 1648 1936 mOdum
1668 1877 1820 1950 lotentiae

260 1958 330 2025 irinc
352 1955 527 2035 praelibatis·
542 1974 610 2032 quae
629 1958 691 2018 iam
711 1950 869 2019 satis-sunt
886 1953 923 2016 ad
943 1953 1025 2015 inlli-
1048 1942 1171 2038 :adivit
1188 1992 1196 2021 ,
1212 1963 1249 2009 ut
1263 1956 1334 2010 cum
1350 1952 1451 2041 agitur
1469 1949 1508 2016 de
1533 1954 1599 2016 iure
1616 1952 1704 2029 mod
1729 1950 1819 2019 habet

263 2041 319 2104 ria·
337 2036 600 2113 intelligentiam,
620 2034 699 2099 ordo
714 2032 848 2113 postulat
864 2051 900 2099 ur
920 2033 958 2098 de
975 2049 1025 2099 tae
1062 2023 1153 2088 iudex
1169 2024 1206 2089 ai
1228 2021 1383 2118 ferendam
1398 2030 1602 2108 sementiam,
1622 2034 1735 2111 veliet
1754 2053 1822 2098 mo·
1936 2054 1945 2064 ·

267 2119 371 2183 iiiure
387 2115 482 2181 modo
500 2130 608 2194 agatur
616 2147 630 2174 .·
812 2125 819 2140 ·
1049 2105 1132 2197 'dum
1152 2121 1301 2199 potentia:
1327 2105 1451 2183 paffivre
1471 2148 1485 2190 ,·
1504 2129 1541 2176 ut
1565 2113 1693 2189 quando·
1708 2113 1822 2178 dicitur

457 2263 460 2269 ι
845 2258 851 2266 ,
1064 2186 1145 2250 iilius
1165 2206 1213 2250 rur
1228 2183 1338 2249 habere
1354 2207 1389 2252 ut
1406 2210 1423 2253 a
1440 2205 1534 2267 patre·
1543 2192 1646 2258 alatur
1662 2231 1678 2270 ,·
1697 2194 1748 2256 vel
1766 2213 1821 2270 per

430 2275 463 2336 C·
498 2270 528 2338 A
567 2277 590 2337 P
631 2273 662 2335 U
705 2273 736 2336 T
807 2272 855 2337 ll.
1061 2264 1351 2410 modumpoterffiae
1378 2266 1676 2350 resrii‘endi·,.s1cuti
1705 2271 1753 2337 ell‘
1772 2275 1819 2339 ius

648 2388 655 2425 ·.
1061 2358 1128 2422 quo·
1145 2349 1220 2424 quis·
1240 2344 1281 2411 ali
1304 2364 1336 2439 m
1361 2350 1507 2427 impedire
1526 2351 1622 2430 potest
1643 2375 1683 2418 ne
1703 2355 1734 2416 in
1759 2354 1820 2418 tali

570 2439 619 2498 οε·
637 2433 721 2499 im,
1012 2458 1014 2462 ·
1062 2424 1129 2489 loco
1150 2426 1244 2509 altius¹
1264 2425 1472 2506 aedrficet,·ne
1496 2428 1659 2499 fenestram
1682 2437 1821 2512 aperiat,

686 2578 690 2587 Ι
1062 2503 1142 2568 u'nde
1158 2503 1323 2595 prospicere
1345 2507 1434 2584 poffit
1456 2514 1487 2577 in
1509 2507 1564 2576 sua
1590 2513 1683 2578 domo
1694 2548 1709 2575 .·
1732 2514 1821 2578 Dici·

602 2586 629 2659 ς,
671 2592 702 2657 Ι..
1050 2604 1115 2676 'tur
1132 2584 1293 2731 “ff-‘'-
1319 2592 1389 2665 quia
1406 2590 1464 2671 legi
1486 2589 1675 2671 conformis,
1689 2594 1766 2689 alias¹
1775 2598 1820 2659 vis

566 2710 642 2775 im
1050 2666 1532 2823 arim-lieniiai
1551 2673 1823 2830 ianime

195 2880 229 2900 ..
303 2816 369 2909 Ue,
393 2828 447 2895 seu
474 2828 778 2895 impermistae
804 2823 1030 2893 consideratum·
1062 2822 1317 2901 livedivina,·ut
1335 2833 1382 2892 ius
1399 2834 1582 2908 percipiendi
1601 2803 1821 2911 Sacramenta:

182 2894 239 3001 ds?
326 2911 378 2976 sub
394 2911 492 2977 variis
500 2903 691 2986 diversisque·
702 2905 942 2985 receptionibus,
953 2905 1026 2971 idest
1062 2921 1118 2967 aut
1136 2903 1259 2999 tandem
1280 2905 1432 2987 humana,
1448 2911 1538 2987 q'uale
1557 2909 1601 2974 eil
1618 2915 1664 2977 iua
1687 2911 1822 3004 prascri-

182 3030 204 3065 a
218 3022 256 3068 ,a
272 3012 323 3070 pro
353 2987 481 3057 diversit
504 2984 776 3069 significationibus·
801 2983 971 3064 usurpatur
989 2984 1028 3051 ab
1062 2983 1154 3074 bendr¹
1168 3020 1182 3063 ‚·
1199 3002 1247 3055 rus
1268 2984 1457 3056 haereditatis
1485 2988 1551 3055 &c=
1573 2991 1704 3057 Dicitur·
1727 2992 1821 3072 dispo·

182 3089 228 3136 aa..
268 3071 459 3136 alitioribus.¹
475 3068 650 3148 Aliquando
669 3070 757 3135 e'nr‘ruv
769 3070 918 3146 accipitur
933 3065 972 3131 ad
990 3066 1028 3130 sr-
1059 3064 1152 3129 'nendr
1167 3064 1248 3130 dere
1264 3069 1498 3150 tanquamsua,
1516 3071 1550 3137 ἃ
1572 3071 1625 3135 ὴὲο
1642 3078 1686 3137 rei
1707 3093 1820 3137 nomen

288 3151 473 3215 nificandam
495 3147 678 3216 facultatem
701 3149 843 3226 aliquam·
863 3148 1026 3227 legitime,
1063 3146 1126 3208 late
1141 3139 1270 3209 sumitur
1287 3169 1342 3224 pto
1357 3170 1397 3213 eo
1420 3155 1528 3230 nempe
1552 3153 1630 3228 quod
1654 3171 1819 3229 utcumque

266 3175 298 3297 dr
316 3232 485 3307 inculpate,
494 3231 623 3309 agendi,
637 3228 671 3296 ἀ
692 3230 725 3292 in
741 3228 798 3293 hoc
807 3225 893 3292 sensu
912 3228 1029 3291 intelli-¹
1063 3224 1328 3310 ainos-spetiem·
1346 3229 1446 3302 potest
1465 3267 1478 3308 ,·
1502 3231 1572 3297 sive·
1590 3231 1633 3296 sit
1653 3232 1819 3298 substantia

266 3315 349 3389 gitur
362 3308 447 3387 quodv
461 3307 521 3375 dici
540 3303 642 3384 solet,
655 3317 733 3375 ut'ot'
747 3312 814 3373 iure
832 3316 1028 3383 meo·,·quan·
1065 3304 1124 3381 ipsa
1139 3304 1209 3369 boni
1222 3340 1236 3379 .·
1247 3310 1279 3369 in
1298 3328 1359 3385 quo
1374 3308 1460 3375 sensu
1478 3311 1688 3392 filiua'dicitut
1707 3316 1754 3377 ins
1767 3314 1821 3377 ha·
1937 3349 1944 3358 -

269 3390 306 3456 do
326 3393 392 3467 quis
409 3391 473 3469 agit
489 3388 572 3466 quod
589 3389 674 3453 licite
693 3404 789 3467 agere
803 3385 1028 3465 potest.lnter·
1053 3384 1133 3473 irere
1151 3388 1187 3447 in>
1199 3384 1282 3450 bona·
1297 3408 1445 3469 paterna,
1458 3411 1495 3456 ut
1513 3393 1637 3456 illorum
1655 3393 1691 3457 lit
1708 3393 1819 3471 haeres,

268 3469 339 3534 dum
359 3481 422 3546 pro·
436 3488 516 3546 arte,
537 3467 593 3533 seu·
616 3468 773 3545 disciplina
798 3489 833 3533 ac
849 3464 1000 3532 facultate
1021 3516 1029 3544 ,
1053 3467 1127 3535 ⁴siue
1145 3462 1182 3528 srt
1199 3463 1324 3543 simplex
1339 3474 1382 3532 rei
1406 3471 1500 3550 usus,
1516 3475 1569 3535 uti
1581 3473 1693 3537 dicitur
1709 3477 1755 3536 ius
1766 3474 1818 3538 ha·

269 3547 320 3613 seu
340 3548 471 3616 scientia
488 3551 563 3614 iuris
574 3583 590 3626 ,·
602 3548 676 3612 idest
697 3546 823 3614 scicntia
834 3587 848 3623 ,·
861 3567 929 3612 non·
946 3546 1028 3612 se'cur
1063 3544 1134 3608 bete
1152 3548 1184 3606 in
1202 3547 1356 3623 praedium·
1370 3555 1421 3627 qui
1442 3550 1534 3616 habet
1552 3551 1647 3615 solum
1662 3550 1818 3617 usumsme

270 3644 304 3693 ac
331 3631 421 3693 iuxta
449 3631 488 3692 n
518 3626 673 3692 Thomam
700 3648 736 3690 n·
754 3643 782 3690 τ.
804 3649 834 3705 q.
851 3634 899 3708 η’.
922 3641 981 3691 art.
1000 3648 1029 3691 i.
1055 3628 1268 3702 proprietate,
1287 3626 1350 3692 live
1369 3628 1406 3708 lit
1433 3635 1516 3695 m'era
1532 3627 1668 3709 funilio,
1685 3654 1715 3696 v.
1734 3653 1761 3711 g.
1784 3651 1818 3695 e·

269 3727 316 3771 ars
330 3705 529 3789 [canscientia
552 3708 692 3773 medendi
727 3708 838 3773 dicitur
854 3705 1026 3772 meditina'.
1063 3704 1206 3768 xercendi
1224 3716 1444 3789 mercaturam,
1466 3710 1668 3786 medicinam,
1682 3713 1822 3775 advoca·.

266 3789 351 3853 Hinc
369 3784 630 3865 studiosr,q'uiins
644 3788 756 3865 civile,
773 3796 830 3852 aut'
843 3791 1029 3853 canonicum
1053 3788 1161 3860 tiam,
1179 3785 1231 3848 vel
1257 3787 1463 3854 indicaturam
1486 3794 1518 3852 in
1539 3788 1625 3869 soro,
1651 3809 1706 3855 aut
1734 3790 1817 3869 quasi

267 3865 447 3948 addiscunt,
465 3869 615 3933 dicuntur¹
630 3870 693 3931 iuri
708 3888 832 3945 operam
847 3867 939 3933 date.
951 3868 1029 3932 ltem
1063 3861 1198 3941 sundtio,
1214 3884 1289 3953 puta
1303 3868 1472 3932 retinendae
1486 3870 1696 3949 conditionis,
1706 3874 1738 3933 in
1757 3892 1815 3947 qua

269 3946 399 4013 sumitur
419 3969 474 4027 pro
496 3945 652 4013 sententia
668 3949 795 4030 indicis,
811 3964 866 4011 aut
881 3968 944 4025 pto
959 3948 1029 4011 lot'o
1064 3943 1190 4022 sumus,
1202 3945 1251 4009 vel
1272 3947 1434 4011 lunllionia
1449 3953 1574 4028 negatio
1584 3994 1599 4029 ‚·
1611 3970 1646 4017 ut
1670 3971 1739 4015 non*
1759 3954 1817 4014 mi·

269 4025 319 4091 ubi
338 4047 377 4091 ca
393 4025 548 4093 sententia
565 4027 682 4102 sert‘ur3
702 4028 735 4093 dc
756 4031 802 4092 ira
831 4026 939 4105 iudex,
957 4025 1029 4091 dum
1053 4024 1194 4104 litandi,
1212 4045 1279 4090 non
1291 4024 1428 4091 solvendi
1446 4032 1589 4109 tributa,-
1607 4032 1643 4095 ad
1659 4031 1739 4107 quod
1762 4033 1816 4095 alii

269 4112 554 4184 campronunciat,
572 4108 692 4171 dicitur¹
706 4113 752 4171 ius
771 4107 873 4171 dicere
885 4105 944 4182 p&
962 4126 1028 4171 reus
1064 4114 1225 4170 tenentur.
1244 4108 1299 4169 Per
1321 4107 1567 4175 verbumaut'em
1586 4112 1758 4188 disponendi
1770 4113 1817 4173 in·

270 4186 380 4252 dicitur
402 4190 433 4254 in
459 4192 506 4252 ius
534 4190 664 4251 vocari.
696 4188 942 4265 Aliquando-pro
962 4188 1029 4251 le'e
1065 4186 1218 4263 telligitnr
1233 4206 1326 4251 omne
1345 4189 1430 4264 quod
1442 4204 1560 4268 quoquo
1584 4189 1816 4267 modopoiside·

269 4281 338 4342 qua
353 4264 397 4332 est
413 4268 522 4347 regula·
536 4267 609 4331 boni
626 4286 660 4330 ac
678 4268 862 4349 legitimi&
876 4270 915 4328 in·
929 4208 1030 4356 talisi
1064 4279 1149 4343 mus,
1168 4264 1239 4330 srve'
1249 4266 1355 4359 adipali
1374 4268 1548 4345 possessione
1566 4268 1654 4347 fatti,
1670 4268 1733 4332 sive
1749 4268 1817 4346 pos-

272 4348 469 4486 }nilicatione
489 4346 700 4412 imdividirur
714 4351 747 4411 in
766 4346 963 4416 naturale&
975 4366 1028 4425 po·
1054 4343 1191 4417 {sessione
1207 4349 1302 4423 iuris,
1324 4348 1397 4412 idest
1418 4352 1497 4425 quod
1514 4349 1653 4428 prosequi·
1666 4348 1819 4426 possumus

283 4429 419 4493 rtivum.
436 4426 629 4503 Quandoque
651 4430 802 4505 accipitur
833 4448 887 4504 pro
912 4426 1030 4491 adl'ione
1063 4437 1102 4490 nt
1114 4426 1251 4490 debitum
1268 4425 1353 4491 nobis
1375 4427 1409 4493 ἃ
1434 4430 1621 4508 obligatum.
1640 4431 1764 4493 Dicitur
1783 4437 1819 4494 ul

201 4579 205 4588 Ι
272 4506 321 4570 vel
341 4528 382 4571 re·
394 4506 470 4570 iulia
491 4504 565 4583 ,seu
577 4528 641 4590 ⁸pro
657 4528 697 4571 eo
714 4507 793 4584 quod
815 4504 918 4573 stride
932 4506 967 4575 dt
987 4508 1035 4571 ri?
1063 4529 1083 4569 a
1101 4508 1217 4571 nemine
1230 4506 1298 4572 &ca
1309 4510 1515 4584 nam-quando
1532 4530 1639 4576 revera
1654 4529 1699 4572 res
1715 4507 1820 4574 nostra

271 4586 374 4663 gorose
392 4583 487 4650 alicui
503 4585 639 4651 debitum
657 4585 726 4664 est,
739 4590 771 4648 in
791 4607 861 4663 quo'
878 4581 1029 4651 sansures
1064 4585 1101 4650 lit
1114 4627 1131 4664 ,·
1142 4606 1232 4651 nemo
1246 4585 1309 4652 sine
1326 4590 1437 4653 iniuria
1461 4588 1545 4653 nobis
1562 4590 1704 4667 impedire
1721 4588 1819 4666 potest

269 4664 371 4731 noilra
387 4665 502 4730 dieitur
517 4667 563 4729 ius
585 4664 738 4743 nollrum,
754 4665 788 4731 dt
809 4670 842 4729 in
866 4666 925 4730 hoc
944 4665 1030 4732 sensu
1064 4687 1103 4730 ne
1119 4666 1454 4747 eam'obt‘ineamus,·&
1472 4673 1676 4749 retineamus,
1690 4668 1724 4734 ἀ
1742 4690 1822 4733 non·

272 4747 319 4809 ius
337 4743 382 4809 est
398 4744 550 4810 obietl'um
572 4745 718 4825 iustieiae‘,
738 4765 773 4810 ac
793 4745 870 4810 ideo
882 4745 1030 4812 obietliv'e
1064 4743 1120 4809 nili
1139 4747 1224 4812 nobis
1238 4745 1507 4815 consentientibus·
1519 4749 1555 4815 de
1569 4771 1606 4815 ea
1621 4750 1708 4815 valet
1724 4748 1819 4825 dispo·

268 4833 452 4903 acceptum,
471 4844 507 4892 ut
527 4842 620 4892 antea
634 4825 746 4890 dilium
766 4824 828 4890 eil.
844 4824 1029 4891 ltemsumi·
1065 4844 1162 4891 nere.-

274 4921 324 4968 rur
344 4904 534 4982 potestative
550 4907 761 4985 prolegirima·
774 4905 912 4983 aldione,
924 4904 1029 4973 seufa·
1056 4965 1059 4974 .

265 4985 473 5050 calcatorem
492 4989 626 5063 aliquam
648 4983 809 5062 possidendi
828 5034 837 5064 ‚
862 5007 897 5051 ac
920 4988 956 5050 in¹
972 4990 1028 5052 tali

263 5062 495 5144 significatione
518 5085 634 5133 nomen
658 5069 731 5133 iuris
753 5087 834 5133 nunc
855 5069 1029 5148 accipieu13
