<?xml version="1.0" encoding="UTF-8"?>
<!DOCTYPE html PUBLIC "-//W3C//DTD XHTML 1.0 Transitional//EN"
    "http://www.w3.org/TR/xhtml1/DTD/xhtml1-transitional.dtd">
<html xmlns="http://www.w3.org/1999/xhtml" xml:lang="en" lang="en">
 <head>
  <title>
</title>
<meta http-equiv="Content-Type" content="text/html;charset=utf-8" />
  <meta name='ocr-system' content='tesseract 3.04.00' />
  <meta name='ocr-capabilities' content='ocr_page ocr_carea ocr_par ocr_line ocrx_word'/>
</head>
<body>
  <div class='ocr_page' id='page_1' title='image "./institutionesth00boragoog/institutionesth00boragoog_0454.png"; bbox 0 0 4425 6000; ppageno 0'>
   <div class='ocr_carea' id='block_1_1' title="bbox 209 531 2047 5236">
    <p class='ocr_par' dir='ltr' id='par_1_1' title="bbox 262 531 1839 1510">
     <span class='ocr_line' id='line_1_1' title="bbox 555 531 1782 627; baseline -0.007 -14"><span class='ocrx_word' id='word_1_1' title='bbox 555 541 725 615; x_wconf 74' lang='lat' dir='ltr'>Tener.</span> <span class='ocrx_word' id='word_1_2' title='bbox 752 560 809 612; x_wconf 80' lang='lat' dir='ltr'>ori</span> <span class='ocrx_word' id='word_1_3' title='bbox 839 540 1092 615; x_wconf 67' lang='lat' dir='ltr'>racemis</span> <span class='ocrx_word' id='word_1_4' title='bbox 1122 534 1335 610; x_wconf 69' lang='lat' dir='ltr'>Ecciasin</span> <span class='ocrx_word' id='word_1_5' title='bbox 1371 534 1474 608; x_wconf 78' lang='lat' dir='ltr'>Car.</span> <span class='ocrx_word' id='word_1_6' title='bbox 1491 531 1558 607; x_wconf 85' lang='lat'>111.</span> <span class='ocrx_word' id='word_1_7' title='bbox 1706 553 1782 627; x_wconf 82' lang='lat'>443</span> 
     </span>
     <span class='ocr_line' id='line_1_2' title="bbox 266 625 1838 719; baseline -0.008 -15"><span class='ocrx_word' id='word_1_8' title='bbox 266 640 422 716; x_wconf 68' lang='lat' dir='ltr'>precipue</span> <span class='ocrx_word' id='word_1_9' title='bbox 442 635 662 703; x_wconf 86' lang='lat' dir='ltr'>attendendum</span> <span class='ocrx_word' id='word_1_10' title='bbox 678 636 715 701; x_wconf 85' lang='lat' dir='ltr'>sit</span> <span class='ocrx_word' id='word_1_11' title='bbox 732 656 771 700; x_wconf 87' lang='lat' dir='ltr'>ne</span> <span class='ocrx_word' id='word_1_12' title='bbox 791 636 901 702; x_wconf 84' lang='lat' dir='ltr'>a-cibis</span> <span class='ocrx_word' id='word_1_13' title='bbox 923 634 1034 698; x_wconf 84' lang='lat' dir='ltr'>laedan·</span> <span class='ocrx_word' id='word_1_14' title='bbox 1073 630 1094 694; x_wconf 91' lang='lat' dir='ltr'>si</span> <span class='ocrx_word' id='word_1_15' title='bbox 1117 634 1187 697; x_wconf 81' lang='lat' dir='ltr'>talis</span> <span class='ocrx_word' id='word_1_16' title='bbox 1208 630 1279 719; x_wconf 85' lang='lat' dir='ltr'>usus</span> <span class='ocrx_word' id='word_1_17' title='bbox 1297 633 1427 696; x_wconf 87' lang='lat' dir='ltr'>rationis</span> <span class='ocrx_word' id='word_1_18' title='bbox 1455 649 1528 696; x_wconf 88' lang='lat' dir='ltr'>ante</span> <span class='ocrx_word' id='word_1_19' title='bbox 1552 628 1742 711; x_wconf 83' lang='lat' dir='ltr'>septennium</span> <span class='ocrx_word' id='word_1_20' title='bbox 1770 625 1838 706; x_wconf 83' lang='lat' dir='ltr'>ipsit</span> 
     </span>
     <span class='ocr_line' id='line_1_3' title="bbox 262 708 1839 795; baseline -0.007 -12"><span class='ocrx_word' id='word_1_21' title='bbox 262 738 338 795; x_wconf 84' lang='lat' dir='ltr'>tur,</span> <span class='ocrx_word' id='word_1_22' title='bbox 355 736 429 794; x_wconf 90' lang='lat' dir='ltr'>pura</span> <span class='ocrx_word' id='word_1_23' title='bbox 446 722 521 793; x_wconf 84' lang='lat' dir='ltr'>quia·</span> <span class='ocrx_word' id='word_1_24' title='bbox 533 715 877 793; x_wconf 84' lang='lat' dir='ltr'>nimissaleabundant,</span> <span class='ocrx_word' id='word_1_25' title='bbox 893 714 1034 776; x_wconf 80' lang='lat' dir='ltr'>velnau·</span> <span class='ocrx_word' id='word_1_26' title='bbox 1073 731 1137 774; x_wconf 89' lang='lat' dir='ltr'>non</span> <span class='ocrx_word' id='word_1_27' title='bbox 1154 713 1327 788; x_wconf 86' lang='lat' dir='ltr'>elucescat,</span> <span class='ocrx_word' id='word_1_28' title='bbox 1346 714 1431 775; x_wconf 89' lang='lat' dir='ltr'>licite</span> <span class='ocrx_word' id='word_1_29' title='bbox 1448 708 1517 787; x_wconf 81' lang='lat' dir='ltr'>ipsis</span> <span class='ocrx_word' id='word_1_30' title='bbox 1534 711 1620 777; x_wconf 85' lang='lat' dir='ltr'>sicuti</span> <span class='ocrx_word' id='word_1_31' title='bbox 1638 727 1785 791; x_wconf 88' lang='lat' dir='ltr'>perpetuo</span> <span class='ocrx_word' id='word_1_32' title='bbox 1805 729 1839 772; x_wconf 85' lang='lat' dir='ltr'>a·</span> 
     </span>
     <span class='ocr_line' id='line_1_4' title="bbox 269 789 1836 876; baseline -0.006 -15"><span class='ocrx_word' id='word_1_33' title='bbox 269 797 353 861; x_wconf 88' lang='lat' dir='ltr'>seam</span> <span class='ocrx_word' id='word_1_34' title='bbox 374 794 442 875; x_wconf 82' lang='lat' dir='ltr'>ipsis</span> <span class='ocrx_word' id='word_1_35' title='bbox 462 799 604 876; x_wconf 90' lang='lat' dir='ltr'>pariant,</span> <span class='ocrx_word' id='word_1_36' title='bbox 623 800 693 872; x_wconf 88' lang='lat' dir='ltr'>quia</span> <span class='ocrx_word' id='word_1_37' title='bbox 714 816 776 856; x_wconf 88' lang='lat' dir='ltr'>non</span> <span class='ocrx_word' id='word_1_38' title='bbox 802 793 859 860; x_wconf 91' lang='lat' dir='ltr'>sint</span> <span class='ocrx_word' id='word_1_39' title='bbox 878 796 965 858; x_wconf 83' lang='lat' dir='ltr'>iuxta</span> <span class='ocrx_word' id='word_1_40' title='bbox 984 812 1036 856; x_wconf 89' lang='lat' dir='ltr'>eo·</span> <span class='ocrx_word' id='word_1_41' title='bbox 1073 792 1226 857; x_wconf 76' lang='lat' dir='ltr'>nitoribus</span> <span class='ocrx_word' id='word_1_42' title='bbox 1241 811 1352 856; x_wconf 82' lang='lat' dir='ltr'>carnes</span> <span class='ocrx_word' id='word_1_43' title='bbox 1364 789 1525 855; x_wconf 83' lang='lat' dir='ltr'>mini-sirati</span> <span class='ocrx_word' id='word_1_44' title='bbox 1544 793 1679 868; x_wconf 85' lang='lat' dir='ltr'>possunt.</span> <span class='ocrx_word' id='word_1_45' title='bbox 1696 790 1775 853; x_wconf 82' lang='lat' dir='ltr'>Haec</span> <span class='ocrx_word' id='word_1_46' title='bbox 1792 809 1836 851; x_wconf 88' lang='lat' dir='ltr'>re-</span> 
     </span>
     <span class='ocr_line' id='line_1_5' title="bbox 265 865 1837 954; baseline -0.006 -13"><span class='ocrx_word' id='word_1_47' title='bbox 265 899 333 941; x_wconf 91' lang='lat' dir='ltr'>rum</span> <span class='ocrx_word' id='word_1_48' title='bbox 351 876 698 954; x_wconf 86' lang='lat' dir='ltr'>indigentiam-conditi.</span> <span class='ocrx_word' id='word_1_49' title='bbox 722 875 836 937; x_wconf 89' lang='lat' dir='ltr'>Verum</span> <span class='ocrx_word' id='word_1_50' title='bbox 846 869 1035 951; x_wconf 73' lang='lat' dir='ltr'>nruemest,</span> <span class='ocrx_word' id='word_1_51' title='bbox 1072 870 1142 946; x_wconf 86' lang='lat' dir='ltr'>gula</span> <span class='ocrx_word' id='word_1_52' title='bbox 1167 888 1273 935; x_wconf 91' lang='lat' dir='ltr'>tamen</span> <span class='ocrx_word' id='word_1_53' title='bbox 1291 892 1355 935; x_wconf 88' lang='lat' dir='ltr'>non</span> <span class='ocrx_word' id='word_1_54' title='bbox 1375 872 1464 938; x_wconf 87' lang='lat' dir='ltr'>valet</span> <span class='ocrx_word' id='word_1_55' title='bbox 1485 892 1541 947; x_wconf 89' lang='lat' dir='ltr'>pro</span> <span class='ocrx_word' id='word_1_56' title='bbox 1556 872 1664 949; x_wconf 89' lang='lat' dir='ltr'>ebriis,</span> <span class='ocrx_word' id='word_1_57' title='bbox 1686 871 1755 933; x_wconf 89' lang='lat' dir='ltr'>licet</span> <span class='ocrx_word' id='word_1_58' title='bbox 1781 865 1837 932; x_wconf 89' lang='lat' dir='ltr'>usu</span> 
     </span>
     <span class='ocr_line' id='line_1_6' title="bbox 267 949 1839 1033; baseline -0.006 -13"><span class='ocrx_word' id='word_1_59' title='bbox 267 952 350 1033; x_wconf 83' lang='lat' dir='ltr'>quod</span> <span class='ocrx_word' id='word_1_60' title='bbox 371 955 391 1016; x_wconf 93' lang='lat' dir='ltr'>si</span> <span class='ocrx_word' id='word_1_61' title='bbox 414 961 492 1031; x_wconf 84' lang='lat' dir='ltr'>saepe</span> <span class='ocrx_word' id='word_1_62' title='bbox 512 958 544 1016; x_wconf 92' lang='lat' dir='ltr'>in</span> <span class='ocrx_word' id='word_1_63' title='bbox 564 954 612 1018; x_wconf 91' lang='lat' dir='ltr'>die</span> <span class='ocrx_word' id='word_1_64' title='bbox 638 956 693 1018; x_wconf 91' lang='lat' dir='ltr'>hoc</span> <span class='ocrx_word' id='word_1_65' title='bbox 711 953 780 1016; x_wconf 83' lang='lat' dir='ltr'>fieri</span> <span class='ocrx_word' id='word_1_66' title='bbox 800 957 962 1028; x_wconf 82' lang='lat' dir='ltr'>eveniret,</span> <span class='ocrx_word' id='word_1_67' title='bbox 981 971 1036 1014; x_wconf 85' lang='lat' dir='ltr'>ex·</span> <span class='ocrx_word' id='word_1_68' title='bbox 1069 953 1204 1014; x_wconf 85' lang='lat' dir='ltr'>rationis</span> <span class='ocrx_word' id='word_1_69' title='bbox 1221 955 1253 1012; x_wconf 90' lang='lat' dir='ltr'>in</span> <span class='ocrx_word' id='word_1_70' title='bbox 1269 950 1418 1016; x_wconf 85' lang='lat' dir='ltr'>ebrietate</span> <span class='ocrx_word' id='word_1_71' title='bbox 1437 968 1586 1029; x_wconf 84' lang='lat' dir='ltr'>careant;</span> <span class='ocrx_word' id='word_1_72' title='bbox 1602 949 1639 1016; x_wconf 89' lang='lat'>-&amp;</span> <span class='ocrx_word' id='word_1_73' title='bbox 1655 952 1724 1029; x_wconf 87' lang='lat' dir='ltr'>quia</span> <span class='ocrx_word' id='word_1_74' title='bbox 1740 949 1839 1012; x_wconf 89' lang='lat' dir='ltr'>ebrie·</span> 
     </span>
     <span class='ocr_line' id='line_1_7' title="bbox 266 1025 1839 1114; baseline -0.005 -16"><span class='ocrx_word' id='word_1_75' title='bbox 266 1054 359 1114; x_wconf 86' lang='lat' dir='ltr'>puere</span> <span class='ocrx_word' id='word_1_76' title='bbox 388 1035 536 1098; x_wconf 88' lang='lat' dir='ltr'>deberent</span> <span class='ocrx_word' id='word_1_77' title='bbox 562 1051 713 1109; x_wconf 86' lang='lat' dir='ltr'>quantum</span> <span class='ocrx_word' id='word_1_78' title='bbox 740 1030 808 1097; x_wconf 86' lang='lat' dir='ltr'>fieri</span> <span class='ocrx_word' id='word_1_79' title='bbox 829 1028 925 1111; x_wconf 86' lang='lat' dir='ltr'>potesl</span> <span class='ocrx_word' id='word_1_80' title='bbox 951 1029 1035 1108; x_wconf 88' lang='lat' dir='ltr'>-quod</span> <span class='ocrx_word' id='word_1_81' title='bbox 1068 1047 1138 1107; x_wconf 69' lang='lat' dir='ltr'>vtac,</span> <span class='ocrx_word' id='word_1_82' title='bbox 1158 1032 1245 1096; x_wconf 88' lang='lat' dir='ltr'>aiunt</span> <span class='ocrx_word' id='word_1_83' title='bbox 1265 1037 1319 1095; x_wconf 87' lang='lat' dir='ltr'>cit.</span> <span class='ocrx_word' id='word_1_84' title='bbox 1334 1031 1608 1109; x_wconf 86' lang='lat' dir='ltr'>Salmanticenses,</span> <span class='ocrx_word' id='word_1_85' title='bbox 1629 1052 1689 1096; x_wconf 87' lang='lat' dir='ltr'>non</span> <span class='ocrx_word' id='word_1_86' title='bbox 1706 1025 1748 1092; x_wconf 91' lang='lat' dir='ltr'>esl</span> <span class='ocrx_word' id='word_1_87' title='bbox 1760 1047 1839 1091; x_wconf 87' lang='lat' dir='ltr'>mor·</span> 
     </span>
     <span class='ocr_line' id='line_1_8' title="bbox 263 1107 1837 1192; baseline -0.004 -14"><span class='ocrx_word' id='word_1_88' title='bbox 263 1113 454 1190; x_wconf 82' lang='lat' dir='ltr'>sumpserunt</span> <span class='ocrx_word' id='word_1_89' title='bbox 476 1113 512 1181; x_wconf 91' lang='lat' dir='ltr'>ad</span> <span class='ocrx_word' id='word_1_90' title='bbox 542 1112 774 1192; x_wconf 84' lang='lat' dir='ltr'>degustandum,</span> <span class='ocrx_word' id='word_1_91' title='bbox 789 1116 864 1188; x_wconf 84' lang='lat' dir='ltr'>-quia</span> <span class='ocrx_word' id='word_1_92' title='bbox 882 1133 952 1176; x_wconf 91' lang='lat' dir='ltr'>cum</span> <span class='ocrx_word' id='word_1_93' title='bbox 981 1111 1033 1174; x_wconf 90' lang='lat' dir='ltr'>de·</span> <span class='ocrx_word' id='word_1_94' title='bbox 1065 1107 1147 1184; x_wconf 81' lang='lat' dir='ltr'>bus,</span> <span class='ocrx_word' id='word_1_95' title='bbox 1163 1110 1303 1189; x_wconf 85' lang='lat' dir='ltr'>indigens</span> <span class='ocrx_word' id='word_1_96' title='bbox 1323 1111 1387 1174; x_wconf 89' lang='lat' dir='ltr'>illis</span> <span class='ocrx_word' id='word_1_97' title='bbox 1406 1111 1498 1188; x_wconf 85' lang='lat' dir='ltr'>cibis,</span> <span class='ocrx_word' id='word_1_98' title='bbox 1514 1108 1596 1176; x_wconf 83' lang='lat' dir='ltr'>ficut</span> <span class='ocrx_word' id='word_1_99' title='bbox 1617 1110 1781 1185; x_wconf 84' lang='lat' dir='ltr'>amentia,</span> <span class='ocrx_word' id='word_1_100' title='bbox 1803 1107 1837 1175; x_wconf 78' lang='grc' dir='ltr'>δι</span> 
     </span>
     <span class='ocr_line' id='line_1_9' title="bbox 267 1186 1837 1272; baseline -0.004 -16"><span class='ocrx_word' id='word_1_101' title='bbox 267 1191 400 1272; x_wconf 84' lang='lat' dir='ltr'>gustatio</span> <span class='ocrx_word' id='word_1_102' title='bbox 420 1192 478 1256; x_wconf 81' lang='lat' dir='ltr'>siat</span> <span class='ocrx_word' id='word_1_103' title='bbox 498 1196 530 1254; x_wconf 92' lang='lat' dir='ltr'>in</span> <span class='ocrx_word' id='word_1_104' title='bbox 550 1213 634 1269; x_wconf 91' lang='lat' dir='ltr'>ore,</span> <span class='ocrx_word' id='word_1_105' title='bbox 659 1194 727 1256; x_wconf 82' lang='lat' dir='ltr'>sieri</span> <span class='ocrx_word' id='word_1_106' title='bbox 755 1194 850 1268; x_wconf 79' lang='lat' dir='ltr'>posset</span> <span class='ocrx_word' id='word_1_107' title='bbox 883 1210 918 1256; x_wconf 89' lang='lat' dir='ltr'>ut</span> <span class='ocrx_word' id='word_1_108' title='bbox 949 1191 1034 1266; x_wconf 89' lang='lat' dir='ltr'>plura</span> <span class='ocrx_word' id='word_1_109' title='bbox 1070 1192 1143 1264; x_wconf 87' lang='lat' dir='ltr'>quia</span> <span class='ocrx_word' id='word_1_110' title='bbox 1163 1195 1301 1255; x_wconf 82' lang='lat' dir='ltr'>caremia</span> <span class='ocrx_word' id='word_1_111' title='bbox 1330 1189 1403 1256; x_wconf 88' lang='lat' dir='ltr'>usus</span> <span class='ocrx_word' id='word_1_112' title='bbox 1423 1193 1551 1254; x_wconf 86' lang='lat' dir='ltr'>rat-ionis</span> <span class='ocrx_word' id='word_1_113' title='bbox 1572 1194 1603 1253; x_wconf 90' lang='lat' dir='ltr'>in</span> <span class='ocrx_word' id='word_1_114' title='bbox 1626 1192 1715 1255; x_wconf 88' lang='lat' dir='ltr'>ebriis</span> <span class='ocrx_word' id='word_1_115' title='bbox 1736 1186 1837 1251; x_wconf 88' lang='lat' dir='ltr'>brevis</span> 
     </span>
     <span class='ocr_line' id='line_1_10' title="bbox 268 1267 1837 1350; baseline -0.004 -13"><span class='ocrx_word' id='word_1_116' title='bbox 268 1291 390 1350; x_wconf 88' lang='lat' dir='ltr'>pauca,</span> <span class='ocrx_word' id='word_1_117' title='bbox 408 1272 470 1335; x_wconf 89' lang='lat' dir='ltr'>sine</span> <span class='ocrx_word' id='word_1_118' title='bbox 496 1270 673 1336; x_wconf 89' lang='lat' dir='ltr'>necessitate</span> <span class='ocrx_word' id='word_1_119' title='bbox 692 1271 888 1350; x_wconf 83' lang='lat' dir='ltr'>deglutiendo</span> <span class='ocrx_word' id='word_1_120' title='bbox 908 1289 1035 1334; x_wconf 85' lang='lat' dir='ltr'>tantuin</span> <span class='ocrx_word' id='word_1_121' title='bbox 1070 1267 1135 1344; x_wconf 84' lang='lat' dir='ltr'>est,</span> <span class='ocrx_word' id='word_1_122' title='bbox 1155 1289 1191 1335; x_wconf 91' lang='lat' dir='ltr'>ac</span> <span class='ocrx_word' id='word_1_123' title='bbox 1211 1269 1338 1345; x_wconf 86' lang='lat' dir='ltr'>proinde</span> <span class='ocrx_word' id='word_1_124' title='bbox 1355 1290 1416 1335; x_wconf 88' lang='lat' dir='ltr'>non</span> <span class='ocrx_word' id='word_1_125' title='bbox 1437 1270 1601 1336; x_wconf 82' lang='lat' dir='ltr'>extrahens</span> <span class='ocrx_word' id='word_1_126' title='bbox 1625 1291 1643 1335; x_wconf 91' lang='lat' dir='ltr'>a</span> <span class='ocrx_word' id='word_1_127' title='bbox 1666 1269 1740 1349; x_wconf 89' lang='lat' dir='ltr'>legis</span> <span class='ocrx_word' id='word_1_128' title='bbox 1759 1267 1837 1332; x_wconf 91' lang='lat' dir='ltr'>obli·</span> 
     </span>
     <span class='ocr_line' id='line_1_11' title="bbox 266 1347 1838 1430; baseline -0.003 -15"><span class='ocrx_word' id='word_1_129' title='bbox 266 1352 419 1417; x_wconf 84' lang='lat' dir='ltr'>sumerent</span> <span class='ocrx_word' id='word_1_130' title='bbox 442 1351 478 1414; x_wconf 91' lang='lat' dir='ltr'>de</span> <span class='ocrx_word' id='word_1_131' title='bbox 497 1351 569 1415; x_wconf 83' lang='lat' dir='ltr'>cibis</span> <span class='ocrx_word' id='word_1_132' title='bbox 591 1354 716 1429; x_wconf 84' lang='lat' dir='ltr'>vetitis,</span> <span class='ocrx_word' id='word_1_133' title='bbox 737 1371 772 1416; x_wconf 91' lang='lat' dir='ltr'>ut</span> <span class='ocrx_word' id='word_1_134' title='bbox 793 1371 919 1430; x_wconf 85' lang='lat' dir='ltr'>gravem</span> <span class='ocrx_word' id='word_1_135' title='bbox 935 1354 1036 1412; x_wconf 86' lang='lat' dir='ltr'>incur·</span> <span class='ocrx_word' id='word_1_136' title='bbox 1070 1353 1216 1425; x_wconf 87' lang='lat' dir='ltr'>gatione,·</span> <span class='ocrx_word' id='word_1_137' title='bbox 1238 1347 1350 1415; x_wconf 90' lang='lat' dir='ltr'>idcirco</span> <span class='ocrx_word' id='word_1_138' title='bbox 1366 1368 1519 1427; x_wconf 75' lang='lat' dir='ltr'>tequeiint</span> <span class='ocrx_word' id='word_1_139' title='bbox 1540 1348 1725 1427; x_wconf 71' lang='lat' dir='ltr'>illiacarncr</span> <span class='ocrx_word' id='word_1_140' title='bbox 1746 1349 1838 1411; x_wconf 91' lang='lat' dir='ltr'>mini·</span> 
     </span>
     <span class='ocr_line' id='line_1_12' title="bbox 264 1424 1459 1510; baseline -0.003 -16"><span class='ocrx_word' id='word_1_141' title='bbox 264 1450 370 1495; x_wconf 86' lang='lat' dir='ltr'>retent</span> <span class='ocrx_word' id='word_1_142' title='bbox 401 1426 663 1510; x_wconf 74' lang='lat' dir='ltr'>transgressionem</span> <span class='ocrx_word' id='word_1_143' title='bbox 682 1447 792 1496; x_wconf 85' lang='lat' dir='ltr'>contra</span> <span class='ocrx_word' id='word_1_144' title='bbox 811 1434 982 1507; x_wconf 83' lang='lat' dir='ltr'>ieiunium,</span> <span class='ocrx_word' id='word_1_145' title='bbox 997 1428 1036 1495; x_wconf 75' lang='grc' dir='ltr'>δι</span> <span class='ocrx_word' id='word_1_146' title='bbox 1069 1424 1157 1490; x_wconf 85' lang='lat' dir='ltr'>slrari</span> <span class='ocrx_word' id='word_1_147' title='bbox 1173 1427 1236 1492; x_wconf 90' lang='lat' dir='ltr'>sine</span> <span class='ocrx_word' id='word_1_148' title='bbox 1248 1432 1339 1507; x_wconf 88' lang='lat' dir='ltr'>gravi</span> <span class='ocrx_word' id='word_1_149' title='bbox 1355 1431 1459 1507; x_wconf 85' lang='lat' dir='ltr'>culpa.</span> 
     </span>
    </p>

    <p class='ocr_par' dir='ltr' id='par_1_2' title="bbox 213 1502 1975 1628">
     <span class='ocr_line' id='line_1_13' title="bbox 213 1502 1975 1628; baseline -0.002 -58"><span class='ocrx_word' id='word_1_150' title='bbox 213 1584 220 1597; x_wconf 29' lang='grc' dir='ltr'>ι</span> <span class='ocrx_word' id='word_1_151' title='bbox 262 1513 405 1596; x_wconf 79' lang='lat' dir='ltr'>graviter</span> <span class='ocrx_word' id='word_1_152' title='bbox 420 1529 533 1576; x_wconf 84' lang='lat' dir='ltr'>contra</span> <span class='ocrx_word' id='word_1_153' title='bbox 551 1510 629 1573; x_wconf 87' lang='lat' dir='ltr'>idem</span> <span class='ocrx_word' id='word_1_154' title='bbox 643 1527 824 1587; x_wconf 84' lang='lat' dir='ltr'>peccarent.</span> <span class='ocrx_word' id='word_1_155' title='bbox 1107 1505 1367 1574; x_wconf 68' lang='lat' dir='ltr'>controvertitur</span> <span class='ocrx_word' id='word_1_156' title='bbox 1383 1512 1463 1573; x_wconf 91' lang='lat' dir='ltr'>inter</span> <span class='ocrx_word' id='word_1_157' title='bbox 1473 1506 1623 1576; x_wconf 77' lang='lat' dir='ltr'>Dodsoret</span> <span class='ocrx_word' id='word_1_158' title='bbox 1638 1530 1712 1575; x_wconf 90' lang='lat' dir='ltr'>num</span> <span class='ocrx_word' id='word_1_159' title='bbox 1721 1502 1839 1586; x_wconf 83' lang='lat' dir='ltr'>dispen·</span> <span class='ocrx_word' id='word_1_160' title='bbox 1852 1512 1922 1628; x_wconf 52' lang='grc' dir='ltr'>(ζίῑά</span> <span class='ocrx_word' id='word_1_161' title='bbox 1943 1512 1975 1566; x_wconf 86' lang='lat' dir='ltr'>de</span> 
     </span>
    </p>

    <p class='ocr_par' dir='ltr' id='par_1_3' title="bbox 209 1577 1954 1757">
     <span class='ocr_line' id='line_1_14' title="bbox 209 1577 1954 1695; baseline -0.001 -45"><span class='ocrx_word' id='word_1_162' title='bbox 209 1598 249 1636; x_wconf 72' lang='lat'>³¹⁸⁸</span> <span class='ocrx_word' id='word_1_163' title='bbox 309 1589 450 1653; x_wconf 85' lang='lat' dir='ltr'>inserunt</span> <span class='ocrx_word' id='word_1_164' title='bbox 471 1608 500 1649; x_wconf 82' lang='lat'>2.</span> <span class='ocrx_word' id='word_1_165' title='bbox 522 1609 628 1653; x_wconf 86' lang='lat' dir='ltr'>carries</span> <span class='ocrx_word' id='word_1_166' title='bbox 647 1591 805 1664; x_wconf 80' lang='lat' dir='ltr'>comedere</span> <span class='ocrx_word' id='word_1_167' title='bbox 831 1589 910 1667; x_wconf 89' lang='lat' dir='ltr'>posse</span> <span class='ocrx_word' id='word_1_168' title='bbox 937 1590 968 1651; x_wconf 88' lang='lat' dir='ltr'>io</span> <span class='ocrx_word' id='word_1_169' title='bbox 985 1585 1034 1652; x_wconf 89' lang='lat' dir='ltr'>die</span> <span class='ocrx_word' id='word_1_170' title='bbox 1070 1584 1189 1679; x_wconf 65' lang='lat' dir='ltr'>satura</span> <span class='ocrx_word' id='word_1_171' title='bbox 1207 1588 1346 1653; x_wconf 85' lang='lat' dir='ltr'>carnibus</span> <span class='ocrx_word' id='word_1_172' title='bbox 1361 1589 1443 1652; x_wconf 86' lang='lat' dir='ltr'>vesci</span> <span class='ocrx_word' id='word_1_173' title='bbox 1464 1587 1554 1667; x_wconf 83' lang='lat' dir='ltr'>possit</span> <span class='ocrx_word' id='word_1_174' title='bbox 1572 1577 1954 1695; x_wconf 53' lang='lat' dir='ltr'>quacumquec&#39;ar·‡·1:3⁰·e</span> 
     </span>
     <span class='ocr_line' id='line_1_15' title="bbox 265 1657 1936 1757; baseline -0.001 -26"><span class='ocrx_word' id='word_1_175' title='bbox 265 1671 374 1734; x_wconf 88' lang='lat' dir='ltr'>ieiunii</span> <span class='ocrx_word' id='word_1_176' title='bbox 389 1671 443 1744; x_wconf 83' lang='lat' dir='ltr'>qui</span> <span class='ocrx_word' id='word_1_177' title='bbox 462 1686 573 1748; x_wconf 75' lang='lat' dir='ltr'>prater</span> <span class='ocrx_word' id='word_1_178' title='bbox 597 1689 706 1744; x_wconf 90' lang='lat' dir='ltr'>panem</span> <span class='ocrx_word' id='word_1_179' title='bbox 726 1670 849 1733; x_wconf 88' lang='lat' dir='ltr'>nullum</span> <span class='ocrx_word' id='word_1_180' title='bbox 869 1671 963 1733; x_wconf 88' lang='lat' dir='ltr'>alium</span> <span class='ocrx_word' id='word_1_181' title='bbox 978 1666 1034 1731; x_wconf 88' lang='lat' dir='ltr'>lia·</span> <span class='ocrx_word' id='word_1_182' title='bbox 1066 1683 1216 1731; x_wconf 80' lang='lat' dir='ltr'>ucetiam</span> <span class='ocrx_word' id='word_1_183' title='bbox 1232 1670 1318 1732; x_wconf 85' lang='lat' dir='ltr'>suina</span> <span class='ocrx_word' id='word_1_184' title='bbox 1331 1666 1492 1746; x_wconf 78' lang='lat' dir='ltr'>desilire,</span> <span class='ocrx_word' id='word_1_185' title='bbox 1510 1669 1686 1734; x_wconf 86' lang='lat' dir='ltr'>tametsiilsi</span> <span class='ocrx_word' id='word_1_186' title='bbox 1705 1670 1836 1734; x_wconf 79' lang='lat' dir='ltr'>baecno·</span> <span class='ocrx_word' id='word_1_187' title='bbox 1852 1657 1936 1757; x_wconf 48' lang='lat' dir='ltr'>‘fin&#39;</span> 
     </span>
    </p>

    <p class='ocr_par' dir='ltr' id='par_1_4' title="bbox 209 1746 1961 1832">
     <span class='ocr_line' id='line_1_16' title="bbox 209 1746 1961 1832; baseline -0.003 -18"><span class='ocrx_word' id='word_1_188' title='bbox 209 1789 247 1826; x_wconf 68' lang='lat' dir='ltr'>,m</span> <span class='ocrx_word' id='word_1_189' title='bbox 267 1749 321 1814; x_wconf 91' lang='lat' dir='ltr'>bet</span> <span class='ocrx_word' id='word_1_190' title='bbox 341 1747 460 1824; x_wconf 89' lang='lat' dir='ltr'>cibum,</span> <span class='ocrx_word' id='word_1_191' title='bbox 479 1749 641 1812; x_wconf 73' lang='lat' dir='ltr'>dummodo</span> <span class='ocrx_word' id='word_1_192' title='bbox 657 1764 763 1813; x_wconf 83' lang='lat' dir='ltr'>tamen</span> <span class='ocrx_word' id='word_1_193' title='bbox 783 1769 840 1829; x_wconf 88' lang='lat' dir='ltr'>per</span> <span class='ocrx_word' id='word_1_194' title='bbox 861 1751 959 1826; x_wconf 89' lang='lat' dir='ltr'>plures</span> <span class='ocrx_word' id='word_1_195' title='bbox 972 1750 1035 1810; x_wconf 86' lang='lat' dir='ltr'>dies</span> <span class='ocrx_word' id='word_1_196' title='bbox 1069 1761 1195 1822; x_wconf 80' lang='lat' dir='ltr'>cerens,</span> <span class='ocrx_word' id='word_1_197' title='bbox 1212 1751 1306 1825; x_wconf 82' lang='lat' dir='ltr'>quia,</span> <span class='ocrx_word' id='word_1_198' title='bbox 1330 1747 1459 1832; x_wconf 71' lang='lat' dir='ltr'>dicunt,</span> <span class='ocrx_word' id='word_1_199' title='bbox 1480 1769 1584 1813; x_wconf 86' lang='lat' dir='ltr'>omnes</span> <span class='ocrx_word' id='word_1_200' title='bbox 1608 1746 1683 1815; x_wconf 89' lang='lat' dir='ltr'>sunt</span> <span class='ocrx_word' id='word_1_201' title='bbox 1703 1766 1811 1813; x_wconf 86' lang='lat' dir='ltr'>carnes</span> <span class='ocrx_word' id='word_1_202' title='bbox 1826 1789 1836 1820; x_wconf 91' lang='lat'>,</span> <span class='ocrx_word' id='word_1_203' title='bbox 1852 1783 1961 1822; x_wconf 61' lang='lat' dir='ltr'>mm..</span> 
     </span>
    </p>

    <p class='ocr_par' dir='ltr' id='par_1_5' title="bbox 209 1821 1945 3179">
     <span class='ocr_line' id='line_1_17' title="bbox 209 1821 1838 1906; baseline -0.001 -16"><span class='ocrx_word' id='word_1_204' title='bbox 209 1840 251 1891; x_wconf 76' lang='lat' dir='ltr'>dii.</span> <span class='ocrx_word' id='word_1_205' title='bbox 272 1829 413 1904; x_wconf 89' lang='lat' dir='ltr'>perduret</span> <span class='ocrx_word' id='word_1_206' title='bbox 434 1831 549 1904; x_wconf 86' lang='lat' dir='ltr'>inedia,</span> <span class='ocrx_word' id='word_1_207' title='bbox 569 1848 640 1891; x_wconf 90' lang='lat' dir='ltr'>cum</span> <span class='ocrx_word' id='word_1_208' title='bbox 660 1831 708 1904; x_wconf 92' lang='lat' dir='ltr'>pia</span> <span class='ocrx_word' id='word_1_209' title='bbox 721 1831 820 1892; x_wconf 78' lang='lat' dir='ltr'>mate‘r</span> <span class='ocrx_word' id='word_1_210' title='bbox 832 1827 1034 1892; x_wconf 83' lang='lat' dir='ltr'>Ecclesianon</span> <span class='ocrx_word' id='word_1_211' title='bbox 1064 1822 1141 1906; x_wconf 72' lang='lat' dir='ltr'>desi</span> <span class='ocrx_word' id='word_1_212' title='bbox 1159 1821 1344 1901; x_wconf 87' lang='lat' dir='ltr'>dispensatus</span> <span class='ocrx_word' id='word_1_213' title='bbox 1361 1828 1420 1890; x_wconf 90' lang='lat' dir='ltr'>illis</span> <span class='ocrx_word' id='word_1_214' title='bbox 1436 1845 1562 1904; x_wconf 82' lang='lat' dir='ltr'>utatur,</span> <span class='ocrx_word' id='word_1_215' title='bbox 1578 1847 1686 1905; x_wconf 88' lang='lat' dir='ltr'>nempe</span> <span class='ocrx_word' id='word_1_216' title='bbox 1702 1825 1788 1892; x_wconf 90' lang='lat' dir='ltr'>suina</span> <span class='ocrx_word' id='word_1_217' title='bbox 1802 1822 1838 1890; x_wconf 74' lang='grc' dir='ltr'>ἀ</span> 
     </span>
     <span class='ocr_line' id='line_1_18' title="bbox 262 1901 1839 2026; baseline 0.001 -56"><span class='ocrx_word' id='word_1_218' title='bbox 262 1907 409 1971; x_wconf 83' lang='lat' dir='ltr'>intendat</span> <span class='ocrx_word' id='word_1_219' title='bbox 437 1908 573 1984; x_wconf 86' lang='lat' dir='ltr'>obligare</span> <span class='ocrx_word' id='word_1_220' title='bbox 602 1906 662 1970; x_wconf 89' lang='lat' dir='ltr'>suis</span> <span class='ocrx_word' id='word_1_221' title='bbox 694 1908 806 1987; x_wconf 89' lang='lat' dir='ltr'>legibus</span> <span class='ocrx_word' id='word_1_222' title='bbox 835 1914 866 1972; x_wconf 91' lang='lat' dir='ltr'>in</span> <span class='ocrx_word' id='word_1_223' title='bbox 895 1922 1034 1998; x_wconf 70' lang='lat' dir='ltr'>erotema</span> <span class='ocrx_word' id='word_1_224' title='bbox 1068 1901 1158 1966; x_wconf 88' lang='lat' dir='ltr'>salira</span> <span class='ocrx_word' id='word_1_225' title='bbox 1173 1925 1248 1968; x_wconf 90' lang='lat' dir='ltr'>cum</span> <span class='ocrx_word' id='word_1_226' title='bbox 1263 1904 1451 2026; x_wconf 48' lang='lat' dir='ltr'>detrioj&#39;nto</span> <span class='ocrx_word' id='word_1_227' title='bbox 1467 1905 1589 1983; x_wconf 88' lang='lat' dir='ltr'>salutis,</span> <span class='ocrx_word' id='word_1_228' title='bbox 1611 1925 1750 1985; x_wconf 89' lang='lat' dir='ltr'>peccaret</span> <span class='ocrx_word' id='word_1_229' title='bbox 1764 1924 1839 1972; x_wconf 87' lang='lat' dir='ltr'>coo·</span> 
     </span>
     <span class='ocr_line' id='line_1_19' title="bbox 264 1983 1838 2064; baseline -0.002 -14"><span class='ocrx_word' id='word_1_230' title='bbox 264 1985 462 2063; x_wconf 73' lang='lat' dir='ltr'>necessitate,</span> <span class='ocrx_word' id='word_1_231' title='bbox 480 1988 513 2051; x_wconf 82' lang='lat' dir='ltr'>dt</span> <span class='ocrx_word' id='word_1_232' title='bbox 533 2007 603 2049; x_wconf 88' lang='lat' dir='ltr'>ciini</span> <span class='ocrx_word' id='word_1_233' title='bbox 618 2007 726 2064; x_wconf 83' lang='lat' dir='ltr'>niagno</span> <span class='ocrx_word' id='word_1_234' title='bbox 741 1989 907 2064; x_wconf 86' lang='lat' dir='ltr'>corporalis</span> <span class='ocrx_word' id='word_1_235' title='bbox 929 1985 1032 2049; x_wconf 86' lang='lat' dir='ltr'>salutis</span> <span class='ocrx_word' id='word_1_236' title='bbox 1072 2000 1119 2046; x_wconf 88' lang='lat' dir='ltr'>tra</span> <span class='ocrx_word' id='word_1_237' title='bbox 1141 1989 1404 2062; x_wconf 70' lang='lat' dir='ltr'>temperantiam·</span> <span class='ocrx_word' id='word_1_238' title='bbox 1428 1987 1464 2051; x_wconf 92' lang='lat' dir='ltr'>de</span> <span class='ocrx_word' id='word_1_239' title='bbox 1490 1985 1617 2063; x_wconf 85' lang='lat' dir='ltr'>piscibus</span> <span class='ocrx_word' id='word_1_240' title='bbox 1643 2009 1720 2052; x_wconf 88' lang='lat' dir='ltr'>vero</span> <span class='ocrx_word' id='word_1_241' title='bbox 1739 1983 1838 2052; x_wconf 85' lang='lat' dir='ltr'>multi</span> 
     </span>
     <span class='ocr_line' id='line_1_20' title="bbox 262 2060 1838 2208; baseline 0.001 -80"><span class='ocrx_word' id='word_1_242' title='bbox 262 2066 473 2141; x_wconf 84' lang='lat' dir='ltr'>detrimento,</span> <span class='ocrx_word' id='word_1_243' title='bbox 492 2064 563 2128; x_wconf 84' lang='lat' dir='ltr'>idesl</span> <span class='ocrx_word' id='word_1_244' title='bbox 584 2087 653 2128; x_wconf 90' lang='lat' dir='ltr'>cuni</span> <span class='ocrx_word' id='word_1_245' title='bbox 673 2069 762 2152; x_wconf 86' lang='lat' dir='ltr'>nimis</span> <span class='ocrx_word' id='word_1_246' title='bbox 789 2069 878 2145; x_wconf 82' lang='lat' dir='ltr'>gravi</span> <span class='ocrx_word' id='word_1_247' title='bbox 907 2062 1034 2129; x_wconf 86' lang='lat' dir='ltr'>oneroso</span> <span class='ocrx_word' id='word_1_248' title='bbox 1066 2060 1276 2128; x_wconf 80' lang='lat' dir='ltr'>sustinuerunt</span> <span class='ocrx_word' id='word_1_249' title='bbox 1291 2062 1536 2208; x_wconf 50' lang='lat' dir='ltr'>dispeos?umff</span> <span class='ocrx_word' id='word_1_250' title='bbox 1551 2067 1710 2146; x_wconf 77' lang='lat' dir='ltr'>comibus,</span> <span class='ocrx_word' id='word_1_251' title='bbox 1729 2068 1778 2131; x_wconf 89' lang='lat' dir='ltr'>die</span> <span class='ocrx_word' id='word_1_252' title='bbox 1794 2068 1838 2129; x_wconf 90' lang='lat' dir='ltr'>ie·</span> 
     </span>
     <span class='ocr_line' id='line_1_21' title="bbox 264 2142 1837 2225; baseline 0.003 -20"><span class='ocrx_word' id='word_1_253' title='bbox 264 2147 478 2220; x_wconf 84' lang='lat' dir='ltr'>incommodo,</span> <span class='ocrx_word' id='word_1_254' title='bbox 494 2142 661 2208; x_wconf 89' lang='lat' dir='ltr'>cuiusmodi</span> <span class='ocrx_word' id='word_1_255' title='bbox 681 2147 757 2210; x_wconf 82' lang='lat' dir='ltr'>esset</span> <span class='ocrx_word' id='word_1_256' title='bbox 778 2168 830 2224; x_wconf 88' lang='lat' dir='ltr'>per</span> <span class='ocrx_word' id='word_1_257' title='bbox 850 2147 952 2223; x_wconf 87' lang='lat' dir='ltr'>plures</span> <span class='ocrx_word' id='word_1_258' title='bbox 972 2145 1034 2207; x_wconf 86' lang='lat' dir='ltr'>dies</span> <span class='ocrx_word' id='word_1_259' title='bbox 1072 2144 1148 2206; x_wconf 90' lang='lat' dir='ltr'>iunii</span> <span class='ocrx_word' id='word_1_260' title='bbox 1164 2163 1240 2207; x_wconf 88' lang='lat' dir='ltr'>cum</span> <span class='ocrx_word' id='word_1_261' title='bbox 1255 2164 1350 2208; x_wconf 86' lang='lat' dir='ltr'>carne</span> <span class='ocrx_word' id='word_1_262' title='bbox 1363 2148 1445 2210; x_wconf 88' lang='lat' dir='ltr'>veci</span> <span class='ocrx_word' id='word_1_263' title='bbox 1468 2167 1505 2222; x_wconf 91' lang='lat' dir='ltr'>po</span> <span class='ocrx_word' id='word_1_264' title='bbox 1531 2146 1547 2209; x_wconf 85' lang='lat' dir='ltr'>&#39;e</span> <span class='ocrx_word' id='word_1_265' title='bbox 1569 2152 1664 2213; x_wconf 87' lang='lat' dir='ltr'>etiam</span> <span class='ocrx_word' id='word_1_266' title='bbox 1685 2146 1837 2225; x_wconf 85' lang='lat' dir='ltr'>piscibus,</span> 
     </span>
     <span class='ocr_line' id='line_1_22' title="bbox 264 2220 1837 2303; baseline 0.002 -18"><span class='ocrx_word' id='word_1_267' title='bbox 264 2227 299 2285; x_wconf 91' lang='lat' dir='ltr'>in</span> <span class='ocrx_word' id='word_1_268' title='bbox 319 2223 384 2285; x_wconf 89' lang='lat' dir='ltr'>solo</span> <span class='ocrx_word' id='word_1_269' title='bbox 411 2243 486 2303; x_wconf 90' lang='lat' dir='ltr'>pane</span> <span class='ocrx_word' id='word_1_270' title='bbox 512 2226 646 2286; x_wconf 89' lang='lat' dir='ltr'>ieiunare</span> <span class='ocrx_word' id='word_1_271' title='bbox 675 2246 777 2288; x_wconf 87' lang='lat' dir='ltr'>:nam</span> <span class='ocrx_word' id='word_1_272' title='bbox 809 2227 881 2290; x_wconf 85' lang='lat' dir='ltr'>dum</span> <span class='ocrx_word' id='word_1_273' title='bbox 903 2221 1033 2289; x_wconf 79' lang='lat' dir='ltr'>Ecclesia</span> <span class='ocrx_word' id='word_1_274' title='bbox 1068 2224 1156 2298; x_wconf 79' lang='lat' dir='ltr'>quia,</span> <span class='ocrx_word' id='word_1_275' title='bbox 1174 2220 1313 2286; x_wconf 90' lang='lat' dir='ltr'>dicebant</span> <span class='ocrx_word' id='word_1_276' title='bbox 1332 2221 1462 2302; x_wconf 88' lang='lat' dir='ltr'>ipsi,dis</span> <span class='ocrx_word' id='word_1_277' title='bbox 1548 2228 1757 2291; x_wconf 89' lang='lat' dir='ltr'>tioadcatnes</span> <span class='ocrx_word' id='word_1_278' title='bbox 1773 2245 1837 2291; x_wconf 87' lang='lat' dir='ltr'>non</span> 
     </span>
     <span class='ocr_line' id='line_1_23' title="bbox 267 2302 1838 2388; baseline 0.004 -25"><span class='ocrx_word' id='word_1_279' title='bbox 267 2306 397 2378; x_wconf 83' lang='lat' dir='ltr'>imponit</span> <span class='ocrx_word' id='word_1_280' title='bbox 420 2306 556 2380; x_wconf 88' lang='lat' dir='ltr'>ieiunia,</span> <span class='ocrx_word' id='word_1_281' title='bbox 575 2306 708 2369; x_wconf 83' lang='lat' dir='ltr'>intendit</span> <span class='ocrx_word' id='word_1_282' title='bbox 726 2303 824 2388; x_wconf 76' lang='lat' dir='ltr'>l&#39;oltpii</span> <span class='ocrx_word' id='word_1_283' title='bbox 845 2305 1033 2368; x_wconf 83' lang='lat' dir='ltr'>moderatam</span> <span class='ocrx_word' id='word_1_284' title='bbox 1076 2318 1165 2364; x_wconf 85' lang='lat' dir='ltr'>vetat</span> <span class='ocrx_word' id='word_1_285' title='bbox 1190 2302 1277 2364; x_wconf 90' lang='lat' dir='ltr'>ulum</span> <span class='ocrx_word' id='word_1_286' title='bbox 1301 2304 1440 2381; x_wconf 80' lang='lat' dir='ltr'>piscium,</span> <span class='ocrx_word' id='word_1_287' title='bbox 1584 2307 1686 2372; x_wconf 88' lang='lat' dir='ltr'>licitus</span> <span class='ocrx_word' id='word_1_288' title='bbox 1702 2304 1745 2369; x_wconf 84' lang='lat' dir='ltr'>est</span> <span class='ocrx_word' id='word_1_289' title='bbox 1764 2326 1838 2381; x_wconf 84' lang='lat' dir='ltr'>quo·</span> 
     </span>
     <span class='ocr_line' id='line_1_24' title="bbox 264 2379 1839 2461; baseline 0.001 -16"><span class='ocrx_word' id='word_1_290' title='bbox 264 2379 483 2447; x_wconf 82' lang='lat' dir='ltr'>abstinentiam</span> <span class='ocrx_word' id='word_1_291' title='bbox 523 2380 651 2446; x_wconf 90' lang='lat' dir='ltr'>undeob</span> <span class='ocrx_word' id='word_1_292' title='bbox 666 2387 802 2446; x_wconf 84' lang='lat' dir='ltr'>eamdem</span> <span class='ocrx_word' id='word_1_293' title='bbox 818 2387 972 2448; x_wconf 90' lang='lat' dir='ltr'>rationem</span> <span class='ocrx_word' id='word_1_294' title='bbox 988 2387 1033 2444; x_wconf 91' lang='lat' dir='ltr'>in·</span> <span class='ocrx_word' id='word_1_295' title='bbox 1063 2399 1194 2455; x_wconf 87' lang='lat' dir='ltr'>cumque</span> <span class='ocrx_word' id='word_1_296' title='bbox 1214 2380 1280 2444; x_wconf 89' lang='lat' dir='ltr'>die.</span> <span class='ocrx_word' id='word_1_297' title='bbox 1301 2380 1416 2446; x_wconf 88' lang='lat' dir='ltr'>Verum</span> <span class='ocrx_word' id='word_1_298' title='bbox 1540 2404 1641 2450; x_wconf 86' lang='lat' dir='ltr'>cerem</span> <span class='ocrx_word' id='word_1_299' title='bbox 1662 2386 1740 2461; x_wconf 79' lang='lat' dir='ltr'>quod</span> <span class='ocrx_word' id='word_1_300' title='bbox 1761 2383 1839 2449; x_wconf 90' lang='lat' dir='ltr'>sicut</span> 
     </span>
     <span class='ocr_line' id='line_1_25' title="bbox 265 2429 1837 2548; baseline 0.001 -25"><span class='ocrx_word' id='word_1_301' title='bbox 265 2455 391 2537; x_wconf 89' lang='lat' dir='ltr'>serunt,</span> <span class='ocrx_word' id='word_1_302' title='bbox 411 2429 604 2526; x_wconf 88' lang='lat' dir='ltr'>transeuntes</span> <span class='ocrx_word' id='word_1_303' title='bbox 626 2482 679 2548; x_wconf 77' lang='lat' dir='ltr'>per</span> <span class='ocrx_word' id='word_1_304' title='bbox 700 2464 765 2527; x_wconf 86' lang='lat' dir='ltr'>loca</span> <span class='ocrx_word' id='word_1_305' title='bbox 789 2461 958 2525; x_wconf 84' lang='lat' dir='ltr'>infidelium</span> <span class='ocrx_word' id='word_1_306' title='bbox 980 2461 1032 2526; x_wconf 86' lang='lat' dir='ltr'>vel</span> <span class='ocrx_word' id='word_1_307' title='bbox 1067 2455 1199 2522; x_wconf 81' lang='lat' dir='ltr'>diversae</span> <span class='ocrx_word' id='word_1_308' title='bbox 1220 2458 1340 2534; x_wconf 89' lang='lat' dir='ltr'>possunt</span> <span class='ocrx_word' id='word_1_309' title='bbox 1355 2463 1455 2526; x_wconf 82' lang='lat' dir='ltr'>effer</span> <span class='ocrx_word' id='word_1_310' title='bbox 1594 2463 1837 2541; x_wconf 85' lang='lat' dir='ltr'>quibusdispen·</span> 
     </span>
     <span class='ocr_line' id='line_1_26' title="bbox 266 2532 1837 2621; baseline 0.003 -19"><span class='ocrx_word' id='word_1_311' title='bbox 266 2538 485 2607; x_wconf 84' lang='lat' dir='ltr'>baereticorum</span> <span class='ocrx_word' id='word_1_312' title='bbox 502 2537 581 2605; x_wconf 88' lang='lat' dir='ltr'>vesci</span> <span class='ocrx_word' id='word_1_313' title='bbox 598 2546 677 2618; x_wconf 85' lang='lat' dir='ltr'>posse</span> <span class='ocrx_word' id='word_1_314' title='bbox 694 2541 834 2605; x_wconf 88' lang='lat' dir='ltr'>carnibus</span> <span class='ocrx_word' id='word_1_315' title='bbox 854 2542 956 2604; x_wconf 88' lang='lat' dir='ltr'>diebus</span> <span class='ocrx_word' id='word_1_316' title='bbox 979 2560 1033 2603; x_wconf 89' lang='lat' dir='ltr'>ve·</span> <span class='ocrx_word' id='word_1_317' title='bbox 1069 2532 1154 2602; x_wconf 88' lang='lat' dir='ltr'>satur</span> <span class='ocrx_word' id='word_1_318' title='bbox 1175 2541 1262 2613; x_wconf 88' lang='lat' dir='ltr'>l&#39;uper</span> <span class='ocrx_word' id='word_1_319' title='bbox 1281 2538 1369 2604; x_wconf 86' lang='lat' dir='ltr'>usum</span> <span class='ocrx_word' id='word_1_320' title='bbox 1394 2562 1534 2607; x_wconf 87' lang='lat' dir='ltr'>carnium</span> <span class='ocrx_word' id='word_1_321' title='bbox 1553 2545 1602 2608; x_wconf 85' lang='lat' dir='ltr'>die</span> <span class='ocrx_word' id='word_1_322' title='bbox 1621 2546 1748 2621; x_wconf 90' lang='lat' dir='ltr'>ieiunii,</span> <span class='ocrx_word' id='word_1_323' title='bbox 1766 2543 1837 2607; x_wconf 89' lang='lat' dir='ltr'>binc</span> 
     </span>
     <span class='ocr_line' id='line_1_27' title="bbox 266 2613 1838 2698; baseline 0.003 -16"><span class='ocrx_word' id='word_1_324' title='bbox 266 2622 357 2692; x_wconf 84' lang='lat' dir='ltr'>titis,</span> <span class='ocrx_word' id='word_1_325' title='bbox 372 2619 394 2682; x_wconf 90' lang='lat' dir='ltr'>si</span> <span class='ocrx_word' id='word_1_326' title='bbox 410 2641 450 2684; x_wconf 87' lang='lat' dir='ltr'>eit</span> <span class='ocrx_word' id='word_1_327' title='bbox 467 2620 574 2683; x_wconf 89' lang='lat' dir='ltr'>harum</span> <span class='ocrx_word' id='word_1_328' title='bbox 596 2619 778 2684; x_wconf 81' lang='lat' dir='ltr'>abstinentia</span> <span class='ocrx_word' id='word_1_329' title='bbox 799 2624 841 2685; x_wconf 91' lang='lat' dir='ltr'>eis</span> <span class='ocrx_word' id='word_1_330' title='bbox 862 2640 956 2698; x_wconf 88' lang='lat' dir='ltr'>grave</span> <span class='ocrx_word' id='word_1_331' title='bbox 977 2624 1031 2682; x_wconf 87' lang='lat' dir='ltr'>ini·</span> <span class='ocrx_word' id='word_1_332' title='bbox 1067 2638 1138 2681; x_wconf 90' lang='lat' dir='ltr'>cum</span> <span class='ocrx_word' id='word_1_333' title='bbox 1159 2613 1351 2684; x_wconf 80' lang='lat' dir='ltr'>dislindlione</span> <span class='ocrx_word' id='word_1_334' title='bbox 1365 2618 1576 2686; x_wconf 90' lang='lat' dir='ltr'>resolvendam</span> <span class='ocrx_word' id='word_1_335' title='bbox 1591 2623 1651 2687; x_wconf 87' lang='lat' dir='ltr'>esse</span> <span class='ocrx_word' id='word_1_336' title='bbox 1670 2621 1838 2688; x_wconf 89' lang='lat' dir='ltr'>difficulta-</span> 
     </span>
     <span class='ocr_line' id='line_1_28' title="bbox 265 2697 1945 2778; baseline 0.004 -17"><span class='ocrx_word' id='word_1_337' title='bbox 265 2702 471 2765; x_wconf 84' lang='lat' dir='ltr'>inincarvitae</span> <span class='ocrx_word' id='word_1_338' title='bbox 508 2701 673 2774; x_wconf 82' lang='lat' dir='ltr'>tricolum,</span> <span class='ocrx_word' id='word_1_339' title='bbox 695 2697 1032 2766; x_wconf 82' lang='lat' dir='ltr'>&amp;esiocamiumnon</span> <span class='ocrx_word' id='word_1_340' title='bbox 1070 2699 1416 2773; x_wconf 73' lang='lat' dir='ltr'>tem,videlicet·rel</span> <span class='ocrx_word' id='word_1_341' title='bbox 1445 2699 1630 2778; x_wconf 84' lang='lat' dir='ltr'>dispensatio</span> <span class='ocrx_word' id='word_1_342' title='bbox 1656 2705 1838 2768; x_wconf 83' lang='lat' dir='ltr'>conceditur</span> <span class='ocrx_word' id='word_1_343' title='bbox 1938 2699 1945 2708; x_wconf 84' lang='lat'>&#39;</span> 
     </span>
     <span class='ocr_line' id='line_1_29' title="bbox 265 2721 1839 2863; baseline 0.003 -21"><span class='ocrx_word' id='word_1_344' title='bbox 265 2778 342 2842; x_wconf 80' lang='lat' dir='ltr'>esl&#39;et</span> <span class='ocrx_word' id='word_1_345' title='bbox 364 2780 403 2842; x_wconf 91' lang='lat' dir='ltr'>ibi</span> <span class='ocrx_word' id='word_1_346' title='bbox 425 2721 561 2863; x_wconf 71' lang='lat' dir='ltr'>prosellio</span> <span class='ocrx_word' id='word_1_347' title='bbox 586 2778 782 2844; x_wconf 84' lang='lat' dir='ltr'>infidelitatis</span> <span class='ocrx_word' id='word_1_348' title='bbox 808 2781 858 2843; x_wconf 88' lang='lat' dir='ltr'>vel</span> <span class='ocrx_word' id='word_1_349' title='bbox 883 2780 1034 2858; x_wconf 70' lang='lat' dir='ltr'>heresis,</span> <span class='ocrx_word' id='word_1_350' title='bbox 1072 2775 1194 2839; x_wconf 86' lang='lat' dir='ltr'>infirmo</span> <span class='ocrx_word' id='word_1_351' title='bbox 1210 2779 1241 2838; x_wconf 94' lang='lat' dir='ltr'>in</span> <span class='ocrx_word' id='word_1_352' title='bbox 1258 2774 1312 2841; x_wconf 89' lang='lat' dir='ltr'>sua</span> <span class='ocrx_word' id='word_1_353' title='bbox 1327 2778 1579 2845; x_wconf 85' lang='lat' dir='ltr'>convalescentia</span> <span class='ocrx_word' id='word_1_354' title='bbox 1629 2782 1664 2848; x_wconf 79' lang='lat' dir='ltr'>dc</span> <span class='ocrx_word' id='word_1_355' title='bbox 1682 2799 1761 2846; x_wconf 86' lang='lat' dir='ltr'>tunc</span> <span class='ocrx_word' id='word_1_356' title='bbox 1779 2780 1839 2846; x_wconf 91' lang='lat' dir='ltr'>dis·</span> 
     </span>
     <span class='ocr_line' id='line_1_30' title="bbox 265 2829 1840 2946; baseline 0.003 -26"><span class='ocrx_word' id='word_1_357' title='bbox 265 2862 338 2933; x_wconf 88' lang='lat' dir='ltr'>quia</span> <span class='ocrx_word' id='word_1_358' title='bbox 358 2861 391 2922; x_wconf 90' lang='lat' dir='ltr'>in</span> <span class='ocrx_word' id='word_1_359' title='bbox 412 2859 469 2924; x_wconf 90' lang='lat' dir='ltr'>tali</span> <span class='ocrx_word' id='word_1_360' title='bbox 498 2861 568 2924; x_wconf 81' lang='lat' dir='ltr'>calu</span> <span class='ocrx_word' id='word_1_361' title='bbox 598 2880 651 2922; x_wconf 88' lang='lat' dir='ltr'>eos</span> <span class='ocrx_word' id='word_1_362' title='bbox 680 2859 829 2938; x_wconf 82' lang='lat' dir='ltr'>obligaret</span> <span class='ocrx_word' id='word_1_363' title='bbox 852 2857 1034 2946; x_wconf 82' lang='lat' dir='ltr'>abstinentia</span> <span class='ocrx_word' id='word_1_364' title='bbox 1068 2851 1210 2946; x_wconf 82' lang='lat' dir='ltr'>pensatus</span> <span class='ocrx_word' id='word_1_365' title='bbox 1227 2858 1273 2920; x_wconf 91' lang='lat' dir='ltr'>uti</span> <span class='ocrx_word' id='word_1_366' title='bbox 1290 2856 1388 2933; x_wconf 86' lang='lat' dir='ltr'>potest</span> <span class='ocrx_word' id='word_1_367' title='bbox 1410 2859 1577 2937; x_wconf 86' lang='lat' dir='ltr'>prorniscue</span> <span class='ocrx_word' id='word_1_368' title='bbox 1596 2829 1737 2927; x_wconf 78' lang='lat' dir='ltr'>drcaine</span> <span class='ocrx_word' id='word_1_369' title='bbox 1752 2858 1840 2937; x_wconf 84' lang='lat' dir='ltr'>&amp;pi-</span> 
     </span>
     <span class='ocr_line' id='line_1_31' title="bbox 265 2933 1840 3019; baseline 0.001 -16"><span class='ocrx_word' id='word_1_370' title='bbox 265 2945 364 3003; x_wconf 87' lang='lat' dir='ltr'>etiam</span> <span class='ocrx_word' id='word_1_371' title='bbox 382 2960 453 3004; x_wconf 89' lang='lat' dir='ltr'>cum</span> <span class='ocrx_word' id='word_1_372' title='bbox 479 2938 570 3015; x_wconf 84' lang='lat' dir='ltr'>ipsius</span> <span class='ocrx_word' id='word_1_373' title='bbox 596 2942 672 3005; x_wconf 84' lang='lat' dir='ltr'>vitae</span> <span class='ocrx_word' id='word_1_374' title='bbox 699 2939 872 3003; x_wconf 86' lang='lat' dir='ltr'>discririiine</span> <span class='ocrx_word' id='word_1_375' title='bbox 891 2961 901 3017; x_wconf 68' lang='grc' dir='ltr'><strong>ς</strong></span> <span class='ocrx_word' id='word_1_376' title='bbox 922 2937 1035 3005; x_wconf 88' lang='lat' dir='ltr'>secluso</span> <span class='ocrx_word' id='word_1_377' title='bbox 1068 2933 1164 3000; x_wconf 85' lang='lat' dir='ltr'>lubus</span> <span class='ocrx_word' id='word_1_378' title='bbox 1181 2980 1190 3011; x_wconf 90' lang='lat'>,</span> <span class='ocrx_word' id='word_1_379' title='bbox 1208 2955 1280 2999; x_wconf 85' lang='lat' dir='ltr'>cum</span> <span class='ocrx_word' id='word_1_380' title='bbox 1300 2937 1549 3005; x_wconf 71' lang='lat' dir='ltr'>convalescentes</span> <span class='ocrx_word' id='word_1_381' title='bbox 1578 2942 1735 3019; x_wconf 79' lang='lat' dir='ltr'>indigeant</span> <span class='ocrx_word' id='word_1_382' title='bbox 1763 2940 1840 3007; x_wconf 84' lang='lat' dir='ltr'>cibis</span> 
     </span>
     <span class='ocr_line' id='line_1_32' title="bbox 267 3016 1839 3107; baseline 0.001 -26"><span class='ocrx_word' id='word_1_383' title='bbox 267 3033 373 3082; x_wconf 89' lang='lat' dir='ltr'>tamen</span> <span class='ocrx_word' id='word_1_384' title='bbox 388 3019 543 3096; x_wconf 89' lang='lat' dir='ltr'>periculo,</span> <span class='ocrx_word' id='word_1_385' title='bbox 564 3018 598 3083; x_wconf 83' lang='lat' dir='ltr'>dc</span> <span class='ocrx_word' id='word_1_386' title='bbox 615 3019 635 3080; x_wconf 92' lang='lat' dir='ltr'>{i</span> <span class='ocrx_word' id='word_1_387' title='bbox 652 3019 708 3084; x_wconf 89' lang='lat' dir='ltr'>cibi</span> <span class='ocrx_word' id='word_1_388' title='bbox 730 3016 889 3098; x_wconf 87' lang='lat' dir='ltr'>suppetant</span> <span class='ocrx_word' id='word_1_389' title='bbox 909 3024 1034 3095; x_wconf 83' lang='lat' dir='ltr'>quadra·</span> <span class='ocrx_word' id='word_1_390' title='bbox 1068 3018 1481 3107; x_wconf 27' lang='lat' dir='ltr'>uui-appetitumcircirent;</span> <span class='ocrx_word' id='word_1_391' title='bbox 1503 3020 1552 3085; x_wconf 82' lang='lat' dir='ltr'>vel</span> <span class='ocrx_word' id='word_1_392' title='bbox 1573 3020 1839 3097; x_wconf 88' lang='lat' dir='ltr'>dispensatiocon·</span> 
     </span>
     <span class='ocr_line' id='line_1_33' title="bbox 265 3095 1838 3179; baseline 0.002 -16"><span class='ocrx_word' id='word_1_393' title='bbox 265 3097 434 3177; x_wconf 82' lang='lat' dir='ltr'>gesimales,</span> <span class='ocrx_word' id='word_1_394' title='bbox 455 3098 664 3163; x_wconf 81' lang='lat' dir='ltr'>abstinendum</span> <span class='ocrx_word' id='word_1_395' title='bbox 684 3097 727 3164; x_wconf 87' lang='lat' dir='ltr'>est</span> <span class='ocrx_word' id='word_1_396' title='bbox 745 3100 849 3165; x_wconf 83' lang='lat' dir='ltr'>diebus</span> <span class='ocrx_word' id='word_1_397' title='bbox 879 3102 989 3163; x_wconf 86' lang='lat' dir='ltr'>vetitis</span> <span class='ocrx_word' id='word_1_398' title='bbox 1015 3119 1033 3163; x_wconf 90' lang='lat' dir='ltr'>a</span> <span class='ocrx_word' id='word_1_399' title='bbox 1066 3096 1189 3159; x_wconf 80' lang='lat' dir='ltr'>ceditur</span> <span class='ocrx_word' id='word_1_400' title='bbox 1210 3095 1301 3163; x_wconf 87' lang='lat' dir='ltr'>alicui</span> <span class='ocrx_word' id='word_1_401' title='bbox 1325 3099 1391 3162; x_wconf 88' lang='lat' dir='ltr'>loco</span> <span class='ocrx_word' id='word_1_402' title='bbox 1411 3101 1530 3164; x_wconf 87' lang='lat' dir='ltr'>ratione</span> <span class='ocrx_word' id='word_1_403' title='bbox 1556 3104 1685 3179; x_wconf 78' lang='lat' dir='ltr'>inopiae,</span> <span class='ocrx_word' id='word_1_404' title='bbox 1704 3099 1738 3166; x_wconf 80' lang='lat' dir='ltr'>dt</span> <span class='ocrx_word' id='word_1_405' title='bbox 1763 3119 1838 3166; x_wconf 89' lang='lat' dir='ltr'>runc</span> 
     </span>
    </p>

    <p class='ocr_par' dir='ltr' id='par_1_6' title="bbox 209 3173 2047 3658">
     <span class='ocr_line' id='line_1_34' title="bbox 209 3173 1837 3263; baseline 0.002 -21"><span class='ocrx_word' id='word_1_406' title='bbox 209 3242 212 3247; x_wconf 86' lang='grc'><em>,</em></span> <span class='ocrx_word' id='word_1_407' title='bbox 265 3178 423 3243; x_wconf 88' lang='lat' dir='ltr'>carnibus.</span> <span class='ocrx_word' id='word_1_408' title='bbox 447 3178 486 3241; x_wconf 88' lang='lat' dir='ltr'>Et</span> <span class='ocrx_word' id='word_1_409' title='bbox 508 3178 586 3242; x_wconf 87' lang='lat' dir='ltr'>hanc</span> <span class='ocrx_word' id='word_1_410' title='bbox 613 3179 750 3259; x_wconf 87' lang='lat' dir='ltr'>regulam</span> <span class='ocrx_word' id='word_1_411' title='bbox 769 3178 944 3243; x_wconf 83' lang='lat' dir='ltr'>extendunt</span> <span class='ocrx_word' id='word_1_412' title='bbox 969 3182 1034 3242; x_wconf 91' lang='lat' dir='ltr'>Do·</span> <span class='ocrx_word' id='word_1_413' title='bbox 1070 3177 1185 3248; x_wconf 82' lang='lat' dir='ltr'>pariter</span> <span class='ocrx_word' id='word_1_414' title='bbox 1206 3173 1368 3263; x_wconf 80' lang='lat' dir='ltr'>dispensati</span> <span class='ocrx_word' id='word_1_415' title='bbox 1389 3181 1434 3241; x_wconf 89' lang='lat' dir='ltr'>uti</span> <span class='ocrx_word' id='word_1_416' title='bbox 1457 3180 1582 3255; x_wconf 82' lang='lat' dir='ltr'>possunt</span> <span class='ocrx_word' id='word_1_417' title='bbox 1604 3200 1718 3263; x_wconf 75' lang='lat' dir='ltr'>earne,</span> <span class='ocrx_word' id='word_1_418' title='bbox 1737 3179 1771 3246; x_wconf 83' lang='lat' dir='ltr'>dc</span> <span class='ocrx_word' id='word_1_419' title='bbox 1791 3198 1837 3257; x_wconf 80' lang='lat' dir='ltr'>et·</span> 
     </span>
     <span class='ocr_line' id='line_1_35' title="bbox 264 3251 1837 3335; baseline 0.008 -15"><span class='ocrx_word' id='word_1_420' title='bbox 264 3254 379 3335; x_wconf 73' lang='lat' dir='ltr'>diores,</span> <span class='ocrx_word' id='word_1_421' title='bbox 399 3258 512 3334; x_wconf 87' lang='lat' dir='ltr'>semper</span> <span class='ocrx_word' id='word_1_422' title='bbox 530 3278 638 3323; x_wconf 84' lang='lat' dir='ltr'>tamen</span> <span class='ocrx_word' id='word_1_423' title='bbox 660 3281 730 3324; x_wconf 90' lang='lat' dir='ltr'>cum</span> <span class='ocrx_word' id='word_1_424' title='bbox 754 3257 858 3323; x_wconf 90' lang='lat' dir='ltr'>iisdem</span> <span class='ocrx_word' id='word_1_425' title='bbox 879 3260 1033 3324; x_wconf 89' lang='lat' dir='ltr'>conditio·</span> <span class='ocrx_word' id='word_1_426' title='bbox 1071 3256 1133 3317; x_wconf 64' lang='lat' dir='ltr'>iam</span> <span class='ocrx_word' id='word_1_427' title='bbox 1154 3251 1280 3330; x_wconf 65' lang='lat' dir='ltr'>piscibus</span> <span class='ocrx_word' id='word_1_428' title='bbox 1304 3259 1315 3333; x_wconf 88' lang='lat' dir='ltr'>s</span> <span class='ocrx_word' id='word_1_429' title='bbox 1337 3258 1453 3335; x_wconf 69' lang='lat' dir='ltr'>semper</span> <span class='ocrx_word' id='word_1_430' title='bbox 1476 3270 1673 3325; x_wconf 82' lang='lat' dir='ltr'>tamencum</span> <span class='ocrx_word' id='word_1_431' title='bbox 1695 3261 1837 3325; x_wconf 74' lang='lat' dir='ltr'>modera-</span> 
     </span>
     <span class='ocr_line' id='line_1_36' title="bbox 267 3335 1839 3417; baseline 0.004 -18"><span class='ocrx_word' id='word_1_432' title='bbox 267 3337 353 3399; x_wconf 87' lang='lat' dir='ltr'>nibus</span> <span class='ocrx_word' id='word_1_433' title='bbox 371 3355 406 3400; x_wconf 94' lang='lat' dir='ltr'>ut</span> <span class='ocrx_word' id='word_1_434' title='bbox 428 3336 458 3399; x_wconf 91' lang='lat' dir='ltr'>su</span> <span class='ocrx_word' id='word_1_435' title='bbox 483 3358 534 3414; x_wconf 88' lang='lat' dir='ltr'>ra,</span> <span class='ocrx_word' id='word_1_436' title='bbox 551 3339 587 3401; x_wconf 88' lang='lat' dir='ltr'>ad</span> <span class='ocrx_word' id='word_1_437' title='bbox 608 3344 791 3417; x_wconf 83' lang='lat' dir='ltr'>remigantes</span> <span class='ocrx_word' id='word_1_438' title='bbox 809 3344 840 3402; x_wconf 92' lang='lat' dir='ltr'>in</span> <span class='ocrx_word' id='word_1_439' title='bbox 861 3339 1033 3405; x_wconf 86' lang='lat' dir='ltr'>triremibus</span> <span class='ocrx_word' id='word_1_440' title='bbox 1071 3338 1159 3397; x_wconf 86' lang='lat' dir='ltr'>tione</span> <span class='ocrx_word' id='word_1_441' title='bbox 1186 3335 1285 3410; x_wconf 88' lang='lat' dir='ltr'>quoad</span> <span class='ocrx_word' id='word_1_442' title='bbox 1318 3337 1584 3415; x_wconf 84' lang='lat' dir='ltr'>multiplicitatem</span> <span class='ocrx_word' id='word_1_443' title='bbox 1611 3360 1649 3403; x_wconf 92' lang='lat' dir='ltr'>ne</span> <span class='ocrx_word' id='word_1_444' title='bbox 1679 3335 1839 3405; x_wconf 71' lang='lat' dir='ltr'>fraudetur.</span> 
     </span>
     <span class='ocr_line' id='line_1_37' title="bbox 265 3413 2033 3515; baseline 0.005 -39"><span class='ocrx_word' id='word_1_445' title='bbox 265 3415 436 3480; x_wconf 87' lang='lat' dir='ltr'>infidelium</span> <span class='ocrx_word' id='word_1_446' title='bbox 504 3416 734 3490; x_wconf 78' lang='lat' dir='ltr'>baereticorum,</span> <span class='ocrx_word' id='word_1_447' title='bbox 755 3419 875 3493; x_wconf 86' lang='lat' dir='ltr'>quando</span> <span class='ocrx_word' id='word_1_448' title='bbox 898 3419 966 3482; x_wconf 79' lang='lat' dir='ltr'>alis</span> <span class='ocrx_word' id='word_1_449' title='bbox 994 3423 1034 3482; x_wconf 92' lang='lat' dir='ltr'>ci·</span> <span class='ocrx_word' id='word_1_450' title='bbox 1068 3413 1417 3502; x_wconf 74' lang='lat' dir='ltr'>mensEcelefiae,quae</span> <span class='ocrx_word' id='word_1_451' title='bbox 1438 3423 1614 3497; x_wconf 87' lang='lat' dir='ltr'>neutiquam</span> <span class='ocrx_word' id='word_1_452' title='bbox 1634 3418 1750 3485; x_wconf 89' lang='lat' dir='ltr'>censeri</span> <span class='ocrx_word' id='word_1_453' title='bbox 1767 3437 1838 3498; x_wconf 89' lang='lat' dir='ltr'>pot·</span> <span class='ocrx_word' id='word_1_454' title='bbox 1879 3429 2033 3515; x_wconf 42' lang='grc' dir='ltr'>[κ</span> 
     </span>
     <span class='ocr_line' id='line_1_38' title="bbox 262 3489 2047 3584; baseline 0.004 -28"><span class='ocrx_word' id='word_1_455' title='bbox 262 3494 310 3559; x_wconf 87' lang='lat' dir='ltr'>bis</span> <span class='ocrx_word' id='word_1_456' title='bbox 331 3512 457 3558; x_wconf 90' lang='lat' dir='ltr'>careant</span> <span class='ocrx_word' id='word_1_457' title='bbox 483 3497 561 3573; x_wconf 90' lang='lat' dir='ltr'>,vel</span> <span class='ocrx_word' id='word_1_458' title='bbox 583 3518 646 3561; x_wconf 89' lang='lat' dir='ltr'>nori</span> <span class='ocrx_word' id='word_1_459' title='bbox 689 3497 781 3561; x_wconf 86' lang='lat' dir='ltr'>ossint</span> <span class='ocrx_word' id='word_1_460' title='bbox 809 3498 874 3559; x_wconf 83' lang='lat' dir='ltr'>aliis</span> <span class='ocrx_word' id='word_1_461' title='bbox 891 3499 963 3562; x_wconf 91' lang='lat' dir='ltr'>cibis</span> <span class='ocrx_word' id='word_1_462' title='bbox 985 3501 1031 3562; x_wconf 90' lang='lat' dir='ltr'>de·</span> <span class='ocrx_word' id='word_1_463' title='bbox 1068 3489 1112 3555; x_wconf 90' lang='lat' dir='ltr'>est</span> <span class='ocrx_word' id='word_1_464' title='bbox 1126 3493 1216 3584; x_wconf 30' lang='lat' dir='ltr'>&#39;velle</span> <span class='ocrx_word' id='word_1_465' title='bbox 1236 3493 1406 3571; x_wconf 88' lang='lat' dir='ltr'>dispensare</span> <span class='ocrx_word' id='word_1_466' title='bbox 1426 3495 1462 3560; x_wconf 92' lang='lat' dir='ltr'>ab</span> <span class='ocrx_word' id='word_1_467' title='bbox 1479 3500 1533 3562; x_wconf 89' lang='lat' dir='ltr'>illa</span> <span class='ocrx_word' id='word_1_468' title='bbox 1548 3500 1684 3575; x_wconf 90' lang='lat' dir='ltr'>corporis</span> <span class='ocrx_word' id='word_1_469' title='bbox 1706 3498 1838 3565; x_wconf 80' lang='lat' dir='ltr'>mortifi-</span> <span class='ocrx_word' id='word_1_470' title='bbox 1860 3522 1878 3575; x_wconf 59' lang='grc' dir='ltr'><em>μ</em></span> <span class='ocrx_word' id='word_1_471' title='bbox 1922 3508 1950 3529; x_wconf 82' lang='grc'>““</span> <span class='ocrx_word' id='word_1_472' title='bbox 1995 3518 2000 3563; x_wconf 79' lang='grc' dir='ltr'><em>ῖ</em></span> <span class='ocrx_word' id='word_1_473' title='bbox 2035 3504 2047 3521; x_wconf 73' lang='grc'><strong>“</strong></span> 
     </span>
     <span class='ocr_line' id='line_1_39' title="bbox 263 3521 1987 3658; baseline 0.003 -20"><span class='ocrx_word' id='word_1_474' title='bbox 263 3575 363 3638; x_wconf 86' lang='lat' dir='ltr'>bitum</span> <span class='ocrx_word' id='word_1_475' title='bbox 386 3573 544 3649; x_wconf 85' lang='lat' dir='ltr'>piaeslare,</span> <span class='ocrx_word' id='word_1_476' title='bbox 564 3521 778 3639; x_wconf 74' lang='lat' dir='ltr'>autsudinere</span> <span class='ocrx_word' id='word_1_477' title='bbox 798 3576 1034 3651; x_wconf 86' lang='lat' dir='ltr'>laborerii‚com</span> <span class='ocrx_word' id='word_1_478' title='bbox 1069 3587 1211 3648; x_wconf 85' lang='lat' dir='ltr'>catione,</span> <span class='ocrx_word' id='word_1_479' title='bbox 1232 3594 1324 3658; x_wconf 86' lang='lat' dir='ltr'>quam</span> <span class='ocrx_word' id='word_1_480' title='bbox 1348 3593 1489 3651; x_wconf 87' lang='lat' dir='ltr'>peroptat</span> <span class='ocrx_word' id='word_1_481' title='bbox 1514 3578 1550 3641; x_wconf 91' lang='lat' dir='ltr'>ad</span> <span class='ocrx_word' id='word_1_482' title='bbox 1567 3577 1753 3653; x_wconf 88' lang='lat' dir='ltr'>spiritualem</span> <span class='ocrx_word' id='word_1_483' title='bbox 1770 3599 1838 3655; x_wconf 87' lang='lat' dir='ltr'>pto·</span> <span class='ocrx_word' id='word_1_484' title='bbox 1950 3646 1954 3653; x_wconf 77' lang='grc'>,</span> <span class='ocrx_word' id='word_1_485' title='bbox 1985 3650 1987 3655; x_wconf 55' lang='grc'>,</span> 
     </span>
    </p>

    <p class='ocr_par' dir='ltr' id='par_1_7' title="bbox 213 3646 2047 3984">
     <span class='ocr_line' id='line_1_40' title="bbox 213 3646 1980 3741; baseline 0.004 -25"><span class='ocrx_word' id='word_1_486' title='bbox 213 3714 216 3719; x_wconf 90' lang='grc'><em>,</em></span> <span class='ocrx_word' id='word_1_487' title='bbox 262 3655 521 3733; x_wconf 61' lang='lat' dir='ltr'>datiuum-grave</span> <span class='ocrx_word' id='word_1_488' title='bbox 544 3657 640 3729; x_wconf 84' lang='lat' dir='ltr'>virae,</span> <span class='ocrx_word' id='word_1_489' title='bbox 662 3673 715 3718; x_wconf 88' lang='lat' dir='ltr'>aut</span> <span class='ocrx_word' id='word_1_490' title='bbox 734 3652 838 3717; x_wconf 86' lang='lat' dir='ltr'>saltem</span> <span class='ocrx_word' id='word_1_491' title='bbox 858 3651 962 3741; x_wconf 79' lang='lat' dir='ltr'>salinis</span> <span class='ocrx_word' id='word_1_492' title='bbox 980 3660 1032 3719; x_wconf 91' lang='lat' dir='ltr'>im·</span> <span class='ocrx_word' id='word_1_493' title='bbox 1072 3646 1184 3716; x_wconf 70' lang='lat' dir='ltr'>sessum</span> <span class='ocrx_word' id='word_1_494' title='bbox 1205 3655 1236 3714; x_wconf 85' lang='lat' dir='ltr'>in</span> <span class='ocrx_word' id='word_1_495' title='bbox 1257 3654 1315 3715; x_wconf 83' lang='lat' dir='ltr'>luis</span> <span class='ocrx_word' id='word_1_496' title='bbox 1337 3651 1652 3735; x_wconf 83' lang='lat' dir='ltr'>fidelibustempore,</span> <span class='ocrx_word' id='word_1_497' title='bbox 1678 3661 1839 3735; x_wconf 89' lang='lat' dir='ltr'>quoieiu·</span> <span class='ocrx_word' id='word_1_498' title='bbox 1975 3716 1980 3721; x_wconf 96' lang='lat'>.</span> 
     </span>
     <span class='ocr_line' id='line_1_41' title="bbox 261 3724 1952 3813; baseline 0.002 -17"><span class='ocrx_word' id='word_1_499' title='bbox 261 3737 402 3796; x_wconf 83' lang='lat' dir='ltr'>mineat.</span> <span class='ocrx_word' id='word_1_500' title='bbox 423 3732 551 3797; x_wconf 85' lang='lat' dir='ltr'>Addunt</span> <span class='ocrx_word' id='word_1_501' title='bbox 573 3736 700 3798; x_wconf 86' lang='lat' dir='ltr'>ulterius</span> <span class='ocrx_word' id='word_1_502' title='bbox 724 3734 1034 3800; x_wconf 87' lang='lat' dir='ltr'>Salmaticenlescuni</span> <span class='ocrx_word' id='word_1_503' title='bbox 1069 3733 1155 3792; x_wconf 80' lang='lat' dir='ltr'>nium</span> <span class='ocrx_word' id='word_1_504' title='bbox 1180 3733 1349 3809; x_wconf 74' lang='lat' dir='ltr'>uraecipit)</span> <span class='ocrx_word' id='word_1_505' title='bbox 1388 3738 1438 3799; x_wconf 87' lang='lat' dir='ltr'>uia</span> <span class='ocrx_word' id='word_1_506' title='bbox 1454 3733 1612 3813; x_wconf 87' lang='lat' dir='ltr'>dispensati</span> <span class='ocrx_word' id='word_1_507' title='bbox 1637 3735 1678 3802; x_wconf 88' lang='lat' dir='ltr'>ob</span> <span class='ocrx_word' id='word_1_508' title='bbox 1702 3738 1838 3811; x_wconf 85' lang='lat' dir='ltr'>inopiam</span> <span class='ocrx_word' id='word_1_509' title='bbox 1921 3724 1952 3777; x_wconf 69' lang='lat' dir='ltr'><em>s</em></span> 
     </span>
     <span class='ocr_line' id='line_1_42' title="bbox 260 3755 2047 3897; baseline 0.001 -22"><span class='ocrx_word' id='word_1_510' title='bbox 260 3815 509 3889; x_wconf 86' lang='lat' dir='ltr'>Panormitano,</span> <span class='ocrx_word' id='word_1_511' title='bbox 530 3813 684 3889; x_wconf 67' lang='lat' dir='ltr'>stoches,</span> <span class='ocrx_word' id='word_1_512' title='bbox 701 3814 814 3876; x_wconf 75' lang='lat' dir='ltr'>bonae.</span> <span class='ocrx_word' id='word_1_513' title='bbox 827 3812 953 3892; x_wconf 86' lang='lat' dir='ltr'>aliisve,</span> <span class='ocrx_word' id='word_1_514' title='bbox 969 3837 1035 3878; x_wconf 86' lang='lat' dir='ltr'>car·</span> <span class='ocrx_word' id='word_1_515' title='bbox 1069 3808 1250 3886; x_wconf 83' lang='lat' dir='ltr'>generaliter</span> <span class='ocrx_word' id='word_1_516' title='bbox 1273 3755 1434 3897; x_wconf 68' lang='lat' dir='ltr'>disperditi</span> <span class='ocrx_word' id='word_1_517' title='bbox 1457 3813 1622 3881; x_wconf 88' lang='lat' dir='ltr'>censentur</span> <span class='ocrx_word' id='word_1_518' title='bbox 1644 3834 1678 3879; x_wconf 89' lang='lat' dir='ltr'>ut</span> <span class='ocrx_word' id='word_1_519' title='bbox 1697 3815 1781 3878; x_wconf 89' lang='lat' dir='ltr'>licite</span> <span class='ocrx_word' id='word_1_520' title='bbox 1799 3837 1837 3897; x_wconf 51' lang='lat' dir='ltr'>oq</span> <span class='ocrx_word' id='word_1_521' title='bbox 1904 3794 2047 3867; x_wconf 42' lang='lat'>”⁸⁸4³</span> 
     </span>
     <span class='ocr_line' id='line_1_43' title="bbox 262 3888 1836 3984; baseline 0.003 -29"><span class='ocrx_word' id='word_1_522' title='bbox 262 3912 318 3956; x_wconf 84' lang='lat' dir='ltr'>ires</span> <span class='ocrx_word' id='word_1_523' title='bbox 339 3890 605 3979; x_wconf 23' lang='lat' dir='ltr'>ministrari-posse</span> <span class='ocrx_word' id='word_1_524' title='bbox 630 3911 776 3969; x_wconf 88' lang='lat' dir='ltr'>perpetuo</span> <span class='ocrx_word' id='word_1_525' title='bbox 805 3894 1032 3960; x_wconf 85' lang='lat' dir='ltr'>amentibus&amp;</span> <span class='ocrx_word' id='word_1_526' title='bbox 1069 3892 1131 3951; x_wconf 82' lang='lat' dir='ltr'>mni</span> <span class='ocrx_word' id='word_1_527' title='bbox 1147 3909 1245 3984; x_wconf 72' lang='lat' dir='ltr'>carne</span> <span class='ocrx_word' id='word_1_528' title='bbox 1265 3888 1345 3956; x_wconf 86' lang='lat' dir='ltr'>vesci</span> <span class='ocrx_word' id='word_1_529' title='bbox 1371 3891 1481 3967; x_wconf 90' lang='lat' dir='ltr'>possint</span> <span class='ocrx_word' id='word_1_530' title='bbox 1506 3893 1655 3961; x_wconf 79' lang='lat' dir='ltr'>dc-stiim</span> <span class='ocrx_word' id='word_1_531' title='bbox 1680 3891 1836 3973; x_wconf 88' lang='lat' dir='ltr'>piscibus,</span> 
     </span>
    </p>

    <p class='ocr_par' dir='ltr' id='par_1_8' title="bbox 285 3968 1837 4049">
     <span class='ocr_line' id='line_1_44' title="bbox 285 3968 1837 4049; baseline 0.005 -15"><span class='ocrx_word' id='word_1_532' title='bbox 285 3994 303 4034; x_wconf 93' lang='lat' dir='ltr'>u</span> <span class='ocrx_word' id='word_1_533' title='bbox 341 3974 347 3986; x_wconf 92' lang='lat'>&#39;</span> <span class='ocrx_word' id='word_1_534' title='bbox 392 3990 467 4036; x_wconf 90' lang='lat' dir='ltr'>ante</span> <span class='ocrx_word' id='word_1_535' title='bbox 497 3971 703 4049; x_wconf 89' lang='lat' dir='ltr'>septennium,</span> <span class='ocrx_word' id='word_1_536' title='bbox 723 3975 793 4048; x_wconf 88' lang='lat' dir='ltr'>quia</span> <span class='ocrx_word' id='word_1_537' title='bbox 821 3973 860 4036; x_wconf 90' lang='lat' dir='ltr'>ob</span> <span class='ocrx_word' id='word_1_538' title='bbox 883 3970 1032 4038; x_wconf 75' lang='lat' dir='ltr'>defessum</span> <span class='ocrx_word' id='word_1_539' title='bbox 1069 3984 1104 4033; x_wconf 90' lang='lat' dir='ltr'>ut</span> <span class='ocrx_word' id='word_1_540' title='bbox 1123 3968 1246 4034; x_wconf 91' lang='lat' dir='ltr'>meliori</span> <span class='ocrx_word' id='word_1_541' title='bbox 1262 3971 1354 4036; x_wconf 90' lang='lat' dir='ltr'>modo</span> <span class='ocrx_word' id='word_1_542' title='bbox 1369 3990 1430 4047; x_wconf 89' lang='lat' dir='ltr'>quo</span> <span class='ocrx_word' id='word_1_543' title='bbox 1450 3973 1574 4049; x_wconf 90' lang='lat' dir='ltr'>possunt</span> <span class='ocrx_word' id='word_1_544' title='bbox 1595 3973 1837 4041; x_wconf 74' lang='lat' dir='ltr'>neccssariaesuae</span> 
     </span>
    </p>

    <p class='ocr_par' dir='ltr' id='par_1_9' title="bbox 209 3991 1838 4161">
     <span class='ocr_line' id='line_1_45' title="bbox 209 3991 1838 4161; baseline 0.006 -51"><span class='ocrx_word' id='word_1_545' title='bbox 209 3991 484 4161; x_wconf 50' lang='lat' dir='ltr'>fiffinionis</span> <span class='ocrx_word' id='word_1_546' title='bbox 505 4056 663 4130; x_wconf 86' lang='lat' dir='ltr'>incapaces</span> <span class='ocrx_word' id='word_1_547' title='bbox 686 4052 755 4117; x_wconf 89' lang='lat' dir='ltr'>sunt</span> <span class='ocrx_word' id='word_1_548' title='bbox 779 4051 973 4131; x_wconf 86' lang='lat' dir='ltr'>obligationis</span> <span class='ocrx_word' id='word_1_549' title='bbox 994 4056 1034 4118; x_wconf 91' lang='lat' dir='ltr'>le·</span> <span class='ocrx_word' id='word_1_550' title='bbox 1070 4045 1280 4115; x_wconf 86' lang='lat' dir='ltr'>susletitationi</span> <span class='ocrx_word' id='word_1_551' title='bbox 1303 4052 1502 4129; x_wconf 86' lang='lat' dir='ltr'>provideant;</span> <span class='ocrx_word' id='word_1_552' title='bbox 1526 4056 1576 4117; x_wconf 87' lang='lat' dir='ltr'>vel</span> <span class='ocrx_word' id='word_1_553' title='bbox 1596 4052 1779 4132; x_wconf 87' lang='lat' dir='ltr'>dispensatio</span> <span class='ocrx_word' id='word_1_554' title='bbox 1799 4055 1838 4120; x_wconf 84' lang='lat' dir='ltr'>ad</span> 
     </span>
    </p>

    <p class='ocr_par' dir='ltr' id='par_1_10' title="bbox 209 4128 1838 4215">
     <span class='ocr_line' id='line_1_46' title="bbox 209 4128 1838 4215; baseline 0.001 -20"><span class='ocrx_word' id='word_1_555' title='bbox 209 4190 211 4195; x_wconf 90' lang='lat'><em>.</em></span> <span class='ocrx_word' id='word_1_556' title='bbox 251 4128 383 4215; x_wconf 52' lang='lat' dir='ltr'>gin&amp;</span> <span class='ocrx_word' id='word_1_557' title='bbox 435 4151 506 4196; x_wconf 89' lang='lat' dir='ltr'>atus</span> <span class='ocrx_word' id='word_1_558' title='bbox 531 4132 773 4211; x_wconf 86' lang='lat' dir='ltr'>peccati‚quod</span> <span class='ocrx_word' id='word_1_559' title='bbox 796 4137 926 4196; x_wconf 84' lang='lat' dir='ltr'>tationis</span> <span class='ocrx_word' id='word_1_560' title='bbox 949 4132 1034 4197; x_wconf 85' lang='lat' dir='ltr'>usum</span> <span class='ocrx_word' id='word_1_561' title='bbox 1068 4147 1177 4192; x_wconf 84' lang='lat' dir='ltr'>carnes</span> <span class='ocrx_word' id='word_1_562' title='bbox 1198 4129 1248 4195; x_wconf 91' lang='lat' dir='ltr'>die</span> <span class='ocrx_word' id='word_1_563' title='bbox 1265 4134 1368 4196; x_wconf 90' lang='lat' dir='ltr'>ieiunii</span> <span class='ocrx_word' id='word_1_564' title='bbox 1385 4135 1566 4211; x_wconf 88' lang='lat' dir='ltr'>conceditur</span> <span class='ocrx_word' id='word_1_565' title='bbox 1586 4136 1703 4212; x_wconf 89' lang='lat' dir='ltr'>petenti</span> <span class='ocrx_word' id='word_1_566' title='bbox 1723 4132 1838 4198; x_wconf 87' lang='lat' dir='ltr'>obali·</span> 
     </span>
    </p>

    <p class='ocr_par' dir='ltr' id='par_1_11' title="bbox 209 4204 1837 4357">
     <span class='ocr_line' id='line_1_47' title="bbox 209 4204 1837 4357; baseline 0.001 -82"><span class='ocrx_word' id='word_1_567' title='bbox 209 4218 228 4259; x_wconf 52' lang='grc' dir='ltr'><strong><em>ἢ</em></strong></span> <span class='ocrx_word' id='word_1_568' title='bbox 259 4204 394 4357; x_wconf 59' lang='lat' dir='ltr'>nsqpsiit</span> <span class='ocrx_word' id='word_1_569' title='bbox 441 4213 532 4287; x_wconf 90' lang='lat' dir='ltr'>Quod</span> <span class='ocrx_word' id='word_1_570' title='bbox 553 4211 573 4275; x_wconf 88' lang='lat' dir='ltr'>si</span> <span class='ocrx_word' id='word_1_571' title='bbox 596 4230 670 4276; x_wconf 85' lang='lat' dir='ltr'>ante</span> <span class='ocrx_word' id='word_1_572' title='bbox 689 4210 882 4286; x_wconf 86' lang='lat' dir='ltr'>septennium</span> <span class='ocrx_word' id='word_1_573' title='bbox 903 4216 1033 4278; x_wconf 86' lang='lat' dir='ltr'>rationis</span> <span class='ocrx_word' id='word_1_574' title='bbox 1068 4210 1334 4286; x_wconf 84' lang='lat' dir='ltr'>quamcorporali&#39;i</span> <span class='ocrx_word' id='word_1_575' title='bbox 1353 4207 1460 4276; x_wconf 87' lang='lat' dir='ltr'>salutis</span> <span class='ocrx_word' id='word_1_576' title='bbox 1481 4211 1837 4290; x_wconf 83' lang='lat' dir='ltr'>indispositionemquaro</span> 
     </span>
    </p>

    <p class='ocr_par' dir='ltr' id='par_1_12' title="bbox 209 4286 1837 4451">
     <span class='ocr_line' id='line_1_48' title="bbox 209 4286 1837 4370; baseline -0.001 -13"><span class='ocrx_word' id='word_1_577' title='bbox 209 4312 284 4367; x_wconf 56' lang='lat' dir='ltr'>*cu</span> <span class='ocrx_word' id='word_1_578' title='bbox 297 4286 487 4370; x_wconf 61' lang='lat' dir='ltr'>utsulgean</span> <span class='ocrx_word' id='word_1_579' title='bbox 507 4309 656 4357; x_wconf 88' lang='lat' dir='ltr'>tenentur</span> <span class='ocrx_word' id='word_1_580' title='bbox 671 4291 819 4356; x_wconf 73' lang='lat' dir='ltr'>abstiners</span> <span class='ocrx_word' id='word_1_581' title='bbox 841 4293 1033 4370; x_wconf 84' lang='lat' dir='ltr'>acainibus,</span> <span class='ocrx_word' id='word_1_582' title='bbox 1070 4288 1209 4367; x_wconf 86' lang='lat' dir='ltr'>patitur,</span> <span class='ocrx_word' id='word_1_583' title='bbox 1229 4307 1265 4354; x_wconf 89' lang='lat' dir='ltr'>ut</span> <span class='ocrx_word' id='word_1_584' title='bbox 1284 4288 1349 4354; x_wconf 89' lang='lat' dir='ltr'>sine</span> <span class='ocrx_word' id='word_1_585' title='bbox 1371 4291 1480 4356; x_wconf 86' lang='lat' dir='ltr'>maiori</span> <span class='ocrx_word' id='word_1_586' title='bbox 1501 4287 1607 4358; x_wconf 88' lang='lat' dir='ltr'>salutis</span> <span class='ocrx_word' id='word_1_587' title='bbox 1628 4292 1781 4369; x_wconf 83' lang='lat' dir='ltr'>dispendio</span> <span class='ocrx_word' id='word_1_588' title='bbox 1791 4289 1837 4356; x_wconf 89' lang='lat' dir='ltr'>se·</span> 
     </span>
     <span class='ocr_line' id='line_1_49' title="bbox 260 4367 1836 4451; baseline -0.001 -14"><span class='ocrx_word' id='word_1_589' title='bbox 260 4392 297 4437; x_wconf 85' lang='lat' dir='ltr'>ac</span> <span class='ocrx_word' id='word_1_590' title='bbox 317 4368 386 4435; x_wconf 86' lang='lat' dir='ltr'>ideo</span> <span class='ocrx_word' id='word_1_591' title='bbox 409 4372 493 4435; x_wconf 89' lang='lat' dir='ltr'>licite</span> <span class='ocrx_word' id='word_1_592' title='bbox 514 4369 754 4448; x_wconf 84' lang='lat' dir='ltr'>ipsisministrari</span> <span class='ocrx_word' id='word_1_593' title='bbox 766 4390 944 4451; x_wconf 68' lang='lat' dir='ltr'>nequeunt,</span> <span class='ocrx_word' id='word_1_594' title='bbox 963 4377 1032 4450; x_wconf 89' lang='lat' dir='ltr'>quia</span> <span class='ocrx_word' id='word_1_595' title='bbox 1067 4367 1200 4431; x_wconf 89' lang='lat' dir='ltr'>cundum</span> <span class='ocrx_word' id='word_1_596' title='bbox 1227 4370 1412 4445; x_wconf 81' lang='lat' dir='ltr'>medicorum</span> <span class='ocrx_word' id='word_1_597' title='bbox 1442 4371 1599 4445; x_wconf 72' lang='lat' dir='ltr'>consilium</span> <span class='ocrx_word' id='word_1_598' title='bbox 1630 4378 1675 4436; x_wconf 89' lang='lat' dir='ltr'>uti</span> <span class='ocrx_word' id='word_1_599' title='bbox 1704 4388 1836 4449; x_wconf 88' lang='lat' dir='ltr'>nequeat</span> 
     </span>
    </p>

    <p class='ocr_par' dir='ltr' id='par_1_13' title="bbox 230 4446 1837 5231">
     <span class='ocr_line' id='line_1_50' title="bbox 230 4446 1837 4530; baseline 0.005 -21"><span class='ocrx_word' id='word_1_600' title='bbox 230 4514 236 4525; x_wconf 51' lang='grc'>,</span> <span class='ocrx_word' id='word_1_601' title='bbox 261 4454 347 4530; x_wconf 75' lang='lat' dir='ltr'>pueri</span> <span class='ocrx_word' id='word_1_602' title='bbox 373 4450 436 4527; x_wconf 77' lang='lat' dir='ltr'>post</span> <span class='ocrx_word' id='word_1_603' title='bbox 457 4451 542 4515; x_wconf 84' lang='lat' dir='ltr'>uluni</span> <span class='ocrx_word' id='word_1_604' title='bbox 562 4456 694 4517; x_wconf 89' lang='lat' dir='ltr'>rationis</span> <span class='ocrx_word' id='word_1_605' title='bbox 724 4454 872 4516; x_wconf 84' lang='lat' dir='ltr'>tenentur</span> <span class='ocrx_word' id='word_1_606' title='bbox 891 4452 927 4514; x_wconf 90' lang='lat' dir='ltr'>ad</span> <span class='ocrx_word' id='word_1_607' title='bbox 952 4454 1032 4530; x_wconf 83' lang='lat' dir='ltr'>leges</span> <span class='ocrx_word' id='word_1_608' title='bbox 1066 4446 1140 4510; x_wconf 86' lang='lat' dir='ltr'>cibis</span> <span class='ocrx_word' id='word_1_609' title='bbox 1163 4449 1294 4523; x_wconf 90' lang='lat' dir='ltr'>ieiunii,</span> <span class='ocrx_word' id='word_1_610' title='bbox 1318 4448 1359 4515; x_wconf 71' lang='grc' dir='ltr'>ἀ</span> <span class='ocrx_word' id='word_1_611' title='bbox 1381 4466 1455 4515; x_wconf 87' lang='lat' dir='ltr'>tunc</span> <span class='ocrx_word' id='word_1_612' title='bbox 1480 4471 1542 4515; x_wconf 89' lang='lat' dir='ltr'>non</span> <span class='ocrx_word' id='word_1_613' title='bbox 1563 4452 1658 4530; x_wconf 87' lang='lat' dir='ltr'>potesl</span> <span class='ocrx_word' id='word_1_614' title='bbox 1679 4449 1740 4515; x_wconf 89' lang='lat' dir='ltr'>sine</span> <span class='ocrx_word' id='word_1_615' title='bbox 1760 4454 1837 4517; x_wconf 88' lang='lat' dir='ltr'>ieiu-</span> 
     </span>
     <span class='ocr_line' id='line_1_51' title="bbox 259 4526 1836 4609; baseline -0.001 -11"><span class='ocrx_word' id='word_1_616' title='bbox 259 4528 506 4609; x_wconf 78' lang='lat' dir='ltr'>ecclesiaslicas,</span> <span class='ocrx_word' id='word_1_617' title='bbox 531 4550 601 4608; x_wconf 83' lang='lat' dir='ltr'>quae</span> <span class='ocrx_word' id='word_1_618' title='bbox 626 4550 691 4595; x_wconf 89' lang='lat' dir='ltr'>non</span> <span class='ocrx_word' id='word_1_619' title='bbox 723 4531 927 4596; x_wconf 87' lang='lat' dir='ltr'>determinant</span> <span class='ocrx_word' id='word_1_620' title='bbox 955 4551 1030 4597; x_wconf 79' lang='lat' dir='ltr'>aeta·</span> <span class='ocrx_word' id='word_1_621' title='bbox 1066 4529 1110 4589; x_wconf 88' lang='lat' dir='ltr'>nii</span> <span class='ocrx_word' id='word_1_622' title='bbox 1130 4528 1303 4593; x_wconf 89' lang='lat' dir='ltr'>violatione</span> <span class='ocrx_word' id='word_1_623' title='bbox 1322 4526 1403 4595; x_wconf 87' lang='lat' dir='ltr'>vesci</span> <span class='ocrx_word' id='word_1_624' title='bbox 1424 4528 1479 4592; x_wconf 89' lang='lat' dir='ltr'>nisi</span> <span class='ocrx_word' id='word_1_625' title='bbox 1499 4530 1659 4608; x_wconf 89' lang='lat' dir='ltr'>carnibus,</span> <span class='ocrx_word' id='word_1_626' title='bbox 1679 4551 1749 4608; x_wconf 78' lang='lat' dir='ltr'>quae</span> <span class='ocrx_word' id='word_1_627' title='bbox 1772 4528 1836 4596; x_wconf 79' lang='lat' dir='ltr'>suat</span> 
     </span>
     <span class='ocr_line' id='line_1_52' title="bbox 262 4604 1835 4691; baseline -0.002 -15"><span class='ocrx_word' id='word_1_628' title='bbox 262 4628 359 4691; x_wconf 81' lang='lat' dir='ltr'>tem3</span> <span class='ocrx_word' id='word_1_629' title='bbox 389 4609 517 4689; x_wconf 87' lang='lat' dir='ltr'>ideoque</span> <span class='ocrx_word' id='word_1_630' title='bbox 544 4612 746 4677; x_wconf 85' lang='lat' dir='ltr'>communiter</span> <span class='ocrx_word' id='word_1_631' title='bbox 773 4631 837 4674; x_wconf 86' lang='lat' dir='ltr'>non</span> <span class='ocrx_word' id='word_1_632' title='bbox 869 4610 1031 4677; x_wconf 88' lang='lat' dir='ltr'>censentur</span> <span class='ocrx_word' id='word_1_633' title='bbox 1065 4604 1290 4684; x_wconf 78' lang='lat' dir='ltr'>indispositioni</span> <span class='ocrx_word' id='word_1_634' title='bbox 1307 4607 1366 4674; x_wconf 89' lang='lat' dir='ltr'>sint</span> <span class='ocrx_word' id='word_1_635' title='bbox 1381 4607 1545 4688; x_wconf 69' lang='lat' dir='ltr'>consone,</span> <span class='ocrx_word' id='word_1_636' title='bbox 1567 4630 1628 4674; x_wconf 93' lang='lat' dir='ltr'>non</span> <span class='ocrx_word' id='word_1_637' title='bbox 1646 4612 1712 4676; x_wconf 87' lang='lat' dir='ltr'>aliis</span> <span class='ocrx_word' id='word_1_638' title='bbox 1733 4614 1835 4675; x_wconf 85' lang='lat' dir='ltr'>carni·</span> 
     </span>
     <span class='ocr_line' id='line_1_53' title="bbox 262 4684 1835 4774; baseline -0.003 -17"><span class='ocrx_word' id='word_1_639' title='bbox 262 4692 375 4771; x_wconf 75' lang='lat' dir='ltr'>pueri,</span> <span class='ocrx_word' id='word_1_640' title='bbox 394 4691 450 4755; x_wconf 87' lang='lat' dir='ltr'>oili</span> <span class='ocrx_word' id='word_1_641' title='bbox 473 4690 535 4769; x_wconf 83' lang='lat' dir='ltr'>posi</span> <span class='ocrx_word' id='word_1_642' title='bbox 564 4691 756 4768; x_wconf 88' lang='lat' dir='ltr'>septennium</span> <span class='ocrx_word' id='word_1_643' title='bbox 785 4693 883 4759; x_wconf 87' lang='lat' dir='ltr'>teneri</span> <span class='ocrx_word' id='word_1_644' title='bbox 915 4692 1029 4774; x_wconf 90' lang='lat' dir='ltr'>legibus</span> <span class='ocrx_word' id='word_1_645' title='bbox 1063 4686 1140 4763; x_wconf 87' lang='lat' dir='ltr'>bus,</span> <span class='ocrx_word' id='word_1_646' title='bbox 1159 4688 1193 4753; x_wconf 77' lang='lat' dir='ltr'>dt</span> <span class='ocrx_word' id='word_1_647' title='bbox 1211 4684 1357 4769; x_wconf 85' lang='lat' dir='ltr'>piscibus,</span> <span class='ocrx_word' id='word_1_648' title='bbox 1377 4690 1523 4766; x_wconf 76' lang='lat' dir='ltr'>aquibus</span> <span class='ocrx_word' id='word_1_649' title='bbox 1543 4692 1624 4768; x_wconf 88' lang='lat' dir='ltr'>petit</span> <span class='ocrx_word' id='word_1_650' title='bbox 1643 4688 1835 4773; x_wconf 74' lang='lat' dir='ltr'>dispensari,</span> 
     </span>
     <span class='ocr_line' id='line_1_54' title="bbox 261 4767 1834 4849; baseline -0.005 -10"><span class='ocrx_word' id='word_1_651' title='bbox 261 4770 470 4839; x_wconf 70' lang='lat' dir='ltr'>eceleiiasiieis</span> <span class='ocrx_word' id='word_1_652' title='bbox 486 4819 494 4849; x_wconf 90' lang='lat'>‚</span> <span class='ocrx_word' id='word_1_653' title='bbox 513 4789 549 4838; x_wconf 92' lang='lat' dir='ltr'>ut</span> <span class='ocrx_word' id='word_1_654' title='bbox 562 4788 651 4837; x_wconf 88' lang='lat' dir='ltr'>notat</span> <span class='ocrx_word' id='word_1_655' title='bbox 671 4771 802 4846; x_wconf 82' lang='lat' dir='ltr'>Suarez,</span> <span class='ocrx_word' id='word_1_656' title='bbox 821 4775 893 4848; x_wconf 84' lang='lat' dir='ltr'>quia</span> <span class='ocrx_word' id='word_1_657' title='bbox 910 4771 1028 4838; x_wconf 81' lang='lat' dir='ltr'>hocex·</span> <span class='ocrx_word' id='word_1_658' title='bbox 1064 4773 1134 4843; x_wconf 83' lang='lat' dir='ltr'>quia</span> <span class='ocrx_word' id='word_1_659' title='bbox 1155 4788 1226 4832; x_wconf 91' lang='lat' dir='ltr'>cuni</span> <span class='ocrx_word' id='word_1_660' title='bbox 1243 4770 1298 4832; x_wconf 91' lang='lat' dir='ltr'>tali</span> <span class='ocrx_word' id='word_1_661' title='bbox 1317 4767 1502 4835; x_wconf 80' lang='lat' dir='ltr'>reslridlione</span> <span class='ocrx_word' id='word_1_662' title='bbox 1521 4767 1664 4838; x_wconf 88' lang='lat' dir='ltr'>censetur</span> <span class='ocrx_word' id='word_1_663' title='bbox 1679 4770 1737 4835; x_wconf 88' lang='lat' dir='ltr'>tali</span> <span class='ocrx_word' id='word_1_664' title='bbox 1753 4788 1834 4833; x_wconf 82' lang='lat' dir='ltr'>teni·</span> 
     </span>
     <span class='ocr_line' id='line_1_55' title="bbox 262 4845 1835 4931; baseline -0.002 -15"><span class='ocrx_word' id='word_1_665' title='bbox 262 4853 349 4931; x_wconf 86' lang='lat' dir='ltr'>pleto</span> <span class='ocrx_word' id='word_1_666' title='bbox 368 4853 509 4919; x_wconf 91' lang='lat' dir='ltr'>creditur</span> <span class='ocrx_word' id='word_1_667' title='bbox 530 4850 599 4918; x_wconf 84' lang='lat' dir='ltr'>usus</span> <span class='ocrx_word' id='word_1_668' title='bbox 619 4853 745 4918; x_wconf 87' lang='lat' dir='ltr'>tationis</span> <span class='ocrx_word' id='word_1_669' title='bbox 767 4850 938 4917; x_wconf 75' lang='lat' dir='ltr'>advenisse.</span> <span class='ocrx_word' id='word_1_670' title='bbox 962 4852 1029 4917; x_wconf 90' lang='lat' dir='ltr'>smo</span> <span class='ocrx_word' id='word_1_671' title='bbox 1053 4869 1138 4931; x_wconf 86' lang='lat' dir='ltr'>pore</span> <span class='ocrx_word' id='word_1_672' title='bbox 1159 4845 1316 4924; x_wconf 90' lang='lat' dir='ltr'>dispensari</span> <span class='ocrx_word' id='word_1_673' title='bbox 1334 4850 1369 4912; x_wconf 83' lang='lat' dir='ltr'>ad</span> <span class='ocrx_word' id='word_1_674' title='bbox 1386 4869 1508 4915; x_wconf 89' lang='lat' dir='ltr'>carues.</span> <span class='ocrx_word' id='word_1_675' title='bbox 1530 4850 1675 4927; x_wconf 82' lang='lat' dir='ltr'>Eiquoad</span> <span class='ocrx_word' id='word_1_676' title='bbox 1693 4850 1773 4913; x_wconf 91' lang='lat' dir='ltr'>hunc</span> <span class='ocrx_word' id='word_1_677' title='bbox 1786 4849 1835 4913; x_wconf 92' lang='lat' dir='ltr'>ul·</span> 
     </span>
     <span class='ocr_line' id='line_1_56' title="bbox 259 4923 1834 5009; baseline -0.004 -9"><span class='ocrx_word' id='word_1_678' title='bbox 259 4935 293 5000; x_wconf 82' lang='lat' dir='ltr'>dc</span> <span class='ocrx_word' id='word_1_679' title='bbox 311 4933 332 4996; x_wconf 92' lang='lat' dir='ltr'>li</span> <span class='ocrx_word' id='word_1_680' title='bbox 353 4933 390 4999; x_wconf 91' lang='lat' dir='ltr'>de</span> <span class='ocrx_word' id='word_1_681' title='bbox 411 4934 472 4999; x_wconf 88' lang='lat' dir='ltr'>hoc</span> <span class='ocrx_word' id='word_1_682' title='bbox 489 4932 668 5009; x_wconf 86' lang='lat' dir='ltr'>dubitetur,</span> <span class='ocrx_word' id='word_1_683' title='bbox 689 4930 884 4997; x_wconf 90' lang='lat' dir='ltr'>iudicandum</span> <span class='ocrx_word' id='word_1_684' title='bbox 903 4931 946 4995; x_wconf 86' lang='lat' dir='ltr'>eli</span> <span class='ocrx_word' id='word_1_685' title='bbox 970 4935 1029 4996; x_wconf 89' lang='lat' dir='ltr'>iam</span> <span class='ocrx_word' id='word_1_686' title='bbox 1066 4935 1176 4993; x_wconf 87' lang='lat' dir='ltr'>timum</span> <span class='ocrx_word' id='word_1_687' title='bbox 1195 4928 1315 5005; x_wconf 89' lang='lat' dir='ltr'>casum,</span> <span class='ocrx_word' id='word_1_688' title='bbox 1335 4927 1395 4997; x_wconf 88' lang='lat' dir='ltr'>suit</span> <span class='ocrx_word' id='word_1_689' title='bbox 1415 4933 1510 4994; x_wconf 88' lang='lat' dir='ltr'>eriam</span> <span class='ocrx_word' id='word_1_690' title='bbox 1524 4930 1677 4997; x_wconf 87' lang='lat' dir='ltr'>sententia</span> <span class='ocrx_word' id='word_1_691' title='bbox 1694 4923 1834 4995; x_wconf 86' lang='lat' dir='ltr'>Navarri</span> 
     </span>
     <span class='ocr_line' id='line_1_57' title="bbox 259 5006 1831 5095; baseline -0.004 -15"><span class='ocrx_word' id='word_1_692' title='bbox 259 5014 441 5091; x_wconf 80' lang='lat' dir='ltr'>advenisse,</span> <span class='ocrx_word' id='word_1_693' title='bbox 473 5014 586 5080; x_wconf 89' lang='lat' dir='ltr'>idcirco</span> <span class='ocrx_word' id='word_1_694' title='bbox 613 5014 698 5093; x_wconf 86' lang='lat' dir='ltr'>ligari</span> <span class='ocrx_word' id='word_1_695' title='bbox 727 5012 840 5092; x_wconf 86' lang='lat' dir='ltr'>legibus</span> <span class='ocrx_word' id='word_1_696' title='bbox 860 5006 1028 5095; x_wconf 63' lang='lat' dir='ltr'>Ecclesia,</span> <span class='ocrx_word' id='word_1_697' title='bbox 1064 5010 1112 5073; x_wconf 86' lang='lat' dir='ltr'>lib</span> <span class='ocrx_word' id='word_1_698' title='bbox 1145 5029 1171 5071; x_wconf 88' lang='lat'>1.</span> <span class='ocrx_word' id='word_1_699' title='bbox 1193 5007 1337 5086; x_wconf 75' lang='lat' dir='ltr'>confisius.</span> <span class='ocrx_word' id='word_1_700' title='bbox 1358 5013 1427 5087; x_wconf 83' lang='lat' dir='ltr'>qnia</span> <span class='ocrx_word' id='word_1_701' title='bbox 1448 5012 1498 5074; x_wconf 88' lang='lat' dir='ltr'>vel</span> <span class='ocrx_word' id='word_1_702' title='bbox 1528 5009 1606 5089; x_wconf 89' lang='lat' dir='ltr'>pisce</span> <span class='ocrx_word' id='word_1_703' title='bbox 1632 5057 1642 5091; x_wconf 94' lang='lat'>,</span> <span class='ocrx_word' id='word_1_704' title='bbox 1667 5010 1743 5075; x_wconf 92' lang='lat' dir='ltr'>dicit</span> <span class='ocrx_word' id='word_1_705' title='bbox 1765 5007 1831 5074; x_wconf 89' lang='lat' dir='ltr'>Na·</span> 
     </span>
     <span class='ocr_line' id='line_1_58' title="bbox 261 5088 1830 5231; baseline -0.004 -69"><span class='ocrx_word' id='word_1_706' title='bbox 261 5115 297 5162; x_wconf 86' lang='lat' dir='ltr'>ao</span> <span class='ocrx_word' id='word_1_707' title='bbox 314 5095 439 5173; x_wconf 85' lang='lat' dir='ltr'>proinde</span> <span class='ocrx_word' id='word_1_708' title='bbox 455 5093 644 5163; x_wconf 71' lang='lat' dir='ltr'>abstinentia</span> <span class='ocrx_word' id='word_1_709' title='bbox 663 5115 680 5161; x_wconf 89' lang='lat' dir='ltr'>a</span> <span class='ocrx_word' id='word_1_710' title='bbox 697 5088 1030 5159; x_wconf 64' lang='lat' dir='ltr'>estrumentum</span> <span class='ocrx_word' id='word_1_711' title='bbox 1065 5109 1192 5166; x_wconf 86' lang='lat' dir='ltr'>varrus,</span> <span class='ocrx_word' id='word_1_712' title='bbox 1212 5093 1239 5154; x_wconf 92' lang='lat' dir='ltr'>ei</span> <span class='ocrx_word' id='word_1_713' title='bbox 1266 5107 1379 5157; x_wconf 87' lang='lat' dir='ltr'>noceor</span> <span class='ocrx_word' id='word_1_714' title='bbox 1404 5089 1453 5158; x_wconf 88' lang='lat' dir='ltr'>vel</span> <span class='ocrx_word' id='word_1_715' title='bbox 1475 5109 1570 5157; x_wconf 83' lang='lat' dir='ltr'>nour</span> <span class='ocrx_word' id='word_1_716' title='bbox 1630 5090 1718 5171; x_wconf 68' lang='lat' dir='ltr'>pois,</span> <span class='ocrx_word' id='word_1_717' title='bbox 1745 5089 1830 5231; x_wconf 61' lang='grc' dir='ltr'><strong>ηιὰΙΙι</strong></span> 
     </span>
    </p>

    <p class='ocr_par' dir='ltr' id='par_1_14' title="bbox 1749 5188 1825 5236">
     <span class='ocr_line' id='line_1_59' title="bbox 1749 5188 1825 5236; baseline 0 -5"><span class='ocrx_word' id='word_1_718' title='bbox 1749 5188 1767 5236; x_wconf 63' lang='lat' dir='ltr'>C</span> <span class='ocrx_word' id='word_1_719' title='bbox 1809 5204 1825 5231; x_wconf 75' lang='grc' dir='ltr'>ι</span> 
     </span>
    </p>
   </div>
   <div class='ocr_carea' id='block_1_2' title="bbox 0 0 2218 6000">
    <p class='ocr_par' dir='ltr' id='par_1_15' title="bbox 0 0 2218 6000">
     <span class='ocr_line' id='line_1_60' title="bbox 0 0 2218 6000; baseline 0 1"><span class='ocrx_word' id='word_1_720' title='bbox 0 0 2218 6000; x_wconf 95' lang='lat' dir='ltr'> </span> 
     </span>
    </p>
   </div>
  </div>
 </body>
</html>
