4425 6000
413 590 432 656 d
462 488 540 656 {dd
636 487 812 570 Taacr.
840 510 896 562 oa
926 488 1179 563 Peccantis
1209 485 1443 566 Deeaaooi
1471 484 1577 561 Car.
1604 486 1712 576 vill.
1830 503 1835 512 ·

432 613 453 659 0

491 612 529 656 oc
550 610 568 653 a
590 587 717 657 ,dicente
744 585 853 654 salsum
881 603 1074 665 reputatur,
1102 586 1139 659 ,ἃ
1162 606 1181 652 e
1213 582 1303 663 sum,
1317 583 1351 651 ἃ
1365 582 1554 662 officiosum,
1570 584 1642 675 dum
1659 588 1696 653 fit
1717 584 1778 653 siue
1798 588 1886 666 gravi
1898 584 2020 660 scara-,ti

410 691 521 738 contra
542 672 661 735 nullum
678 671 739 735 eise
759 667 969 745 mendacium,
991 666 1115 753 etiamsi
1135 665 1182 731 di·
1216 664 1288 729 dalo
1311 712 1322 744 ,
1353 662 1390 730 fit
1418 683 1577 744 peoeattun
1600 666 1709 732 saltem
1733 669 1885 747 veniale;
1913 669 1987 738 hine:
2001 674 2020 713 ¹

410 770 501 819 catur
531 747 670 829 falsum,
699 751 821 828 quaudo
840 748 946 814 ,dicens
967 794 978 822 ,
997 768 1107 811 verum
1122 743 1180 811 hoc
1213 763 1390 823 nunquam,
1409 747 1461 811 leu
1488 748 1520 810 in
1546 747 1634 812 nulla
1657 746 1841 829 occasione,
1870 769 1907 815 ac
1931 754 1992 816 cir·

410 849 551 909 reputet.
570 832 628 895 Per
644 834 850 900 intentionem
867 846 943 891 vero
967 822 1089 891 fallendi
1112 847 1178 894 non
1216 824 1400 893 cumstantia
1416 825 1541 893 licitum
1559 827 1623 893 else
1643 825 1740 906 potest
1769 821 1914 908 mentiri,
1933 850 1988 897 ne·

329 977 335 988 ,
410 915 595 993 intelligitur
617 914 752 977 intentio
774 907 917 984 adlualie,
938 928 1014 974 cum
1030 912 1064 977 ¹iii
1095 928 1180 970 meri·
1215 903 1337 981 quidem
1365 906 1402 970 ad
1422 907 1641 985 Religionem,
1669 911 1791 988 vitam,
1809 910 1989 992 honorem,

406 992 497 1059 ,dacio
513 991 632 1068 iocoso,
652 1011 706 1057 aut
727 991 833 1065 simili,
852 993 903 1053 cui
926 984 1104 1067 supponitur
1116 1008 1180 1054 non
1212 984 1357 1062 aliudque
1380 985 1590 1065 quodcumque
1613 988 1727 1053 bonum
1755 986 1792 1055 fit
1820 987 1883 1055 five
1917 1012 1988 1066 1)ῐο-

409 1073 544 1142 adhiberi
567 1071 658 1148 fidei,
679 1074 755 1137 talia
772 1072 908 1135 intentio
924 1067 1023 1132 adesse
1039 1088 1101 1132 nori
1113 1066 1181 1146 pos·
1217 1068 1331 1153 prium,
1348 1062 1411 1128 sive
1429 1067 1556 1133 alterius
1572 1065 1770 1135 servandum.
1791 1068 1887 1136 ltaS.
1907 1073 1987 1153 Aua.

409 1150 464 1231 sit,
484 1153 533 1218 sed
554 1154 740 1233 intelligitur
760 1153 899 1216 intentio
925 1148 1088 1224 virtualis,
1108 1171 1181 1224 qua·
1210 1141 1263 1209 sib.
1276 1146 1494 1218 ,manumend
1515 1167 1530 1213 c
1569 1194 1576 1209 .
1600 1163 1649 1227 13.
1670 1150 1739 1228 quia
1762 1152 1855 1218 iuxta
1875 1154 1989 1221 tritum

409 1252 502 1300 tenue
527 1253 579 1311 per
609 1232 628 1294 si
653 1232 860 1297 ‘isicationem
887 1224 996 1296 ,salsam
1020 1230 1181 1295 moraliter
1215 1227 1353 1299 axioma.
1370 1248 1429 1289 non
1443 1224 1517 1308 siena
1528 1166 1672 1310 licitiae
1687 1232 1788 1309 mela,
1808 1231 1990 1304 civeniae

409 1313 550 1380 censetur
566 1333 605 1375 eii
622 1254 670 1378 l?
666 1313 798 1377 ordinari
817 1309 854 1373 ad
867 1304 1057 1373 saliendum.
1212 1302 1302 1368 bana·
1325 1303 1415 1369 Unde
1433 1311 1569 1385 graviter
1591 1328 1721 1388 peccaut
1743 1313 1879 1390 theologi
1905 1361 1915 1389 ,
1938 1331 1989 1379 ca·

299 1400 419 1455 nivii..
451 1396 647 1459 Mendaeum
666 1392 830 1468 tripliciter
854 1385 940 1452 aiiii„
962 1393 1071 1467 uitur,
1094 1389 1180 1455 viae
1214 1382 1333 1458 suilla.
1354 1385 1539 1467 legisperiti,
1562 1391 1671 1454 medici
1686 1439 1695 1468 ‚
1713 1389 1864 1457 similesve
1879 1395 1931 1471 aui
1953 1397 1984 1460 in

270 1467 378 1541 nenda.
412 1472 788 1540 picet1,jnmend2cium
810 1410 1179 1548 perniciol'um,quodal·
1214 1470 1345 1530 materia
1365 1464 1459 1559 fidei,
1478 1469 1530 1532 vel
1555 1490 1675 1533 morum
1714 1474 1791 1535 item
1815 1469 1984 1542 inraciona-

268 1542 321 1584 ei.
410 1559 471 1620 mi
490 1572 602 1631 nocet,
621 1569 695 1629 puta
714 1553 865 1628 cum'qu'is
886 1549 976 1612 alicui
995 1546 1101 1614 falsum
1120 1554 1180 1614 cri·
1214 1563 1316 1639 tores,
1334 1567 1385 1638 qui
1408 1544 1517 1611 ansuis
1541 1519 1735 1615 concionissus
1760 1546 1836 1617 falia
1863 1572 1981 1619 annun·

407 1656 479 1699 men
500 1638 654 1711 imputat,
675 1634 725 1696 vel
750 1652 820 1696 euni
843 1630 958 1708 decipit
978 1632 1010 1692 in
1026 1651 1179 1694 coinuier·
1212 1634 1297 1719 ciant
1315 1626 1486 1705 miracula,
1504 1628 1586 1692 fidas
1606 1629 1837 1711 indulgentias,
1858 1652 1914 1698 aut
1935 1653 1981 1698 re·

407 1718 476 1792 tio;
489 1733 520 1775 a.
542 1709 750 1789 inmensum,
781 1709 860 1789 quod
880 1708 993 1773 dicitur
1013 1708 1104 1773 lolius
1122 1712 1178 1774 nb·
1213 1706 1342 1783 liquias,
1363 1726 1434 1788 iiam
1450 1710 1497 1772 ita
1519 1708 1651 1774 ludibrio
1665 1730 1825 1788 exponunt
1843 1712 1980 1793 Religio·

322 1841 328 1852 .
408 1793 578 1858 ledationis
599 1796 729 1872 propriae
747 1796 863 1868 gratia,
884 1805 958 1864 puta
973 1786 995 1854 si
1012 1792 1077 1865 quia
1090 1809 1178 1857 mcii·
1214 1804 1303 1862 neni,
1322 1783 1443 1861 eiusque
1466 1785 1591 1866 saudim·
1608 1788 1644 1855 dt
1668 1791 1811 1874 indecem
1830 1790 1876 1856 est
1904 1814 1982 1869 pre·

408 1878 506 1937 tiator
527 1870 557 1936 se
578 1872 684 1936 vidisie
703 1871 859 1940 hominem
876 1867 940 1936 fine
955 1871 1079 1946 capite;
1100 1883 1129 1950 3.
1146 1872 1176 1930 in
1212 1884 1320 1957 eonem
1348 1869 1521 1944 veritatis,
1554 1872 1603 1945 qui
1632 1870 1711 1947 gerit
1737 1871 1981 1951 eaceschiiiia,

407 1950 594 2028 officiosum,
609 1971 673 2028 quo
695 1949 809 2014 bouum
829 1948 918 2012 alicui
948 1965 1101 2026 curatur,
1123 1949 1175 2012 vel
1214 1941 1324 2031 quiesi
1345 1941 1460 2009 summa
1482 1952 1624 2026 veritas,
1644 1947 1709 2013 fieri
1731 1951 1903 2015 ministrum
1925 1948 1982 2016 fal·

406 2032 493 2095 nobie
508 2029 570 2094 siue
587 2030 711 2102 alteriue
735 2032 871 2107 iniuria,
887 2042 923 2090 ur
943 2030 1085 2093 mentirae
1105 2029 1174 2092 i'unt
1212 2025 1333 2086 litatis:
1355 2018 1449 2087 scelus
1468 2026 1648 2092 damnatum
1676 2049 1693 2091 a
1717 2031 1747 2092 S.
1772 2033 1850 2108 Aue.
1874 2028 1922 2095 li'b.
1944 2033 1982 2099 de

406 2110 625 2197 AEgyptiorum
641 2108 837 2186 obstetrices,
857 2123 894 2171 ut
914 2103 1083 2170 infantulos
1108 2106 1173 2173 He·
1211 2102 1307 2167 mend
1326 2120 1388 2182 cap.
1408 2122 1458 2165 ai.
1486 2123 1520 2168 ut
1545 2112 1629 2171 omni
1659 2108 1721 2174 alio
1748 2110 1980 2176 detestabilius.

402 2190 555 2256 braeorum
584 2188 772 2266 servarent,
799 2187 835 2255 dt
861 2185 948 2253 Raab
973 2204 1010 2255 ¹ut
1037 2184 1175 2255 salvaret
1210 2181 1437 2263 Tourncleius,
1456 2186 1675 2252 Antoinecum
1691 2189 1776 2254 aliis.

401 2271 633 2347 exploratores.
785 2297 789 2306 *
1248 2263 1345 2331 Porro
1373 2284 1434 2327 uon
1456 2265 1541 2330 secus
1565 2265 1723 2333 dicendum
1750 2269 1788 2335 de
1814 2266 1977 2342 simulatio·
1994 2266 2022 2319 ι*

279 2352 390 2430 {dudio
445 2352 642 2415 Mendacium
670 2349 880 2426 quodcumque
906 2345 944 2412 sit
964 2392 973 2422 ,
998 2361 1110 2423 utpote
1129 2348 1174 2410 iu·
1210 2360 1248 2406 ue
1260 2390 1270 2421 ,
1290 2341 1456 2424 hypocrisi,
1476 2345 1670 2424 adulatione,
1688 2349 1720 2414 δι
1738 2350 1906 2430 iaetantia,
1927 2375 1976 2421 ut·
1987 2394 2022 2446 Μ

263 2413 390 2470 Μιω
407 2428 536 2495 trinsece
555 2431 693 2506 malum,
712 2426 826 2503 semper
845 2423 895 2489 'eli
917 2443 1074 2503 peecatum
1086 2459 1105 2503 ,-
1120 2445 1172 2489 ve·
1210 2435 1280 2495 pote
1300 2442 1369 2499 quae
1387 2441 1478 2501 vere,
1496 2423 1532 2490 dt
1553 2429 1671 2503 proprie
1687 2431 1848 2495 mendacia
1868 2430 1928 2497 siut
1944 2440 1973 2502 in
1987 2458 2022 2507 uri

262 2496 351 2609 ξρω
406 2511 488 2575 niale
510 2506 740 2596 quidem,sisit
759 2504 932 2581 simpliciter
948 2505 1172 2580 iocosum,vel
1209 2496 1312 2564 fido.
1337 2500 1420 2597 Nam
1448 2506 1640 2569 mendacium
1661 2506 1704 2571 eil
1725 2508 1845 2573 locutio
1867 2533 1942 2578 coiit
1987 2520 2022 2584 ιιι

263 2619 340 2661 tani.
403 2588 587 2663 officiosum,
610 2608 665 2650 nec
693 2585 864 2652 scandalum
893 2588 993 2661 pariat
1011 2632 1020 2659 ,
1040 2583 1174 2648 mortale
1208 2595 1372 2657 mentem,
1401 2581 1474 2645 idest
1493 2583 1646 2660 expressio
1675 2587 1899 2664 representans
1922 2593 1977 2658 ali·
2007 2583 2022 2635 ι

362 2685 366 2699 ·
404 2689 482 2735 vero
503 2670 522 2729 li
545 2669 744 2745 perniciosum
767 2664 959 2742 ,dummodo
988 2680 1091 2726 tamen
1119 2663 1174 2728 da·
1207 2659 1277 2735 quid
1297 2658 1516 2738 diversimode,
1539 2686 1576 2728 ac
1593 2667 1625 2728 in
1647 2670 1748 2732 animo
1767 2668 1807 2732 de
1822 2667 1888 2746 ipso
1913 2671 1977 2738 sen-

400 2769 505 2811 mnum
526 2745 562 2811 sir
585 2764 698 2825 grave,
718 2745 767 2808 vel
787 2742 903 2834 oc5asio
923 2744 1025 2822 gravia
1049 2742 1172 2807 scanda-
1207 2741 1328 2804 timus.
1349 2741 1425 2832 ‘Per
1457 2741 1645 2809 locutionem
1673 2766 1751 2811 vero
1787 2750 1975 2830 intelligitur

401 2828 443 2898 li.
466 2828 517 2892 lta
536 2826 742 2892 communiter
764 2840 875 2890 contra
895 2822 1172 2899 Platonem,0ri·
1208 2815 1329 2879 adluum
1348 2833 1539 2896 internorum
1564 2819 1774 2903 significatio,
1804 2824 1856 2893 seu
1881 2836 1973 2896 maui-
2014 2831 2017 2838 '

399 2920 525 2987 genem,
554 2905 589 2972 dt
608 2901 783 2969 Cassianum
805 2952 814 2979 ,
838 2902 982 2979 alioue,
1004 2903 1056 2979 qui
1082 2918 1174 2981 puta·
1206 2892 1330 2962 sestario
1349 2918 1404 2977 per
1424 2900 1582 2976 quaevissi
1603 2924 1642 2967 na
1664 2905 1784 2969 illorum
1801 2905 1973 2987 significati·

398 3005 474 3053 aunt
489 2985 682 3059 mendacium
700 2981 807 3051 saltem
828 2980 962 3049 iocosum
978 2980 1110 3072 liberum
1128 2979 1172 3047 es·
1208 2998 1265 3056 va,
1287 2975 1350 3072 sive
1366 2976 1424 3044 sint
1441 2980 1557 3075 uerba,
1578 2926 1641 3047 live
1652 2981 1730 3049 falla
1751 3006 1855 3068 nutu,
1873 2990 1954 3071 gello

398 3067 495 3132 leuia
520 3069 604 3132 omni
633 3066 756 3145 culpa,
784 3065 818 3132 ὰ
845 3062 1037 3139 Aristoteles
1059 3059 1110 3127 lii.
1141 3074 1171 3144 4'.
1207 3057 1257 3122 vel
1276 3059 1409 3135 scripto:
1432 3041 1972 3154 aitenim83laugustdt'btdenreul

393 3146 525 3214 fiditer.
549 3170 616 3227 cap.
634 3166 664 3236 7.
682 3147 756 3211 dicit
772 3145 964 3210 mendacium
983 3163 1038 3223 per
1060 3144 1092 3207 se
1107 3146 1172 3208 elle
1205 3154 1265 3216 cap·
1290 3153 1315 3216 3-
1333 3139 1558 3231 ¹llleuiiteiieieier
1577 3163 1628 3222 qiu
1648 3145 1736 3209 aliua
1754 3144 1840 3213 hebet
1861 3148 1894 3214 ιιι
1911 3152 1972 3216 ιιι·

291 3230 296 3239 ’
397 3229 511 3294 malum
531 3223 763 3306 vituperabile.
786 3225 827 3289 Bt
848 3243 956 3289 revera
975 3221 1171 3287 mendacium
1205 3236 1274 3289 ma,
1294 3218 1384 3283 aliud
1395 3239 1428 3283 ui
1442 3221 1561 3285 verbis.

396 3310 543 3375 continet
567 3310 602 3376 in
620 3305 649 3370 se
666 3305 948 3381 deordinatlonem,
964 3301 1171 3381 pervertendo
1246 3295 1338 3359 Unde
1354 3296 1507 3366 simulatio
1537 3305 1717 3367 iuremerito
1733 3306 1910 3373 recensetur
1930 3311 1972 3373 in·

398 3388 540 3456 naturale
572 3384 779 3460 institutum,
807 3381 962 3461 finemque
1005 3382 1171 3448 locutionis
1207 3392 1255 3440 ter
1275 3378 1458 3456 mendacia,
1485 3402 1555 3444 cum
1580 3403 1633 3459 per
1664 3381 1758 3459 ipsam
1786 3383 1866 3451 frelo
1895 3410 1976 3453 meu·

398 3478 436 3534 ad
453 3467 509 3533 lioc
533 3462 787 3531 intelledualibue
806 3467 956 3530 creaturis
974 3461 1172 3541 concessum,
1207 3456 1321 3520 tiamur
1349 3463 1542 3524 contrarium
1570 3464 1769 3538 exprimendo
1798 3464 1845 3534 ac.
1866 3466 1971 3547 signifi·

397 3565 434 3615 ιιι
454 3545 646 3613 adinvicem
671 3542 738 3609 suos
758 3562 925 3620 conceptue
946 3544 1171 3609 communicare
1205 3536 1305 3630 raudo
1317 3556 1358 3630 ‘ac
1376 3537 1521 3604 habemur
1538 3543 1570 3602 iii
1590 3560 1718 3617 mente,
1733 3563 1809 3619 puta
1829 3569 1901 3610 cum
1912 3552 1972 3623 qirie

397 3627 560 3706 valeant;
591 3627 705 3690 idcirco
726 3646 778 3702 per
798 3624 828 3690 se
848 3623 1002 3693 liibvertit
1029 3638 1171 3688 mutuam
1206 3631 1376 3680 amicitiam
1400 3638 1471 3699 erga
1496 3619 1631 3685 alterum
1662 3627 1801 3688 exterius
1826 3626 1973 3707 exhibet,

395 3730 469 3774 tum
488 3703 659 3773 horninibus
689 3707 1001 3769 communicationem
1020 3750 1029 3779 ,
1048 3700 1083 3767 dt
1115 3702 1170 3765 liu·
1204 3695 1276 3760 dum
1297 3715 1409 3761 contra
1430 3697 1521 3762 ilium
1540 3701 1612 3765 odio
1633 3703 1718 3765 intus
1743 3705 1830 3770 ardet
1852 3729 1864 3782 ,·
1888 3705 1922 3774 ἀ
1941 3705 1973 3771 li·

395 3806 496 3853 mana:
524 3785 679 3859 societatis
703 3788 948 3863 commercium,
980 3786 1171 3862 proximum·
1204 3775 1334 3840 mulatio
1352 3778 1398 3841 ιιι
1429 3772 1548 3856 sumpta
1578 3781 1621 3845 cll
1646 3780 1764 3863 semper
1792 3805 1973 3865 peccatum,

326 3892 338 3899 Ἀ
395 3887 456 3945 que
481 3867 624 3942 decipit,
658 3866 766 3937 Quare
801 3865 1014 3943 quodcumque
1044 3860 1170 3926 merida·
1204 3855 1337 3949 mortale
1366 3855 1517 3952 quidem,
1548 3861 1669 3936 ‘³1¹me
1687 3868 1846 3940 pmximus
1869 3866 1973 3944 dedii·

393 3950 477 4010 cium
496 3948 633 4012 vetitum
653 3943 696 4007 cst
726 3949 756 4006 iii
778 3945 893 4009 divinis
919 3944 1084 4019 Scripturia
1101 3989 1111 4018 ,
1131 3958 1171 4004 ut
1205 3951 1257 3999 tur
1274 3957 1305 3997 iii
1324 3955 1355 4000 ie
1372 3957 1480 4016 gravi3
1501 3939 1599 4016 porell
1616 3960 1721 4005 autem
1743 3947 1889 4016 immunis
1917 3943 1973 4011 else

393 4021 593 4091 Ecclesiastiei
619 4042 645 4118 7.
668 4023 814 4094 Proucrb.
843 4039 892 4111 ις.
914 4042 1034 4088 necnon
1064 4018 1170 4085 Colos·
1205 4013 1242 4078 ab
1257 4019 1341 4080 omni
1361 4017 1417 4081 cul
1441 4038 1459 4080 a
1484 4023 1581 4084 etiam
1605 4022 1744 4101 veniali,
1765 4025 1890 4101 quaudo
1914 4027 1972 4090 hee

391 4100 475 4167 seni·
489 4118 519 4184 3.
553 4101 626 4167 Dixi
655 4103 850 4168 mendacium
877 4097 1078 4180 perniciosum
1107 4098 1170 4164 esic
1203 4093 1259 4188 θαι
1280 4039 1455 4190 exercendo
1467 4099 1547 4173 quod
1571 4105 1728 4179 proprium
1758 4106 1911 4182 importat
1930 4103 1974 4170 ol·

395 4183 539 4248 lethalem
555 4181 697 4260 culpam,
717 4186 788 4258 quia
809 4182 924 4249 bonum
945 4181 1098 4258 proximi,
1116 4179 1167 4243 vel
1204 4174 1330 4254 ficium,
1350 4175 1400 4240 vel
1416 4175 1517 4253 aliqua
1532 4179 1767 4247 circumstantia
1778 4232 1788 4263 ,
1805 4183 1894 4250 sicuti
1910 4205 1974 4250 cum

393 4264 542 4333 lionorem
572 4262 630 4326 Dei
664 4267 804 4341 grauiter
835 4262 921 4328 laedit
953 4310 963 4338 ,
993 4276 1048 4324 aut
1076 4280 1170 4339 grave
1204 4251 1290 4319 losue
1310 4256 1374 4318 dux
1395 4252 1489 4320 lsrael
1506 4262 1538 4320 in
1557 4258 1639 4323 bello
1656 4261 1693 4322 ad
1720 4263 1891 4329 militarem
1910 4285 1974 4342 pio·

393 4340 571 4416 scandalum
588 4345 683 4416 parit.
705 4340 823 4407 ldcirco
843 4342 991 4407 charitati
1011 4339 1088 4414 Dei,
1115 4356 1169 4403 aut
1205 4329 1316 4398 sedium
1331 4338 1574 4412 comparandum
1593 4339 1713 4418 decepit
1730 4342 1976 4410 habitatorerur·

391 4425 526 4508 proximi
549 4421 748 4500 ,ueletiam
774 4417 982 4500 iullitiae‚&
1014 4419 1166 4501 Religioni
1202 4412 1247 4477 bis
1266 4414 1329 4479 Hai
1359 4413 1535 4481 fimulando.
1556 4437 1699 4499 metum,
1720 4416 1756 4488 dt
1789 4419 1912 4504 fugam.
1933 4421 1977 4489 Ita

389 4505 530 4568 'raviter
556 4519 703 4579 repugnat
724 4523 732 4566 e
755 4501 960 4567 huiuscemodi
990 4496 1059 4565 sunt
1084 4518 1168 4562 meu·
1204 4513 1277 4559 vere
1296 4495 1487 4560 uiendacium
1503 4494 1546 4561 est
1574 4497 1758 4582 hypocrisis,
1778 4523 1837 4579 qua
1860 4504 1976 4581 verbis,

411 4582 479 4648 acia
492 4583 616 4657 omnia,
635 4602 703 4658 qua.
725 4577 925 4646 adversantur
945 4579 1029 4645 Fidei
1050 4625 1061 4657 ,
1081 4577 1168 4642 Reli·
1203 4573 1254 4639 vel
1275 4571 1385 4653 sedile,
1404 4572 1456 4640 seu
1479 4578 1614 4655 utrisque
1634 4577 1723 4658 simul
1741 4583 1811 4659 quia
1839 4587 1973 4651 exterius

343 4702 346 4711 ·
390 4661 475 4746 gioui
488 4706 499 4740 ,
512 4660 565 4727 vel
586 4660 673 4725 bouis
703 4659 857 4738 motibus,
878 4663 909 4722 in
930 4659 1065 4734 iudicio,
1084 4657 1168 4721 telli-
1204 4650 1398 4720 senelitatem
1418 4654 1530 4736 fingit,
1544 4679 1640 4736 quam
1659 4656 1756 4738 reipsa
1776 4681 1841 4727 non
1861 4664 1973 4730 habet.

388 4740 525 4818 maniis,
545 4743 746 4817 iuramentis,
765 4737 990 4815 conuallibus,
1005 4735 1168 4802 detradlio·
1203 4734 1243 4800 Et
1262 4734 1504 4813 laceraverit
1521 4737 1623 4816 culpa,
1642 4741 1766 4816 quando
1781 4746 1852 4819 quir
1870 4741 1973 4812 sandi·

392 4841 433 4886 ne
481 4823 549 4885 ravi
571 4868 580 4913 3
606 4819 667 4884 &e
699 4819 845 4885 Habetur
872 4823 956 4882 enim
977 4818 1047 4896 Sap.
1068 4837 1105 4879 ι.
1128 4820 1167 4889 οι
1202 4829 1301 4880 tatem
1322 4813 1465 4894 simulat,
1485 4834 1519 4879 ut
1538 4812 1644 4882 salsam
1660 4817 1830 4886 dodrinam
1846 4824 1972 4905 disserui·

393 4923 411 4980 q
487 4910 631 4964 mentitio
643 4898 745 4963 occidit
770 4897 905 4962 animem
923 4945 934 4976 ,
954 4895 987 4962 dc
1007 4894 1115 4976 Psalm.
1137 4916 1165 4977 5.
1203 4912 1281 4972 net,
1302 4912 1357 4959 aut
1380 4892 1562 4973 adipiscatur
1581 4896 1816 4966 ecclefiassicam
1841 4900 1971 4985 dignita·

395 4979 503 5048 Perdes
524 4980 688 5056 omnesqui
708 4979 869 5057 ιοιιιιιιιιιιι
888 4977 1093 5042 mendacium.
1205 4991 1269 5038 tem
1288 4974 1448 5054 indiguus,
1469 4991 1523 5039 aut
1550 4996 1750 5057 quarcuuiqiie
1770 4982 1833 5048 alia
1857 5003 1974 5065 tempo·

255 5046 381 5181 'um
431 5059 517 5171 ¹Cum
544 5076 622 5126 vero
646 5060 743 5180 etiam
772 5056 963 5125 mendacium
990 5058 1167 5137 puteioco·
1202 5052 1377 5123 raliabooa
1394 5057 1460 5174 ,ιιι
1478 5052 1585 5135 ιυῦῑΰ
1601 5057 1703 5125 -Μ
1722 5057 1930 5214 stltultffl
1943 5061 1970 5129 Si

1859 5348 1880 5384 δ

961 5400 985 5435 a.
