4425 6000
609 528 1494 636 TricoriiCourtrcs.crr.vl.
1703 555 1779 634 atq

259 637 414 713 inquirat,
435 631 644 697 Nihilominus
668 650 771 694 tamen
797 631 817 690 h
843 628 893 694 hie
913 646 1026 696 merca·
1053 630 1121 695 'hoc
1142 631 1277 695 vetitum
1302 626 1338 693 lit
1359 633 1391 696 in
1412 633 1484 696 iure
1510 629 1582 710 Leg.
1613 628 1661 696 28.
1692 633 1759 698 end.
1789 628 1828 720 de

258 736 306 784 tor
326 717 405 778 ellet
425 717 599 780 incivitate
614 710 803 783 mercantill,
827 725 861 769 tit
879 701 948 770 suut
966 726 1031 771 ma·
1064 708 1177 776 iiluris.
1800 763 1804 770 ,
2001 779 2008 788 ,

256 800 394 871 titianae,
415 811 489 869 puta
511 790 610 874 Ulyffi
632 813 720 870 oiiae,
748 790 886 850 Venetiae
901 785 1029 856 &nubi
1102 783 1412 855 uimnunsimtuur
1433 806 1588 870 emergens
1619 808 1706 865 aeque
1726 809 1762 854 ac
1782 787 1832 858 liii
1923 811 1925 816 ·

257 879 300 946 ira
318 877 436 939 necetle
456 874 518 948 ell,
535 891 570 937 nt
588 814 683 937 adum
702 871 752 945 qiii
771 883 909 942 prompte
918 884 1029 953 muruq
1063 887 1149 945 crum
1167 867 1282 952 cellatis
1302 915 1311 946 ,
1337 865 1379 932 est
1401 867 1495 932 iiilbis
1515 871 1624 938 titulus
1646 925 1649 933 .
1677 889 1770 946 quaro
1796 871 1830 948 iii

257 960 330 1032 dent
350 952 570 1019 mercatoribus
589 952 663 1018 illud
685 951 928 1026 inquirentibus,
951 961 985 1008 ut
1009 951 1030 1008 li
1064 964 1174 1016 mutuo
1189 951 1250 1012 line
1266 946 1330 1012 ullo
1345 943 1441 1018 usurae
1462 952 1542 1014 uitio
1571 946 1677 1026 pacisci
1709 947 1797 1034 poll'ir
1816 951 1831 1038 J,

256 1035 330 1108 delit
349 1057 366 1098 a
386 1054 446 1111 quo
465 1033 501 1098 de
517 1033 565 1095 die
585 1035 616 1092 in
636 1030 715 1093 diem
732 1030 872 1094 invenire
891 1043 1030 1104 queant,
1065 1044 1098 1090 ut
1116 1045 1321 1092 mutuatarius
1342 1027 1830 1110 tencaturinutuaritialiquidlu·

257 1137 310 1193 pro
331 1115 390 1180 luis
407 1110 624 1185 solutionibus,
646 1108 753 1186 quibus
769 1125 831 1170 nun
850 1108 938 1170 datur
950 1107 1028 1179 apud
1065 1126 1118 1180 pta
1146 1111 1257 1172 lortem
1288 1106 1450 1182 tribuere,
1486 1113 1556 1188 quia
1586 1117 1728 1184 damnum
1752 1107 1799 1171 illi

257 1195 334 1270 ipl'os
354 1214 456 1268 mora,
475 1211 568 1272 grave
584 1190 729 1251 damnum
745 1206 784 1249 eat
800 1186 855 1247 hoc
872 1202 1029 1271 pateretur
1063 1193 1240 1261 emergetis,
1261 1190 1341 1264 quud
1357 1205 1501 1256 mutuans
1517 1191 1596 1258 subit
1621 1193 1655 1252 in
1672 1186 1811 1255 favorem

256 1275 376 1338 Civitas
395 1322 403 1350 ,
420 1273 454 1338 dt
475 1274 523 1335 hic
544 1274 646 1333 animo
672 1285 743 1332 vere
773 1266 884 1328 liberali
911 1271 1029 1342 grarih·
1064 1267 1096 1328 bt
1128 1268 1321 1330 commodum
1349 1271 1529 1338 niutuatarii
1559 1270 1720 1340 {erundum
1741 1264 1770 1332 se
1786 1275 1819 1342 'e¹

256 1355 342 1419 tandi
361 1357 394 1415 in
415 1351 492 1418 hil'ce
509 1350 688 1423 eventibus,
711 1366 765 1409 nec
789 1346 863 1408 alias
894 1363 928 1406 ur
948 1364 1029 1409 eum·
1066 1349 1165 1421 pretio
1191 1343 1393 1430 aellrmabile,
1419 1346 1554 1431 adeoque
1577 1369 1722 1422 ruiiruaiis
1739 1348 1832 1418 licitu

257 1433 394 1510 modius,
419 1428 608 1506 secruinl'que
637 1429 694 1492 tali
721 1424 811 1488 niodo
830 1423 1030 1500 lucraretur,
1065 1425 1171 1498 picilci
1193 1427 1319 1504 riute-ll,
1344 1423 1379 1494 dt
1404 1435 1539 1514 accipere
1561 1429 1674 1505 aliquid
1704 1449 1757 1503 pto
1775 1425 1833 1496 tali

259 1512 306 1577 l'ed
328 1531 403 1574 vere
423 1511 536 1574 liberali
559 1504 751 1587 gratificandi
781 1503 922 1584 gravibus
954 1506 1028 1589 alio·
1063 1499 1421 1574 damnoatuuruatario
1443 1509 1492 1576 libi
1505 1507 1832 1588 cunipenland05narri

259 1613 325 1656 rum
347 1595 570 1667 negotiantium
594 1588 766 1663 indigentiis
790 1633 798 1660 ‚
824 1584 857 1648 ἀ
886 1583 925 1643 ob
956 1579 1029 1646 aile-
1063 1581 1191 1658 quilibet
1212 1583 1256 1646 r'us
1278 1585 1368 1662 haber
1391 1586 1676 1664 vitandidamiium,
1696 1583 1833 1658 &nemo

258 1671 391 1744 llionem
412 1671 530 1747 publico
556 1670 636 1733 bono
661 1668 894 1752 negotiationis,
922 1661 956 1730 dt
977 1681 1029 1726 tie·
1066 1681 1190 1730 terretur
1204 1684 1274 1727 cuin
1290 1666 1410 1750 proprio
1430 1667 1542 1732 damno
1551 1663 1833 1760 alteribencficiutq'

258 1754 463 1831 tonantium,
481 1754 630 1828 praetipue
647 1745 668 1808 li
678 1745 750 1830 ralis
764 1749 839 1808 ellet
851 1747 898 1808 hie
913 1763 1029 1814 merca·
1065 1739 1225 1821 praeliare,
1246 1751 1299 1810 iiiii
1315 1749 1339 1808 is
1360 1745 1403 1810 lit.
1418 1749 1449 1808 in
1467 1748 1522 1810 tali
1553 1746 1752 1821 tietessitue,
1780 1763 1832 1818 cul

260 1850 329 1909 tor,
349 1849 384 1895 ut
405 1826 591 1907 frequentius
620 1831 657 1892 acl
680 1833 778 1902 iptiini
798 1839 956 1890 recurrere
983 1833 1029 1890 lo·
1066 1840 1225 1905 teneamur
1245 1845 1283 1886 ex
1306 1824 1462 1894 charitate
1490 1848 1560 1892 cum
1592 1827 1646 1894 tali
1668 1827 1781 1898 damno
1796 1827 1831 1890 ei

263 1910 363 1976 letent
384 1913 434 1976 alii
457 1928 642 1974 mercatores
658 1909 695 1970 ad
716 1906 791 1969 talia
809 1922 913 1970 mutua
935 1906 1029 1978 inqui·
1064 1899 1243 1966 lubreiii're.
1271 1905 1309 1966 Er
1330 1907 1375 1968 ita
1402 1897 1491 1971 docet
1508 1910 1604 1973 eriam
1629 1906 1668 1974 Ι).
1693 1907 1830 1974 Thomu·

260 1992 373 2066 tenda,
388 1991 461 2053 mihi
485 1990 605 2054 videtur
625 1988 706 2064 quod
723 1990 753 2047 iri
772 1985 882 2048 talibiis
902 1988 1031 2047 circum·
1064 1998 1092 2040 2.
1114 2000 1144 2040 a.
1166 1985 1262 2062 qiiaest.
1285 2002 1333 2064 27·
1350 1997 1409 2070 aaa.
1431 2004 1460 2048 a.
1486 1987 1528 2050 ad
1552 2009 1577 2051 ι.
1607 1991 1662 2060 lile
1685 1987 1747 2066 qiu'.
1765 1987 1833 2055 urii·¹

260 2068 458 2134 llanriisnon
479 2073 589 2134 illicite
608 2087 729 2154 erigere
754 2073 851 2141 pollet
873 2070 904 2128 dt
936 2067 1029 2138 perci·
1064 2072 1148 2124 taurii
1169 2061 1218 2127 ilat
1238 2060 1440 2154 polelabsque
1456 2084 1569 2147 peccato
1593 2071 1625 2134 i„
1647 2075 1764 2147 pappum
1780 2064 1830 2132 ά.

263 2168 335 2226 pere
356 2152 588 2227 lucrum-lupia
616 2151 728 2210 lortem
758 2145 932 2214 extalibus
964 2166 1029 2207 mu·
1063 2139 1277 2286 dacerrcoiaqe
1309 2158 1437 2210 ationem
1456 2147 1559 2212 dimi
1579 2195 1588 2224 ,
1603 2167 1656 2227 per
1675 2144 1782 2227 qaods
1818 2149 1833 2230 j·

259 2232 345 2299 tuis.
360 2234 440 2306 quod
465 2232 671 2294 communiter
692 2243 830 2290 curreret
854 2224 931 2299 apud
953 2244 1030 2287 mer·
1065 2221 1196 2284 trabitur
1211 2235 1236 2303 si
1255 2225 1266 2284 i
1286 2227 1494 2304 aliquidquid
1512 2228 1596 2292 delet
1615 2227 1740 2294 baleae:
1760 2246 1832 2291 iiam

259 2325 386 2374 catores
407 2309 489 2373 illius
508 2307 583 2388 sori,
599 2313 668 2386 quia
690 2306 739 2369 hic
760 2324 823 2367 non
840 2305 944 2368 mallet
965 2325 1030 2390 iuti·
1063 2300 1115 2364 boc
1135 2324 1191 2370 iton
1204 2305 1242 2383 csl
1260 2306 1388 2369 uuidere
1408 2305 1492 2386 ahin
1519 2310 1679 2387 pecaniae,
1703 2306 1758 2386 [td
1776 2303 1833 2370 da·

259 2402 371 2465 tuate,
391 2389 1030 2467 quainnegotiari3linoniutuumvereel·
1063 2402 1168 2446 muum
1193 2398 1293 2448 vilare
1314 2409 1325 2461 ,·
1349 2387 1382 2450 δι
1412 2390 1455 2450 ell
1482 2394 1667 2452 communis.
1698 2386 1834 2468 Pullulat

261 2463 306 2531 set
327 2472 447 2546 cautla,
466 2491 519 2533 cur
538 2490 600 2534 non
629 2470 840 2543 negotiaretur
861 2514 870 2543 ,
898 2487 934 2530 ac
956 2464 1029 2535 ideo
1063 2481 1149 2546 euim
1165 2470 1362 2543 aeqiiiras,ut
1381 2466 1483 2543 liquis
1502 2470 1588 2531 rebus
1610 2470 1736 2535 alterius
1758 2487 1830 2534 con·

182 2615 188 2629 ,
256 2567 381 2611 .caretet
398 2549 504 2627 lucto,
525 2549 605 2625 quod
626 2549 812 2624 negotiando
833 2551 999 2623 perciperet
1019 2589 1037 2611 .,
1064 2541 1168 2617 lulat,
1189 2547 1242 2607 ille
1261 2546 1387 2610 vicissim
1409 2549 1606 2615 indemnitati
1623 2545 1833 2623 eiul'dempro·

177 2614 248 2665 ΗΝ(
302 2627 332 2690 Si
354 2646 458 2692 autern
478 2631 685 2694 mutuatarius
707 2622 1029 2705 auelatiuiuptoruise·
1064 2624 1195 2702 videat,
1214 2624 1293 2700 quod
1314 2649 1375 2689 nun
1394 2646 1617 2706 contingeret,
1646 2627 1833 2695 lidamiiutri

177 2693 306 2794 {³2:1st
326 2729 380 2784 pro
399 2708 508 2771 damno
526 2708 721 2787 probabiliter
746 2724 924 2783 eventuru,
950 2708 1028 2779 quod
1063 2701 1141 2785 quod
1163 2705 1292 2794 alterius
1306 2705 1483 2782 caullaquis
1497 2726 1670 2783 pareretur,
1688 2725 1833 2788 percoma

177 2804 366 2858 tutotramen
395 2809 504 2854 revera
528 2809 589 2852 noti
617 2793 787 2862 evenerit,
815 2806 877 2848 non
907 2805 1029 2850 tenerur
1065 2787 1272 2860 pernitionem
1288 2791 1317 2847 ei
1340 2806 1401 2848 tion
1423 2788 1638 2856 relarcitetur.

260 2872 469 2933 mutuatarius
492 2868 659 2932 eustatium
676 2869 767 2930 illud·
782 2867 929 2943 toliere,
959 2869 1029 2941 quia
1103 2862 1151 2930 lid
1173 2862 1229 2947 hoe
1251 2884 1324 2928 veto
1342 2882 1378 2928 ut
1398 2883 1559 2929 mutuatur
1576 2865 1674 2942 iiille,
1695 2864 1730 2934 dt
1747 2865 1832 2938 licite

260 2946 603 3014 murriano-autharium
632 2949 754 3027 exigere
779 2949 886 3022 nequir
910 2944 965 3008 nili
992 2945 1031 3030 ad
1064 2939 1176 3015 aliquid
1196 2938 1284 3018 lupia
1301 2944 1470 3032 ritatem-ob
1492 2963 1636 3015 mutuum
1656 2946 1761 3017 darum
1784 2964 1832 3015 ta·

258 3026 348 3092 suain
370 3029 622 3106 indemnitatem,
641 3031 689 3092 cui
711 3027 885 3097 nullatcnus
901 3045 975 3102 opus
986 3028 1027 3089 eli
1065 3025 1151 3084 tione
1172 3022 1259 3087 huius
1282 3025 1384 3089 damni
1415 3025 1466 3088 libi
1489 3030 1672 3113 emergentis
1695 3029 1832 3105 accipere

261 3108 425 3184 providere
449 3110 568 3184 quando
587 3111 731 3172 damnum
753 3105 790 3170 de
810 3106 890 3172 fatto
918 3126 980 3169 non
996 3126 1029 3168 e·
1064 3097 1181 3179 aolfu,
1211 3121 1273 3165 tres
1293 3106 1443 3183 praecipue
1465 3110 1663 3181 requiruntur
1681 3107 1833 3173 conditio·

262 3190 371 3252 venir.
394 3189 441 3251 lta
458 3190 603 3273 Sylvius,
619 3192 750 3266 Pontis,
771 3188 804 3252 bt
829 3188 902 3252 alii.
930 3186 1028 3251 Docet
1064 3201 1139 3243 urs.
1159 3180 1262 3273 ¹1.Ut
1284 3202 1425 3251 mutuum
1450 3205 1558 3254 revera
1577 3189 1681 3251 cautla
1700 3184 1738 3250 sit
1759 3186 1832 3269 talia

255 3283 368 3331 tamen
384 3270 489 3333 audlur
509 3270 693 3345 Collationis
714 3267 881 3334 Pariliensis
903 3285 977 3332 tom.
1001 3287 1028 3329 a.
1063 3260 1166 3323 damni
1181 3269 1384 3344 emergentis,
1400 3282 1551 3340 quatenus
1567 3286 1605 3329 ex
1626 3266 1690 3333 tali
1707 3285 1834 3331 mutua·

261 3345 313 3432 lib
338 3351 365 3409 6.
390 3372 454 3428 pag.
475 3353 544 3429 263.
572 3346 691 3425 quodsi
716 3354 923 3414 mutuatarius
948 3351 1029 3421 paci·
1064 3347 1149 3403 tione
1169 3344 1397 3420 lequaturquod
1407 3363 1572 3422 mutuans,
1587 3349 1636 3420 qui
1655 3345 1757 3424 dedit,
1781 3344 1833 3423 rel

261 3426 302 3489 ici
329 3427 407 3493 velit
431 3452 502 3493 cum
531 3446 694 3493 mutuante
719 3432 863 3493 decerta
893 3447 1029 3505 pecuniae
1063 3421 1115 3485 dat
1138 3442 1298 3499 mutuum,
1320 3445 1381 3488 riori
1409 3423 1496 3501 potiit
1522 3425 1579 3489 hoc
1607 3428 1753 3503 damnum
1778 3422 1833 3499 fibi

258 3503 397 3584 lumina,
422 3513 452 3572 vi
474 3514 563 3575 cuius
593 3509 670 3571 velit
691 3509 772 3583 quali
790 3510 937 3573 redimere
954 3512 1028 3584 peri·
1062 3504 1225 3589 imminens
1247 3525 1406 3583 reparare,
1424 3502 1563 3569 uilicum
1580 3510 1688 3571 maiori
1709 3507 1832 3586 damno,

258 3586 362 3649 culum
385 3587 556 3664 probabile,
577 3586 609 3652 δε
628 3609 689 3649 non
707 3587 1030 3663 expediareeventum,
1065 3584 1113 3643 vel
1137 3586 1188 3645 lua
1211 3585 1303 3650 vilius
1326 3585 1512 3673 tendendo,
1544 3587 1592 3648 vel
1613 3587 1713 3657 aliena
1732 3589 1832 3663 carim

257 3663 318 3730 hoc
338 3667 566 3745 ljcjtun,<sset3
588 3667 666 3730 unde
686 3666 707 3728 fi
730 3667 848 3729 nullum
868 3668 1030 3742 postem.
1062 3665 1208 3726 eititndo.
1240 3666 1364 3729 Eteniiu
1388 3667 1409 3725 h
1431 3667 1701 3729 mutuatotaliam
1721 3682 1832 3737 ¹teneat

249 3765 366 3808 annum
383 3751 525 3825 eveniar,
544 3750 657 3824 poterit
674 3745 869 3809 nihilominus
886 3764 1029 3810 mutuans
1064 3745 1202 3823 pecuniis
1220 3743 1364 3809 lumniam
1384 3791 1392 3820 ‚
1414 3765 1470 3818 qua
1493 3747 1555 3809 tale
1584 3743 1727 3815 damnum
1745 3764 1833 3821 repa,-

249 3822 426 3887 audiariiim
442 3829 583 3904 exigere,
603 3824 750 3891 videlicet
767 3829 888 3889 tatione
916 3829 1018 3901 pericu
1062 3839 1131 3904 {are
1152 3823 1278 3902 valeat,
1294 3824 1328 3891 dt
1348 3825 1518 3900 impedire,
1548 3827 1701 3900 praecipue
1722 3820 1831 3899 absque

248 3903 279 3965 ·li
297 3907 347 3965 cui
366 3901 425 3966 fuit
442 3903 608 3982 l'iibicdlus,
627 3905 706 3980 quod
729 3907 847 3981 quidem
864 3906 1030 3980 periculum
1060 3898 1116 3963 luo
1134 3903 1263 3971 nutabili
1291 3903 1510 3980 incommodo,
1537 3903 1659 3971 caderet
1676 3906 1832 3977 motivum

253 3980 300 4044 ell
319 3986 417 4056 pretio
438 3984 630 4049 aellimabrle.
652 3984 1029 4060 Etruriidemconrtadlus
1062 3977 1164 4042 damni
1189 4004 1229 4045 ex
1252 4003 1360 4049 mutuo
1388 3986 1602 4061 emergentia,
1638 4006 1676 4055 ae
1705 3982 1833 4069 proinde

257 4061 386 4138 legitimi
408 4060 498 4142 sunt,
522 4069 553 4128 in
582 4063 689 4142 quibus
710 4064 927 4128 contrahentes
947 4087 1029 4149 com·
1062 4057 1141 4125 hanc
1158 4065 1435 4139 rumpenl'arionem
1465 4083 1482 4125 a
1505 4067 1700 4129 mutuatario
1729 4065 1833 4141 exige·

257 4140 369 4225 modo,
384 4142 418 4207 ἃ
434 4146 546 4209 damno
563 4145 591 4210 sc
611 4163 789 4223 exponunt,
806 4165 839 4208 ur
863 4146 897 4206 lit
910 4149 941 4207 in
958 4145 1046 4207 calu·
1063 4161 1095 4202 re
1113 4162 1177 4224 ¹riou
1197 4145 1292 4218 pollet
1311 4192 1330 4223 ,¹
1344 4145 1414 4206 dum
1431 4164 1537 4209 revera
1558 4163 1701 4212 murnum
1722 4145 1752 4205 in
1773 4140 1833 4221 tali·

253 4221 421 4300 praelenti,
442 4228 473 4287 in
499 4246 559 4300 quo
579 4230 676 4289 eriam
701 4245 845 4289 mutuans
869 4229 1029 4288 commodo
1062 4224 1132 4283 calu
1153 4226 1299 4287 nonellet
1317 4224 1550 4291 caulladanini.
1572 4241 1602 4310 a..
1618 4221 1662 4287 Ut
1684 4223 1833 4291 habeatur

251 4320 346 4376 aeque
370 4324 405 4365 ac
423 4304 533 4368 damno
551 4304 579 4369 l'e
597 4310 747 4381 exponit;
769 4307 849 4368 unde
869 4304 902 4372 dt
921 4309 1028 4369 lucrari
1063 4321 1152 4374 aequa
1172 4306 1252 4369 ratio
1269 4305 1390 4377 damni,
1406 4302 1440 4367 llt
1455 4305 1711 4376 compenlarionis
1731 4322 1829 4379 atriu,-¹

253 4381 377 4458 poteri,
398 4383 432 4448 dt
454 4386 593 4462 perdere,
614 4385 647 4451 ἃ
669 4385 1028 4460 simutuidamnuinpa·
1065 4384 1203 4445 tuatiri'o
1240 4383 1443 4460 praellandae,
1479 4403 1587 4456 nempe
1624 4401 1659 4448 tir
1691 4380 1830 4449 servetur

258 4464 377 4542 riatur,
398 4465 472 4527 nihil
490 4464 578 4536 ultra
603 4464 717 4541 patiam
739 4469 898 4541 pecuniam
926 4470 1028 4542 exige·
1062 4462 1253 4539 aequalitas,
1283 4483 1343 4527 non
1360 4461 1508 4542 exigendo
1534 4461 1622 4537 hipra
1643 4461 1754 4528 l'ottem
1774 4452 1833 4537 nili¹

240 4560 293 4603 ·re
315 4544 434 4621 porell:
454 4548 582 4620 pecunia
609 4563 712 4609 tamen
738 4545 822 4619 natta
843 4550 943 4610 minor
969 4548 1029 4609 elle.
1062 4548 1211 4614 quantum
1231 4561 1338 4608 revera
1359 4541 1401 4608 est
1418 4544 1584 4618 damnum,
1600 4545 1649 4607 vel
1667 4543 1769 4606 damni
1782 4561 1834 4616 pe,-

249 4619 368 4700 deber,
387 4646 458 4687 crim
474 4626 618 4687 damnum
638 4625 789 4701 probabile
806 4631 884 4690 tanti
914 4647 974 4689 nori
991 4625 1028 4688 lit
1063 4623 1207 4688 ticulum·
1231 4622 1313 4687 Nam
1333 4620 1354 4691 si
1370 4623 1514 4687 damnum
1534 4622 1608 4690 esset
1625 4628 1751 4691 omnino
1768 4638 1833 4683 cen·

179 4752 186 4768 .
247 4709 364 4776 quanti
386 4706 490 4769 reale.
510 4705 558 4770 Sic
579 4709 610 4768 Ρ.
638 4707 797 4779 Aritoine,
819 4706 939 4771 Toum.
958 4727 1029 4770 cum
1062 4720 1128 4767 tuiti
1153 4749 1162 4778 ,
1189 4721 1262 4778 puta
1280 4704 1362 4765 tanti
1389 4703 1528 4775 valoris,
1554 4707 1626 4778 quia
1649 4722 1689 4769 eir
1716 4719 1834 4773 mutuo

180 4767 340 4869 'pff-aliis.
1034 4782 1168 4865 ,.tlar0,
1196 4782 1242 4868 vel
1263 4781 1363 4849 dando
1388 4784 1509 4860 cogitur
1536 4800 1699 4847 mutuatur
1731 4778 1834 4873 subite

180 4894 239 4931 uei.
300 4863 385 4932 Nota
412 4887 474 4930 non
493 4867 583 4930 licere
612 4866 642 4930 id
672 4865 748 4942 quod
772 4869 907 4942 exigitur
926 4865 965 4929 ob
985 4869 1039 4929 in·²
1062 4862 1208 4927 damnum
1225 4862 1276 4927 leit
1292 4860 1421 4927 velosto
1436 4859 1638 4938 ducatorum,
1667 4859 1746 4937 quod
1765 4859 1832 5005 aliq

180 4960 231 4996 tot·
256 4947 372 5009 terelle
387 4951 420 5009 in
436 4944 592 5013 contraditi
608 4967 707 5015 mritui
720 4964 904 5010 converti-re
921 4955 953 5007 iii
970 4912 1039 5013 sot·l
1062 4945 1152 5005 modo
1173 4945 1303 5016 reparari
1325 4944 1449 5019 nequit,
1466 4938 1623 5011 manifttle
1642 4957 1728 5016 patet
1750 4959 1789 5014 qri

180 5023 217 5058 ³¹⁸
256 5042 344 5101 tum,
360 5026 433 5090 idell
457 5034 487 5092 in
505 5029 639 5105 capitale
661 5077 669 5105 ,
690 5030 722 5090 ἀ
743 5048 782 5090 ex
797 5047 835 5090 eo
854 5027 966 5102 aliquid
984 5028 1029 5090 ul·
1042 5066 1047 5113 ,
1061 5025 1268 5085 mutuatarius
1285 5043 1340 5099 pro
1355 5020 1428 5098 sex„
1451 5023 1501 5089 vel
1523 5021 1732 5087 otto-auratis
1754 5037 1832 5091 urae·

180 5089 213 5188 ‚'‘'
245 5123 305 5171 ·tra
327 5106 474 5173 limoniam
489 5129 528 5197 eir
549 5112 660 5187 quovis
681 5107 774 5173 titulo
793 5109 937 5188 exigere,
957 5128 1026 5172 cun
1057 5102 1154 5169 sentis
1176 5100 1288 5171 valoris
1304 5102 1377 5169 date
1399 5119 1525 5170 tenetur
1550 5103 1724 5169 mutuaturi
1733 5094 1832 5245 ¹,sueth

577 5234 580 5239 -
1744 5196 1793 5241 or·

1815 5012 1823 5023 n
