4425 6000
462 544 545 640 248
737 545 940 620 Taaer.
979 567 1044 616 ort
1083 543 1650 633 Conticuerffissamlil.

413 649 547 711 nationis
561 640 728 710 transferre
750 644 847 720 potest
868 648 899 708 in
912 643 1044 707 alterum
1055 644 1101 706 ius
1111 661 1179 721 per·
1219 642 1403 721 vagantibus
1419 644 1524 706 relatis
1541 644 1623 706 inter
1640 643 1978 724 Exttavaganteccoto·

413 726 544 802 cipiendi
576 722 748 801 pensionem
777 744 839 787 non
876 723 974 788 solum
996 742 1036 785 ex
1066 742 1100 784 re
1127 720 1179 785 sua
1218 741 1343 799 munes,
1364 722 1414 784 ubi
1437 720 1596 799 sequentes
1624 722 1778 787 habentur
1803 723 1979 804 praeseriptae

415 803 560 885 frugifera
580 852 589 880 ,
610 801 659 867 sed
678 809 774 867 etiam
793 810 833 867 ex
857 802 908 867 sua
930 798 1056 879 persona
1078 801 1115 865 de
1133 801 1180 863 lu·
1217 802 1406 886 conditiones
1425 802 1462 863 ad
1483 800 1541 863 hoc
1557 818 1592 866 ut
1612 801 1784 866 contraslus
1814 805 1922 870 census
1940 809 1981 869 iu·

414 888 473 950 cria
489 906 556 961 quae
578 883 640 960 ipsa
661 879 736 948 facit
754 882 805 947 suo
821 881 925 946 labore
936 929 948 961 ,
963 882 997 946 dr
1014 880 1179 958 industria,
1218 879 1280 943 sius
1299 880 1463 944 censendus
1484 878 1546 941 sit.
1579 881 1697 959 Prima,
1716 900 1752 944 ut
1779 881 1981 951 determinata

415 966 466 1028 vel
485 984 525 1027 ert
542 962 601 1027 sitia
617 962 707 1026 botrie
724 960 832 1026 saltem
861 982 912 1038 per
933 963 1032 1038 alios,
1066 963 1181 1038 poterit
1216 959 1296 1023 bona
1317 958 1523 1046 assignentur,
1543 957 1773 1038 &obligentur
1794 961 1981 1029 acensuario

414 1046 511 1108 etiam
528 1043 590 1106 tale
607 1045 653 1106 ius
677 1043 766 1105 alteri
782 1043 932 1106 vendere.
949 1039 1072 1115 Insuper
1092 1040 1180 1116 super
1218 1035 1385 1116 profundo
1405 1041 1526 1102 census.
1548 1040 1703 1115 Secunda,
1727 1057 1762 1102 ut
1781 1047 1915 1117 pretium
1932 1063 1981 1120 pro

413 1122 562 1186 industria
583 1122 711 1184 hominis
739 1120 882 1186 constitui
904 1118 1000 1197 potest
1030 1119 1179 1197 obligatio
1216 1116 1308 1183 censu
1328 1116 1527 1182 constitutum
1555 1115 1749 1193 persolvatur
1770 1121 1981 1188 acensualisla

415 1199 554 1267 solvendi
571 1203 731 1264 annuatim
751 1200 867 1276 aliquid
887 1221 926 1263 eit
948 1197 1008 1263 stris
1029 1199 1180 1274 luctisper
1217 1215 1319 1261 totum
1340 1199 1373 1262 dr
1393 1202 1560 1275 integrum.
1585 1197 1696 1263 Tertia
1713 1215 1748 1263 ιιι
1769 1198 1979 1266 censuariore·

414 1281 536 1345 modum
556 1280 755 1356 decimarum,
776 1280 824 1344 vel
840 1280 1043 1356 tributorum,
1064 1297 1101 1340 eit
1119 1294 1178 1354 cap.
1217 1276 1372 1354 linquatur
1400 1277 1490 1353 plena
1518 1272 1652 1342 facultas
1674 1279 1841 1343 redimendi
1869 1281 1980 1346 sivein

414 1358 476 1429 Aa
491 1359 643 1440 apostolica:
673 1356 712 1424 (θ’
736 1377 795 1437 cap.
823 1357 962 1439 pastorali
989 1357 1025 1421 de
1044 1357 1179 1421 decimis.
1218 1373 1287 1420 toto
1311 1405 1319 1431 ,
1339 1357 1402 1420 live
1433 1376 1486 1431 pto
1513 1373 1601 1431 parte
1627 1359 1776 1434 quando,
1804 1359 1839 1424 dc
1861 1362 1910 1426 ubi
1934 1362 1980 1424 sibi

416 1439 513 1519 Igitur
542 1439 664 1502 videtur
699 1438 774 1502 nihil
801 1438 944 1515 obstate,
973 1440 1051 1512 quod
1077 1434 1180 1498 similis
1218 1436 1385 1512 placuerit.
1407 1438 1529 1522 Quarta
1552 1452 1589 1497 ιιι
1610 1435 1784 1502 censuarios
1806 1459 1869 1502 non
1897 1439 1981 1514 potiit

414 1519 562 1598 obligatio
578 1522 671 1582 etiam
693 1518 785 1582 vendi
802 1518 920 1594 point,
949 1537 982 1579 ac
1015 1512 1180 1591 proindesi
1216 1516 1359 1592 compelli
1398 1537 1414 1578 a
1448 1513 1627 1578 censualilla
1665 1516 1701 1579 ad
1737 1520 1979 1584 redimendum.

416 1602 512 1675 prima
538 1597 688 1675 obligatio
719 1598 810 1661 licita'
830 1597 900 1673 cll,
927 1596 960 1660 &
989 1595 1054 1658 haec
1082 1595 1181 1656 altera
1217 1597 1358 1680 Quinta,
1379 1611 1414 1657 ut
1437 1594 1632 1669 pereuntibus
1651 1595 1737 1660 bonis
1759 1596 1980 1677 assignatlapro

415 1682 532 1754 pariter
555 1677 639 1743 licita
660 1679 721 1741 elle
742 1676 851 1740 debet.
870 1677 910 1739 Et
928 1677 984 1738 hoc
1005 1674 1182 1751 comproba·
1218 1674 1311 1737 lundo
1330 1674 1433 1737 cenlirs
1455 1676 1502 1735 hic
1523 1676 1741 1760 eittinguatur.
1767 1676 1979 1744 Huiuscemodi

416 1760 694 1822 turexcommuni
715 1756 771 1818 usu
792 1760 823 1817 in
844 1755 948 1819 Gallia
968 1803 978 1832 ,
997 1754 1030 1818 δι
1051 1753 1182 1830 Belgio,
1216 1753 1406 1816 conditiones
1436 1751 1556 1839 tametsi
1588 1755 1678 1816 valde
1706 1757 1874 1822 laudabiles
1899 1757 1979 1833 sint,

414 1833 466 1905 ubi
485 1838 594 1906 census
610 1835 803 1911 personales,
819 1856 854 1899 ae
870 1836 961 1896 mixti
983 1838 1117 1910 vigent,
1147 1830 1180 1893 ἃ
1218 1836 1387 1908 pariterque
1414 1830 1611 1895 observandae
1638 1837 1671 1896 in
1699 1836 1795 1914 locis,
1825 1836 1875 1900 ubi
1895 1836 1979 1902 diliae

414 1934 514 1992 neque
535 1937 552 1978 a
569 1914 711 1991 supremis
731 1914 851 1990 Curiis,
870 1915 904 1977 dc
924 1910 1108 1975 Ptaesulihus
1129 1928 1181 1972 eo·
1216 1910 1458 1976 Constitutiones
1475 1928 1606 1986 receptae
1627 1908 1774 1992 suerunt,
1791 1919 1824 1979 in
1846 1918 1921 1981 locis
1937 1937 1980 1982 ta·

416 1995 553 2059 eumdem
580 1993 715 2058 locorum
741 1993 896 2068 reprobati
925 1989 1041 2068 suere,
1077 2007 1134 2052 nec
1164 2009 1182 2052 a
1217 2007 1307 2066 men,
1327 1995 1358 2054 in
1385 1995 1575 2080 quibuanon
1604 1988 1730 2058 suerunt
1756 1997 1978 2075 promulgatae,

438 2077 474 2134 iis
497 2075 530 2136 dc
560 2073 686 2136 eruditis
715 2074 790 2137 vitis
818 2093 952 2148 unquam
981 2072 1182 2146 impugnati,
1219 2090 1315 2145 neque
1336 2073 1388 2134 ulu
1406 2089 1556 2146 receptae,
1575 2089 1610 2135 ut
1627 2073 1797 2151 inGallia,
1817 2076 1979 2151 Hispania,

413 2097 503 2221 hcuti
533 2152 638 2228 procul
671 2153 763 2215 dubio
790 2150 967 2232 reprobandi
998 2148 1121 2213 luillent
1148 2148 1182 2234 dc
1217 2151 1401 2225 Germania,
1421 2150 1680 2228 Belgio,Sicilia‚
1703 2171 1739 2219 ut
1763 2147 1901 2219 referunt
1921 2157 1980 2220 Do·

415 2229 611 2309 impugnandi
621 2229 668 2310 ,si
691 2229 806 2311 usurae,
826 2227 1032 2296 &iniustitiae
1051 2229 1185 2292 notarie
1216 2229 1333 2307 diores,
1352 2229 1386 2295 δι
1412 2233 1564 2306 praecipue
1595 2232 1709 2295 Auiior
1729 2233 1872 2299 AEthicae
1892 2237 1980 2300 hmo-

415 2308 482 2377 sent
500 2307 621 2375 infesti.
1218 2313 1290 2385 ris,
1321 2330 1384 2372 non
1410 2310 1547 2387 obligant
1569 2308 1624 2371 nisi
1655 2313 1876 2378 tantummodo
1890 2315 1980 2392 quoad

457 2390 530 2454 Dixi
556 2393 589 2452 in
615 2390 711 2466 locis,
732 2391 886 2467 inquibus
906 2406 1030 2466 recepta
1052 2406 1116 2471 non
1137 2384 1181 2448 est
1216 2393 1407 2453 conditiones
1426 2410 1445 2452 a
1466 2393 1533 2453 iure
1555 2393 1687 2457 naturali
1705 2396 1890 2469 requisitas.

417 2467 633 2545 Constitutio,
657 2469 707 2533 seu
732 2469 822 2535 Bulla
847 2474 892 2532 Pii
913 2472 950 2532 V.
978 2465 1069 2531 velli
1091 2466 1181 2529 semel
1936 2542 1939 2551 Ι

372 2560 374 2567 ·
416 2566 628 2625 recepta,per
652 2549 758 2625 ulum,
781 2550 831 2614 vel
848 2546 1094 2613 consuetudinem
1111 2567 1192 2609 con··
1386 2548 1412 2608 C
1452 2547 1483 2612 A
1524 2551 1546 2609 P
1588 2548 1618 2610 U
1661 2548 1692 2612 T
1775 2552 1818 2616 X.
1920 2582 1932 2621 ,ι

416 2631 546 2691 tratiam
567 2625 628 2692 suit
652 2629 800 2706 abrogata
819 2652 828 2706 ;
850 2651 918 2691 narn
940 2631 968 2692 S.
987 2622 1128 2690 Pontifex
1145 2641 1181 2687 ιιι
1567 2646 1570 2652 ’
1896 2662 1907 2686 ,ι

414 2704 513 2792 usuris
531 2712 654 2770 nomine
673 2706 779 2772 census
799 2709 931 2786 palliatis
952 2712 1036 2772 viam
1055 2705 1180 2771 interdi·
1217 2715 1261 2772 De
1282 2705 1457 2788 Empbr'ieufi
1466 2756 1475 2785 ‚
1496 2706 1611 2792 feudo,
1631 2706 1745 2774 Libello
1762 2759 1769 2786 ,
1785 2709 1983 2790 emtione.

414 2804 500 2850 cerer
518 2834 527 2864 ,
547 2787 632 2850 suam
657 2787 776 2851 Bullam
798 2789 893 2852 edidit
923 2789 998 2852 alias
1022 2789 1178 2861 citatam,
1393 2786 1548 2872 superficie
1568 2796 1607 2856 Ψ
1621 2790 1790 2868 servitute.

411 2886 485 2939 qttae
506 2869 614 2943 incipit
635 2873 709 2932 Cum
733 2889 805 2931 onor
830 2889 912 2932 anno
938 2871 1025 2945 1569.
1047 2887 1105 2941 qua
1122 2863 1179 2928 sla·
1276 2914 1280 2921 .

413 2961 548 3010 ruuntur
568 2947 707 3025 quaedam
725 2950 916 3013 conditiones
937 2949 972 3011 ad
993 2945 1113 3010 censum
1135 2948 1181 3006 in·
1517 2996 1518 2999 ,
1551 2955 1576 3016 §a
1619 2949 1642 3012 Ι.

313 3083 316 3089 .
414 3023 618 3104 sitiendum,
638 3028 742 3114 quibus
763 3048 824 3090 non
853 3025 1019 3092 observatis
1045 3025 1180 3089 declarat
1472 3068 1555 3128 Μ.
1604 3065 1708 3149 himfi

289 3146 300 3168 ι
414 3104 520 3168 census
540 3105 600 3168 else
621 3112 800 3183 usurarios,
831 3112 924 3184 prima
955 3127 1084 3182 quarum
1112 3103 1181 3178 est,
1557 3084 1603 3144 ms
1715 3113 1723 3129 ⁶
1938 3172 1941 3177 ,

414 3181 573 3258 urceolus
590 3183 771 3248 instituatur
791 3184 926 3263 superte
946 3185 1112 3258 immobili,
1132 3183 1181 3245 de·
1298 3181 1478 3259 Mphiteusu
1498 3204 1515 3247 a
1538 3202 1641 3260 graeco
1666 3183 1791 3246 nomine
1819 3198 1984 3261 emonem

301 3294 308 3306 ·
415 3264 654 3340 terminum&
675 3261 827 3328 stuiliseta
839 3290 852 3341 5v
870 3262 998 3328 secunda
1019 3281 1054 3327 ut
1078 3264 1133 3327 tali
1149 3282 1181 3326 te
1219 3190 1658 3343 Elatineidemfignilicat
1673 3261 1925 3351 remelioratio,
1950 3278 1982 3327 ut
2016 3323 2019 3328 ,

400 3360 580 3417 pereunte,
602 3345 652 3406 vel
674 3340 766 3405 sterili
786 3344 897 3421 evasa,
919 3344 1022 3408 census
1045 3360 1181 3419 percara
1216 3348 1329 3409 volunt
1349 3342 1549 3417 speculator,
1567 3340 1602 3406 δι
1617 3344 1780 3407 Accuthus
1801 3341 1900 3408 verbo
1914 3347 1982 3408 Etr·
2022 3399 2027 3408 .

415 3423 510 3485 tertia
541 3438 574 3484 ut
604 3426 770 3497 pretiuma
798 3422 976 3489 censualisla
1000 3426 1034 3486 in
1054 3424 1181 3497 pecunia
1214 3423 1352 3503 phiteuſss
1374 3423 1501 3499 Iiuiitut.
1518 3423 1554 3487 de
1575 3421 1729 3497 locatione,
1760 3422 1795 3486 δι
1815 3426 1908 3486 iuxta
1924 3423 1981 3489 Al·

414 3518 595 3564 numeretur
612 3504 642 3563 in
663 3500 724 3578 ipso
741 3500 806 3567 adiu
821 3505 1034 3568 celebrationis
1054 3519 1180 3566 eontra·
1216 3512 1334 3568 ciarum
1341 3551 1351 3581 ,
1372 3502 1487 3567 aliosve
1504 3504 1582 3566 idem
1603 3502 1801 3579 significatae
1818 3501 1981 3581 r'irrplicara2

414 3578 479 3644 Ilus
500 3600 606 3644 coram
626 3582 779 3660 Notario,
800 3583 999 3661 decessibus,
1015 3587 1060 3646 ita
1081 3604 1116 3650 ut
1138 3580 1182 3645 so·
1217 3584 1276 3660 tio,
1297 3582 1348 3647 seu
1368 3582 1483 3725 digitio,
1508 3585 1581 3660 quia
1604 3583 1640 3646 ab
1656 3585 1747 3646 initio
1767 3580 1889 3646 nonnisi
1903 3584 1984 3648 bona

413 3655 495 3722 lntio
511 3658 578 3723 fieri
602 3684 664 3726 non
682 3661 771 3737 possit
793 3668 922 3739 pecunia
942 3681 1034 3726 antea
1057 3661 1128 3727 data
1148 3664 1181 3727 &
1217 3663 1328 3727 slerilia
1357 3663 1393 3730 da
1416 3682 1507 3727 antur
1535 3665 1569 3725 in
1589 3661 1804 3740 emphiteusim
1822 3710 1836 3738 ,
1859 3665 1984 3728 ιιιίιιι·

413 3741 554 3816 eredita‚·
576 3760 685 3817 quarta
711 3763 749 3806 ne
766 3744 845 3806 hant
866 3744 952 3820 passa
971 3741 1104 3821 diretta,
1130 3743 1181 3807 vel
1218 3742 1368 3821 phiteutae
1384 3764 1490 3807 eorum
1511 3743 1669 3821 diligentia
1685 3741 1720 3806 &
1741 3739 1844 3815 labore
1862 3745 1982 3820 petim-

414 3818 558 3882 indiresie
573 3822 611 3882 ad
630 3823 714 3886 casus
730 3819 876 3886 fortuitos
893 3823 1061 3901 obligantia
1077 3825 1181 3900 illum,
1217 3824 1441 3899 plantationem
1459 3872 1468 3900 ,
1490 3820 1679 3898 insitionem,
1699 3820 1899 3887 &culturam
1917 3817 1984 3885 sm·

414 3901 466 3974 qui
487 3900 563 3961 alias
587 3920 626 3963 ex
647 3921 759 3967 natura
791 3904 967 3967 contractus
987 3923 1048 3965 non
1069 3903 1181 3981 ohliga-
1216 3899 1320 3969 &isera
1340 3904 1566 3979 redderentur,
1594 3922 1628 3966 ac
1657 3901 1858 3979 undequaque
1874 3903 1981 3968 melio·

416 3994 491 4053 tur3
515 3981 625 4053 quinta
652 3998 686 4044 ut
712 4004 774 4046 non
795 3981 873 4046 fiant
906 3982 991 4061 paila
1013 3984 1181 4061 tollentia,
1217 4003 1360 4050 ratentur
1380 3990 1494 4065 lega·
1514 3998 1542 4062 3.
1563 3980 1622 4045 cod.
1643 3981 1983 4063 detitreempht'eeafir.
2031 4035 2033 4046 ,

414 4058 468 4118 vel
490 4056 705 4136 reslringentia
730 4062 911 4124 facultatem
940 4060 1102 4126 redimendi
1126 4081 1180 4126 aut
1216 4066 1333 4129 Verum
1351 4063 1417 4127 usur
1439 4062 1541 4140 postea
1563 4063 1717 4139 invaluit,
1740 4065 1889 4128 utetiam
1903 4060 1984 4126 bona
2015 4086 2023 4110 2

414 4135 657 4201 alienandi'rem
684 4141 785 4205 censui
806 4139 965 4205 subieilam
978 4164 993 4220 ς
1018 4141 1121 4221 sexta,
1144 4162 1181 4207 ur
1217 4144 1362 4221 le'ttilia,
1389 4165 1458 4221 quae
1488 4163 1549 4207 non
1577 4143 1715 4219 indigent
1738 4138 1991 4218 melioratiorie,

400 4234 511 4293 ‚neque
537 4217 613 4282 liant
639 4219 724 4298 paila
747 4220 915 4299 obligantia
932 4221 1098 4287 debitorem
1112 4245 1180 4287 mo·
1217 4227 1338 4288 nemine
1354 4222 1523 4289 reluilante
1544 4221 1739 4287 traderentur
1758 4224 1791 4284 in
1811 4221 1986 4300 empbi'teu·

412 4298 516 4361 rosum
536 4298 572 4360 ad
595 4301 738 4364 interesse
760 4301 836 4364 lucri
869 4303 1011 4365 cessantis
1030 4303 1112 4382 ,vel
1143 4302 1179 4367 ad
1217 4306 1287 4381 lim,
1303 4321 1339 4368 ιιι
1358 4301 1477 4371 constat
1497 4303 1671 4381 quotidiana
1688 4304 1901 4379 experientia.
1920 4302 1984 4377 Qui

413 4377 503 4440 aliam
525 4397 670 4455 poenam;
690 4378 815 4457 septima
871 4403 910 4446 ne
937 4383 1042 4447 census
1072 4404 1180 4462 augea·
1216 4404 1279 4448 tem
1300 4387 1332 4445 in
1351 4382 1562 4461 emphiteusim
1591 4382 1726 4461 tribuit,
1754 4381 1869 4449 dicitur
1889 4383 1985 4465 domi·¹

414 4472 467 4520 tur
489 4478 529 4521 eit
548 4478 611 4520 non
632 4457 739 4524 solutis
764 4431 955 4538 penhonibus
982 4467 1044 4527 iam
1071 4463 1180 4526 decur·
1216 4485 1270 4528 nus
1291 4462 1439 4542 diretiiu,
1458 4463 1512 4528 seu
1532 4465 1776 4542 proprietarius,
1794 4461 1830 4528 ἃ
1846 4465 1897 4540 qui
1919 4482 1985 4526 rem

412 4534 471 4612 sis3
490 4535 598 4601 oslava
627 4559 666 4602 ne
693 4559 864 4619 apponatur
887 4543 1026 4622 pastum,
1046 4559 1080 4606 ut
1101 4547 1181 4623 capi·
1216 4547 1247 4606 in
1272 4545 1483 4621 emphiteusim
1507 4548 1649 4620 accipit,
1673 4541 1847 4618 appel-latur
1868 4540 1987 4620 emphi-

412 4616 477 4680 tale
498 4641 515 4681 a
535 4616 692 4685 censuario
712 4623 814 4686 invito
835 4628 930 4701 repeti
953 4622 1040 4701 possit
1062 4625 1094 4684 in
1117 4643 1180 4701 poa·
1217 4643 1324 4700 teuta,
1345 4624 1396 4688 seu
1415 4625 1723 4700 emphirentecarius.
1799 4681 1805 4692 .

411 4712 485 4759 nam
500 4718 565 4762 non
579 4697 744 4765 solutatum
755 4703 951 4782 pensionum,
972 4705 1020 4767 vel
1036 4702 1077 4767 ob
1087 4705 1179 4768 aliam
1254 4704 1456 4783 Emphiteusis
1484 4703 1526 4769 esl
1557 4708 1743 4779 contrarios,
1770 4693 1833 4782 μδ
1853 4726 1904 4786 rer
1925 4703 1985 4765 im·

412 4777 564 4868 caussam.
586 4780 785 4847 Condiciones
806 4785 853 4848 hae
877 4783 982 4849 saltem
1004 4785 1104 4860 quoad
1116 4806 1179 4848 ma·
1211 4785 1328 4853 mobilis
1354 4786 1521 4851 conceditur
1557 4785 1653 4863 quoad
1680 4783 1849 4852 domittr'ttm
1878 4784 1952 4853 arist
1971 4829 2040 4876 >eui

414 4875 509 4947 iorem
535 4878 654 4936 partem
685 4864 828 4943 appositae
857 4863 981 4929 suerunt
1009 4880 1102 4931 antea
1130 4881 1179 4929 et·
1208 4866 1263 4948 sub
1284 4887 1367 4934 onere
1386 4865 1428 4934 (θ’
1444 4865 1616 4946 obligatione
1637 4886 1746 4954 annue
1765 4866 1981 4946 penfionispeo·
1999 4893 2040 4930 m:

413 4955 474 5001 ram
494 4961 513 5004 a
543 4940 805 5015 praedecetionbus
833 4946 863 5009 8.
885 4948 930 5010 Pii
955 4946 994 5007 V.
1015 4943 1130 5011 scilicet
1161 4967 1179 5009 a
1210 4946 1499 5028 prietarioteiinenii
1517 4945 1684 5026 dominium
1699 4945 1845 5010 dociliora
1878 4948 1983 5013 dota·

413 5009 529 5085 Ioanne
544 5021 643 5086 XXII.
660 5021 708 5087 lib.
748 5071 758 5088 ..
779 5027 826 5092 tit.
845 5027 881 5091 de
896 5038 982 5105 empt.
1004 5026 1044 5092 s?
1057 5025 1177 5093 vendit.
1213 5032 1284 5109 ila-3
1303 5029 1390 5109 idque
1404 5027 1461 5095 vel
1475 5028 1506 5092 in
1522 5041 1693 5109 perpetuum
1709 5073 1718 5104 ,
1737 5027 1799 5091 vel
1892 5025 1985 5092 oriar

414 5101 586 5170 aMartino
607 5105 646 5169 V.
661 5106 696 5172 dc
712 5042 855 5174 saliono
868 5108 924 5173 lll.
941 5109 974 5173 in
989 5102 1048 5173 suis
1069 5107 1179 5192 Extra·
1212 5112 1269 5180 titi
1286 5108 1421 5196 plurima
1436 5107 1554 5188 vileat,
1573 5110 1630 5179 uel
1649 5107 1830 5196 ais-retracti
1850 5120 1989 5253 remma,

1195 5243 1200 5258 .
1873 5209 1911 5268 qrt
