4425 6000
395 517 474 590 424
639 489 809 562 Tusci.
837 511 894 558 ne
923 486 1178 560 Pniacisirrs
1207 485 1426 559 sociastis
1454 485 1551 563 Cur.
1579 488 1606 562 1.

344 615 377 659 n.
396 596 444 674 36.
465 612 534 657 cum
554 589 641 665 aliis,
660 607 734 664 quos
753 585 792 651 ibi
817 588 895 650 citat
916 610 926 663 3
956 585 1043 650 hodie
1064 601 1112 647 ta·
1145 587 1177 647 in
1195 586 1370 648 memoriam
1396 585 1524 650 alioruin
1542 586 1719 655 divinorum
1739 587 1911 674 -Mpslerio

343 695 417 739 men
438 675 511 737 licet
532 665 740 736 huiuscemodi
762 665 893 742 potestas
914 663 1031 729 nonsit
1058 662 1111 727 ab*
1144 687 1231 740 rum,
1253 665 1304 728 vel
1327 664 1359 725 B.
1383 665 1492 732 Mariae
1523 667 1681 747 viminis,
1712 671 1764 736 vel
1786 671 1911 752 sanilo-

347 756 428 831 lata,
451 755 488 817 ab
513 752 675 815 indislione
703 767 856 812 novorum
885 743 1029 810 festorum
1057 742 1112 809 l'ub
1143 767 1211 809 rum
1228 743 1445 809 inllituerunt.

346 852 500 911 praecepto
529 830 675 896 abllinero
706 827 815 892 debent
841 830 931 892 iuxta
958 826 1111 911 monitum
1183 824 1270 890 Fella
1288 825 1325 887 de
1348 843 1500 900 praecepto
1519 827 1739 895 inviolabiliter
1760 829 1908 898 aFideli·

347 913 467 976 Urbani
485 904 901 984 V111.ini‘iiaconllit.quae
921 909 1025 984 incipit
1036 908 1112 968 Uiri·
1144 904 1198 969 bus
1218 905 1356 968 omnibus
1379 904 1564 969 observanda
1582 904 1650 971 sunt
1671 931 1706 973 ae
1722 907 1910 975 sanstifican·

346 989 432 1071 versa
452 998 478 1056 i.
502 1007 528 1069 ς.
548 991 597 1053 ubi
618 988 656 1052 lic
677 985 828 1052 Oidi'iiori'i'
848 989 879 1052 iii
906 987 1026 1050 Domiiu
1052 1005 1112 1047 ino·
1144 988 1182 1050 da
1198 985 1250 1048 sub
1267 985 1405 1073 mortali,
1424 1005 1456 1049 ut
1474 985 1610 1050 sentiunt
1625 990 1908 1056 communiterDo·

346 1086 473 1146 neurus,
492 1084 526 1134 ui
546 1066 782 1149 adstruendam
797 1065 899 1147 ubique
916 1064 1111 1152 aquali‘iolem
1143 1066 1257 1141 liores,
1277 1087 1346 1129 cum
1369 1069 1405 1128 lit
1425 1070 1554 1129 materia
1582 1069 1684 1143 gravis
1709 1065 1844 1146 spectans
1873 1074 1910 1135 ad

345 1154 382 1215 de
410 1163 511 1215 celero
534 1147 650 1230 suturis
679 1146 848 1225 temporibus
883 1144 918 1208 ass
954 1144 1109 1208 insidiosis
1143 1146 1283 1210 divinum
1297 1144 1437 1222 cultum,
1457 1162 1491 1208 ur
1508 1148 1682 1221 praecipitur
1703 1150 1735 1210 in
1757 1148 1910 1214 Deutero-
1969 1222 1971 1225 ¹

340 1227 397 1310 fusi
421 1242 561 1309 precepto
582 1249 725 1292 novorum
744 1224 883 1307 festorum
905 1227 1042 1307 studens
1061 1219 1110 1284 osi·
1143 1227 1245 1312 noinio
1263 1246 1328 1300 cap.
1348 1245 1374 1300 5.
1391 1228 1449 1288 Sex
1470 1223 1569 1313 diebus
1584 1223 1743 1303 operaberis
1763 1239 1804 1294 Θ·
1818 1226 1910 1308 faciei

205 1351 244 1399 „e
260 1348 326 1399 ,Μὴ
335 1311 463 1392 stipere.
488 1310 570 1373 Hinc
591 1305 794 1385 promissiones
815 1307 849 1372 ἃ
867 1325 945 1372 vota
966 1322 1032 1380 quae
1054 1299 1110 1364 ste·
1142 1323 1239 1367 omnio
1258 1322 1346 1392 operti¹
1369 1317 1421 1393 iiio
1439 1352 1448 1380 ‚
1469 1305 1596 1382 septim
1621 1318 1724 1393 quiens
1744 1308 1810 1372 dies
1825 1311 1909 1372 Sada·

212 1415 332 1462 iocorum
349 1408 479 1466 quenter
500 1388 568 1452 fieri
583 1389 683 1452 lolent
707 1385 744 1450 ab
765 1383 1042 1458 Universiraribus,
1061 1376 1110 1469 seu
1144 1397 1208 1448 ium
1226 1390 1344 1447 Domini
1367 1397 1410 1446 iui
1431 1385 1489 1461 est,
1505 1407 1561 1447 nori
1569 1382 1666 1464 facies
1684 1408 1769 1452 omre
1784 1406 1853 1466 opus
1877 1389 1907 1452 iii

205 1471 271 1548 ‚¹5³¹
291 1478 332 1526 iel
350 1469 424 1532 locis
441 1466 579 1533 servandi
604 1464 657 1529 sub
684 1486 838 1544 praecepto
858 1464 966 1530 sellum
985 1461 1111 1524 alicuius
1143 1481 1174 1527 en
1195 1463 1264 1529 (π,
1286 1462 1325 1527 Et
1346 1464 1402 1550 linc
1424 1469 1596 1537 praecipirur
1615 1470 1707 1528 etiam
1728 1471 1761 1529 in
1779 1468 1849 1534 lure
1863 1490 1910 1532 cp.

204 1540 299 1590 ”⁸⁸¹¹ss
347 1545 444 1614 sanai
455 1596 465 1626 ,
486 1569 521 1613 ac
542 1547 694 1611 ieiunandi
711 1548 749 1628 in
770 1546 873 1623 vigilia
889 1567 951 1608 non
971 1541 1110 1619 obligant
1145 1547 1256 1634 ironico
1270 1563 1336 1619 cap.
1357 1547 1441 1606 licei
1456 1541 1613 1631 dejerr'i's,
1633 1545 1667 1609 dt
1687 1568 1754 1637 cap.
1778 1547 1859 1612 unic.
1874 1549 1910 1611 de

246 1614 294 1656 '⁸¹
330 1628 513 1706 populum,
533 1624 555 1689 si
573 1644 677 1692 tamen
698 1627 804 1703 lponte
821 1626 917 1697 velit,
938 1619 1033 1702 potest
1044 1639 1111 1695 pro·
1145 1623 1240 1700 Reliq.
1258 1620 1444 1707 &venerae
1463 1642 1494 1684 rii
1517 1625 1547 1685 6.
1566 1624 1605 1686 Ει
1623 1622 1679 1687 boc
1705 1633 1788 1694 idem
1807 1628 1910 1691 Conci·

345 1707 431 1774 milia
453 1705 591 1781 servare,
611 1724 701 1769 nemo
724 1724 829 1768 rameii
846 1724 939 1783 poena
960 1697 1110 1791 cogendus
1145 1704 1218 1766 lium
1236 1700 1323 1764 Trid.
1341 1701 1403 1765 leis.
1423 1722 1470 1779 25.
1494 1703 1531 1765 de
1551 1701 1668 1782 reform.
1691 1705 1909 1772 renovat.1d·

343 1785 409 1865 est,
430 1804 464 1853 ut
489 1787 542 1850 illa
559 1787 606 1848 die
626 1782 776 1849 abstineat
799 1785 836 1850 ab
855 1783 998 1862 operibus
1019 1779 1111 1844 lervi·
1144 1787 1225 1847 circo
1256 1781 1453 1845 Innocentius
1479 1782 1559 1855 Papa
1588 1782 1640 1847 XI·
1674 1784 1909 1863 propolitionem

346 1868 452 1941 libus,
481 1864 569 1930 Baib.
596 1867 628 1925 in
654 1862 782 1926 Collcsi.
809 1864 940 1928 Constir.
973 1858 1109 1935 apostol.
1146 1863 1305 1926 damnavit
1332 1882 1412 1923 num.
1477 1864 1686 1939 ,Praeceptum
1702 1864 1850 1940 servandi
1862 1864 1909 1943 fe·

345 1946 431 2011 verb.
440 1945 549 2025 festum
563 1944 595 2006 i'n
611 1962 711 2006 comm.
730 1964 761 2004 n.
780 1942 809 2006 8.
825 1944 876 2009 ubi
895 1938 985 2008 affert
1002 1940 1110 2003 Decre-
1140 1944 1185 2022 ssa
1203 1964 1259 2004 noir
1275 1936 1379 2020 obligas
1394 1882 1580 2019 sus²moriali
1593 1941 1709 2021 lepofiio
1722 1945 1861 2024 [andalo
1872 1956 1911 2010 Ψ

346 2045 414 2092 tum
437 2025 687 2102 congregationis
715 2023 845 2089 Rittium
871 2026 903 2087 in
922 2015 1112 2086 Brundusina
1138 2018 1251 2108 sassi
1271 2033 1462 2097 conlemptus.
1488 2021 1553 2084 lino
1576 2022 1651 2086 adeo
1671 2024 1768 2088 llrisie
1794 2023 1911 2101 obligat

343 2104 512 2183 Mallagnae
530 2122 582 2163 21.
601 2102 680 2178 Aug.
703 2106 788 2181 ι6<>ιΓ
816 2101 1008 2170 Monnecelli
1035 2117 1112 2174 part.
1146 2100 1289 2164 lellorum
1307 2100 1501 2186 oblervantia
1522 2149 1529 2177 ,
1554 2117 1589 2165 ut
1611 2101 1694 2165 nulla
1716 2108 1832 2179 quaevis
1856 2123 1911 2177 op·

345 2203 375 2246 a.
393 2187 444 2248 tit.
470 2199 515 2260 ις.
538 2179 661 2245 formul·
684 2201 712 2243 ι.
737 2202 765 2245 ii.
793 2204 805 2244 i
813 2205 839 2261 5.
858 2184 909 2248 ubi
930 2179 1060 2248 testatur
1081 2175 1112 2244 se
1146 2179 1241 2257 posita
1258 2181 1445 2245 conluetudo
1467 2182 1504 2245 ab
1527 2185 1591 2244 eius
1616 2183 1790 2248 violatione
1818 2204 1911 2248 excu-

345 2261 455 2329 vidilse
476 2264 587 2340 pluries
616 2260 760 2340 supplices
787 2263 907 2330 libellos
938 2264 992 2330 hac
1021 2264 1051 2321 iii
1079 2281 1112 2324 re
1146 2258 1210 2324 sare
1231 2259 1339 2336 possit,
1359 2264 1429 2336 quia
1445 2259 1635 2328 consuetudo
1654 2262 1738 2327 niala
1759 2267 1911 2329 invetera-

345 2342 437 2407 sactae
462 2343 697 2419 congregationi
727 2343 856 2408 Rittium
878 2339 1028 2421 porr-sios
1058 2359 1112 2413 pro
1147 2359 1179 2403 ta
1199 2358 1314 2416 qiianto
1331 2339 1504 2405 diuturnior
1524 2338 1588 2415 est,
1607 2341 1752 2425 tantoest
1762 2342 1910 2419 periculo·

344 2423 579 2487 confirmatione
613 2420 779 2484 huiusmodi
811 2422 1053 2501 promissionum,
1078 2418 1112 2483 &
1147 2419 1203 2482 lior
1222 2441 1287 2494 cap.
1309 2440 1374 2482 cum
1395 2433 1475 2485 ionio
1496 2440 1543 2483 ιι.
1565 2418 1602 2485 de
1621 2419 1786 2497 consuetud.
1809 2420 1843 2486 ἀ
1861 2442 1911 2500 pa-

348 2520 496 2566 votorum
523 2497 610 2564 soille
637 2497 785 2564 reieslos.
815 2503 1060 2567 Communitatcs
1080 2519 1111 2561 e·
1147 2518 1194 2563 tet
1214 2521 1255 2562 ex
1271 2500 1514 2565 Decretolacrae
1530 2501 1785 2577 Congrcgationis
1804 2503 1910 2566 Conci·

350 2584 437 2656 nim,
455 2579 586 2656 Oppidi,
606 2581 696 2655 Pagi,
715 2580 868 2646 Civitates
884 2582 946 2649 &n
966 2600 1030 2644 non
1046 2578 1112 2655 pos·
1147 2581 1199 2653 lii,
1222 2600 1290 2653 quae
1310 2588 1501 2643 contrarium
1521 2576 1665 2643 definivit
1692 2601 1805 2645 contra
1830 2581 1910 2645 Mer·

350 2655 420 2724 sunt
437 2659 569 2737 obligare
584 2663 617 2720 in
633 2654 819 2725 conscientia
834 2662 1041 2745 Succellores,
1056 2675 1111 2721 aut
1145 2675 1263 2724 catores
1285 2658 1524 2723 barcinonenses
1546 2660 1594 2722 die
1615 2678 1662 2722 ιι.
1680 2660 1758 2725 Maii
1776 2664 1864 2741 1679.
1877 2659 1909 2724 dt

346 2742 423 2805 alios
444 2760 507 2802 nnn
525 2737 754 2802 conlentientes
772 2758 849 2806 voto
863 2743 901 2806 de
920 2741 1111 2804 obseruatio·
1147 2743 1257 2801 iterum
1276 2756 1322 2799 20.
1345 2738 1450 2804 Martii
1474 2743 1546 2804 anni
1568 2740 1656 2816 1692.
1674 2743 1725 2816 qui
1745 2739 1804 2806 boc
1820 2740 1910 2805 titulo

346 2841 386 2884 ne
407 2815 568 2895 festorum,
588 2816 621 2881 ἃ
638 2822 722 2903 ratio
736 2817 800 2897 est,
819 2826 893 2897 quia
909 2839 965 2884 nec
992 2816 1112 2896 aDeo,
1147 2821 1331 2902 inveteratae
1351 2820 1576 2884 consuetudinis
1598 2817 1828 2896 pretendebmt
1843 2822 1913 2885 ceti·

247 2907 250 2912 ’
345 2920 403 2964 nec
429 2900 466 2963 ab
492 2894 623 2962 Ecclesia
643 2895 876 2965 iurisdidlionem
897 2900 1009 2965 liabent
1029 2902 1109 2962 circa
1147 2917 1219 2961 nere
1236 2899 1302 2961 luas
1317 2896 1455 2963 officinas
1472 2918 1593 2977 apertas
1607 2899 1712 2964 diebos
1732 2898 1839 2965 sellis.

345 2979 587 3043 resiminediate
614 2981 804 3055 pertinentes
831 2984 867 3045 ad
888 2980 1028 3045 divinum
1045 2979 1111 3042 cul·
1185 2976 1290 3054 Nota,
1309 2979 1386 3053 quod
1404 2976 1479 3067 sella
1504 2976 1688 3044 lanstibcare
1711 2979 1755 3044 eil
1786 2980 1840 3046 illa
1867 2980 1913 3047 die
1932 2976 1976 3043 (δῦ

347 3078 432 3124 rum.
1145 3078 1209 3122 non
1230 3057 1390 3136 laborare,
1410 3061 1459 3122 led
1480 3058 1599 3143 hymnis
1614 3058 1648 3124 ἀ
1663 3064 1797 3126 canticis
1821 3083 1910 3127 vaca·
1921 3042 1963 3155 ἐξ,

389 3141 418 3201 Si
438 3137 578 3216 Episcopi
595 3138 627 3199 in
643 3134 693 3202 sua
714 3138 845 3205 Dioecesi
866 3139 927 3204 dies
948 3136 1112 3204 sestosoh2
1146 3158 1196 3202 re.
1230 3138 1277 3200 Sic
1306 3138 1482 3203 Concilium
1501 3138 1682 3203 coloniense
1715 3136 1753 3202 ll
1781 3160 1859 3219 part.
1880 3159 1974 3220 offis,

347 3217 510 3283 servandos
548 3222 776 3296 praeceperint,
819 3239 964 3284 tenentur
1004 3238 1112 3282 omnes
1145 3239 1210 3295 cap.
1228 3235 1256 3294 9.
1274 3221 1466 3295 Praeceptum
1485 3220 1582 3297 igitur
1603 3215 1851 3285 laudiificationis
1870 3219 1959 3284 sedi·

346 3298 490 3372 Exempti
510 3299 605 3359 etiam
621 3296 787 3374 Regulares
804 3320 856 3362 eos
875 3301 1056 3373 observare,
1076 3317 1111 3362 ut
1146 3295 1258 3362 storum
1293 3301 1404 3372 partim
1431 3296 1475 3362 est
1499 3301 1700 3376 negativum,
1717 3320 1777 3375 quo
1801 3300 1914 3368 labores

345 3375 454 3439 statuit
477 3374 568 3439 Trid.
592 3375 731 3453 Synodus
756 3376 819 3440 seli.
849 3398 898 3455 25.
919 3399 982 3453 cap.
1005 3396 1052 3438 n.
1074 3375 1111 3441 de
1144 3378 1297 3454 corporis,
1316 3376 1366 3440 leu
1388 3397 1482 3453 opera
1510 3375 1632 3442 servilia
1661 3377 1914 3462 interdicuntur,

345 3455 568 3542 Regularibus,
590 3458 640 3518 ubi
658 3454 715 3518 fic:
737 3457 810 3521 Dies
830 3458 919 3521 eiiam
933 3454 1020 3539 festi,
1042 3478 1112 3534 quos
1146 3459 1258 3535 partim
1276 3452 1518 3535 affirmativum,
1533 3479 1599 3533 ¹quo
1613 3457 1778 3537 operibus,
1797 3455 1848 3525 seu
1863 3481 1937 3526 oc··

346 3535 379 3598 i'ii
398 3538 520 3614 Droeresi'
533 3535 589 3613 lua
611 3533 775 3614 servandos
795 3536 947 3617 Episcopus
972 3555 1111 3618 precepe-
1144 3537 1356 3614 cuparionibus
1371 3534 1578 3613 spiritualibus
1594 3540 1719 3614 pietatis
1738 3539 1804 3604 dies
1826 3537 1915 3606 festos

346 3614 407 3690 ri'i,
427 3612 462 3675 ab
481 3617 635 3694 Exemplis
651 3614 781 3682 omnibus
799 3619 889 3683 eiiam
917 3618 1112 3700 Regulaiilius
1146 3614 1331 3681 sanslilicare
1351 3614 1505 3694 iubemur,
1525 3635 1561 3680 ur
1580 3617 1701 3681 tosillas
1722 3638 1762 3680 eit
1781 3618 1912 3696 supraci-

343 3693 518 3774 [erveniur.
918 3728 922 3734 -
1144 3715 1216 3761 rato
1236 3713 1326 3759 textu
1345 3695 1510 3760 Deuteron.
1531 3718 1558 3771 5.
1579 3695 1706 3837 Oblerva
1720 3697 1804 3761 diens
1818 3699 1918 3764 Saleii

1146 3789 1179 3840 iil
1193 3774 1357 3855 sanciffices
1373 3786 1459 3839 eum:
1475 3777 1534 3854 seu
1555 3777 1603 3840 die
1620 3800 1656 3838 us
1676 3775 1851 3856 operaberis.
1865 3825 1873 3841 .
1885 3823 1911 3840 ..

643 3866 669 3924 §-
722 3857 807 3922 VlI.
996 3912 1002 3922 .
1139 3855 1284 3945 ,septimus
1312 3855 1377 3921 dies
1404 3855 1505 3922 Sabaei
1523 3858 1593 3935 cll,
1625 3855 1694 3939 idest
1710 3859 1834 3936 requies
1857 3865 1915 3923 Do·

519 3974 724 4063 DexFestorum
743 3966 941 4056 observantie.

1147 3955 1236 3999 utini.

257 4058 331 4099 m,
1186 4017 1284 4083 Nota·
1296 4037 1387 4096 opera
1406 4018 1509 4083 nostra
1529 4018 1591 4085 alia·
1615 4017 1675 4081 else
1699 4017 1916 4096 corporis'seu
1952 4061 1971 4109 0

224 4121 280 4157 run
297 4110 328 4156 ae
361 4088 579 4155 .Not-avimiu
596 4095 657 4155 iam
683 4109 776 4156 antea
796 4090 932 4161 breuiter
951 4097 983 4158 in
1011 4094 1111 4172 expli·
1146 4100 1315 4182 corporalia
1334 4144 1345 4176 ,
1363 4119 1430 4172 quae
1459 4099 1533 4165 licet
1559 4095 1752 4167 contundam
1784 4096 1976 4177 liabeanspp,1

227 4174 338 4224 suorum
346 4172 444 4234 cando
462 4174 556 4236 tertio
576 4169 721 4250 Decalogi
743 4191 894 4252 praecepto
910 4175 947 4239 de
967 4170 1110 4241 festorum
1145 4181 1239 4242 animi
1261 4180 1315 4242 leu-
1331 4181 1444 4242 mentis
1462 4179 1772 4258 cooperationem,·a
1794 4199 1852 4256 qua
1871 4177 1913 4240 di·
1928 4189 1971 4259 iiii,

193 4230 610 4329 ⁶‚¹’‘⁸¹¹'²¹¹·sansiisicatione,
630 4250 686 4315 hoc
712 4273 899 4330 praeceptum
919 4258 1030 4332 partim
1049 4256 1110 4318 elle
1145 4263 1305 4338 rigunrur,
1324 4257 1425 4322 multo
1444 4264 1539 4338 magis
1556 4276 1658 4322 tamen
1673 4262 1811 4335 corporis
1826 4278 1916 4321 exer·
1928 4264 1976 4329 pair

203 4298 334 4415 {mg}
347 4331 482 4406 morale,
503 4352 652 4406 quatenus
669 4329 760 4396 homo
776 4352 899 4399 tenetur
926 4339 991 4400 iure
1016 4355 1110 4400 natu·
1143 4343 1293 4404 citatione
1310 4336 1345 4402 δε
1371 4337 1502 4418 labore,
1530 4358 1620 4414 quam
1649 4340 1744 4401 animi
1766 4358 1917 4417 peragun-

204 4426 249 4478 ιι.
350 4407 408 4502 sali
433 4410 555 4487 aliquod
576 4413 652 4477 uitas
673 4413 734 4477 liiae
765 4433 882 4489 tempus
911 4417 1021 4481 divino
1047 4416 1110 4479 cul·
1145 4438 1217 4496 tur;
1238 4420 1297 4482 alia
1312 4436 1403 4493 opera
1419 4418 1571 4483 animiscit
1587 4420 1717 4496 mentis,
1732 4439 1918 4497 quaequani·

343 4505 411 4565 tui,
430 4510 464 4554 ac
481 4491 593 4555 divinis
610 4488 700 4555 rebus
719 4494 918 4573 impendere,
938 4492 973 4561 dc
996 4498 1109 4572 partim
1145 4503 1193 4563 vis
1218 4501 1316 4569 etiam
1340 4517 1393 4574 per
1422 4498 1557 4576 aliquam
1582 4501 1754 4576 potentiam
1781 4501 1918 4574 corporis

342 4572 555 4659 caeremoniale
570 4620 579 4647 ,
594 4589 745 4647 quantum
768 4574 886 4637 scilicet
902 4576 939 4639 ad
964 4580 1108 4652 temporis
1143 4598 1329 4654 exequamur
1343 4624 1351 4651 ,
1365 4579 1466 4642 multo
1481 4579 1546 4655 plus
1565 4595 1676 4641 tamen
1690 4578 1795 4655 aliqua
1824 4581 1921 4640 animi

343 4643 594 4728 destinationem,
614 4669 649 4714 ut
674 4652 764 4716 docet
786 4655 823 4715 D.
844 4652 905 4717 Tb.
929 4674 995 4717 m.
1014 4656 1106 4734 quest.
1145 4656 1315 4733 facultate,
1335 4656 1475 4722 studioac
1491 4655 1583 4721 del'ati
1624 4660 1919 4736 rione,quamcor·

343 4742 541 4808 122.arl·4.
559 4731 600 4795 ad
617 4750 643 4794 1.
661 4730 751 4797 Unde
773 4732 829 4796 boc
847 4750 1033 4813 praecepturi
1044 4756 1106 4813 pro·
1145 4740 1225 4815 poris
1244 4755 1447 4816 exercentur,
1466 4756 1502 4802 ut
1523 4737 1566 4799 est
1604 4758 1718 4815 ocere,
1734 4737 1918 4819 disputare,

343 4825 382 4873 ut
403 4808 446 4904 esi¹
466 4813 699 4890 ceremoniale,
717 4817 833 4877 usiam
850 4817 998 4894 uidimus,
1015 4813 1111 4894 respo
1144 4818 1243 4898 legere
1254 4816 1418 4896 ,scribere,
1431 4815 1608 4896 consulere,
1625 4822 1825 4897 concionari,
1844 4838 1920 4897 ope·

341 4887 391 4952 siu
417 4889 465 4953 die
493 4886 584 4957 labari
611 4910 769 4958 mutatum
788 4889 847 4959 suit
865 4896 961 4960 aba
1003 4896 1111 4975 slolis,
1146 4919 1179 4963 ra
1201 4900 1276 4962 artis
1292 4896 1427 4974 pidboriae
1443 4898 1591 4975 ,muslcae
1609 4946 1618 4977 ,
1637 4896 1672 4963 dc
1694 4898 1803 4962 similia
1830 4916 1922 4963 eiter-

340 4971 393 5042 qtii
410 4970 469 5032 diei
490 4971 594 5037 Sabati
619 4971 697 5063 diem
727 4973 923 5041 Dominicum
951 4918 1111 5041 lu'siiisiue·
1145 4998 1234 5063 cere,
1251 4997 1319 5053 oure
1331 4977 1398 5041 ideo
1417 4979 1560 5042 dicuntur
1576 4981 1687 5057 animi,
1703 4983 1778 5055 quia·
1797 4980 1835 5043 ab
1856 4983 1924 5043 anis

340 5065 415 5114 runt
433 5074 443 5127 3
464 5066 588 5116 necnon
607 5052 670 5116 aba
695 5048 784 5131 sella,
807 5074 844 5120 ut
866 5058 929 5122 iam
954 5057 1111 5134 vidimus,
1146 5079 1198 5123 mo
1215 5058 1264 5122 leu
1282 5075 1418 5124 amente
1440 5062 1590 5136 principue
1606 5059 1798 5137 procedunt,
1819 5080 1857 5123 ac
1884 5060 1922 5124 ad

489 5176 493 5183 ·
1787 5160 1883 5204 exco-
