4425 6000
464 579 475 598 ..
600 515 1467 600 Tutor.ncc‹2urrrcr.crr.1.
1692 539 1762 620 145

1022 675 1025 680 .
1053 637 1166 682 annum
1186 635 1238 696 29:
1257 618 1330 694 lep.
1349 615 1438 698 finali
1457 613 1516 682 cod
1532 615 1569 681 de
1585 627 1670 698 temp.
1691 621 1724 686 in
1742 623 1816 688 ure·

422 677 484 754 s
555 711 583 774 ς.
623 701 710 766 Vll.
1047 719 1138 780 grum
1157 696 1367 779 restitutionis.

1092 778 1140 844 Ad
1157 780 1213 843 hoc
1232 781 1345 858 igitur,
1366 794 1403 844 ut
1418 776 1604 843 beneficium
1623 778 1699 846 iilud
1716 779 1816 847 locum

1091 857 1162 923 beat
1202 861 1368 936 requiritur
1385 875 1421 924 ut
1444 862 1544 922 minor
1570 857 1607 923 stt
1626 857 1713 925 laesus
1727 881 1768 926 ex
1783 865 1817 928 vi

1051 905 1223 1003 concretius
1233 987 1252 1025 ,·
1262 959 1323 1004 non
1341 937 1465 1002 aliunde
1485 958 1537 1016 per
1545 937 1683 1004 accident
1696 988 1704 1017 ,
1718 945 1751 1005 in
1762 961 1818 1007 no·

248 827 298 892 De
315 821 446 917 benefitio
466 819 655 906 restitutionis
670 818 703 882 iri
720 815 895 908 integrum,
924 811 965 886 di·
980 814 1018 880 de
1053 856 1090 923 ha

193 927 197 932 '
409 926 449 968 trs
467 951 477 983 ,
493 899 595 984 quibus
610 899 660 964 hoc
672 897 854 964 comeditur.

287 1019 370 1086 cum
386 1013 466 1086 seila
485 1016 525 1084 stt
546 1015 648 1092 eliqua
667 1016 786 1080 mentio
806 1014 838 1076 in
855 1009 1018 1092 rgendorle
1052 1017 1158 1096 rabili,
1174 1038 1235 1082 non
1258 1021 1287 1080 in
1309 1019 1371 1084 levi
1387 1023 1565 1097 quantitate
1584 1065 1593 1094 ,
1609 1019 1718 1086 idcirco
1737 1021 1816 1099 quod

242 1095 453 1169 conuallibus
482 1093 644 1176 pupilli&
664 1095 854 1159 minorennir
873 1092 911 1156 de
926 1091 1017 1156 hene·
1050 1095 1221 1164 contraiius
1247 1094 1345 1164 salius
1369 1117 1515 1176 appareat
1538 1119 1594 1163 nec
1627 1101 1818 1180 prudenter,

242 1181 317 1249 fido
336 1177 541 1246 restitutionis
563 1180 687 1244 ininte
706 1195 802 1251 rum,
832 1172 908 1265 licet
940 1173 1018 1237 aliar
1051 1197 1107 1242 nec
1123 1177 1221 1256 reste,
1244 1180 1287 1242 ita
1308 1195 1344 1244 ut
1364 1181 1464 1244 minor
1483 1177 1602 1244 nullam
1617 1179 1829 1260 polsrtrepor·'

242 1263 316 1340 quid
331 1258 385 1323 fibi
414 1261 471 1324 hoc
495 1259 576 1322 velit
605 1276 686 1336 expo
701 1255 834 1320 uerimus
860 1302 870 1331 ‚
893 1273 925 1315 m
949 1272 1017 1332 pro·
1050 1277 1118 1322 tere
1135 1257 1336 1342 utilitatem,
1362 1257 1411 1324 sed
1430 1257 1573 1324 damnum
1602 1280 1640 1324 ex
1661 1259 1718 1326 tali
1742 1279 1818 1326 con·

241 1339 346 1420 pofito
367 1338 479 1416 aliquid
498 1338 636 1404 breviter
660 1335 696 1400 de
717 1334 775 1398 lroc
795 1329 945 1397 beneficio
963 1351 1017 1396 ex·
1051 1337 1148 1402 trasiu
1168 1341 1248 1418 Lege
1259 1335 1320 1417 scie
1331 1338 1365 1420 ff.
1389 1339 1425 1404 dr
1439 1338 1562 1420 restitut.
1587 1339 1620 1405 in
1648 1340 1818 1422 integrum.

239 1422 374 1500 planare
393 1417 581 1496 censuimus,
596 1435 632 1482 ut
651 1411 898 1492 deprehendatur
916 1431 1014 1490 quen·
1049 1417 1208 1484 Notabilis
1227 1437 1318 1493 vero,
1340 1417 1391 1482 vel
1412 1419 1492 1482 levis
1510 1423 1667 1496 quantita,
1696 1419 1821 1498 pensan.

242 1499 286 1566 do
307 1503 340 1563 in
356 1501 464 1566 ordine
492 1497 529 1563 ad
556 1494 731 1563 contradus
755 1492 814 1557 hoc
832 1490 1015 1557 beneficium
1048 1500 1087 1563 da
1107 1497 1151 1563 eii
1171 1494 1206 1563 dt
1222 1497 1386 1576 absolute,
1413 1497 1449 1564 dt
1463 1501 1559 1564 etiam
1589 1499 1750 1579 respeiiive
1777 1502 1816 1566 ad

244 1577 437 1659 pupiliie,&
456 1577 621 1642 minoribus
636 1573 762 1640 concedi
780 1571 895 1667 soleat..
937 1652 944 1668 ι
990 1654 997 1668 .
1048 1594 1151 1644 totam
1169 1579 1408 1656 quantitatem,
1435 1577 1568 1646 &iasio
1592 1581 1752 1646 iudicanda
1771 1579 1814 1645 est

285 1660 526 1740 Supponendum
544 1679 572 1724 r.
597 1654 778 1722 beneficium
811 1649 1014 1718 rellrtutronrt
1049 1677 1117 1724 tum
1140 1678 1180 1723 err
1204 1659 1317 1722 damno
1343 1677 1545 1738 emergente,
1576 1675 1642 1726 tum
1674 1681 1715 1724 ex
1731 1659 1817 1725 luero

244 1741 281 1804 in
301 1742 349 1805 int
387 1761 453 1808 rum
468 1738 536 1802 lieri
595 1739 637 1801 ll'e
663 1736 787 1801 ratione
814 1729 1014 1826 prescriptio·
1047 1737 1210 1816 celiante,
1242 1757 1311 1816 quae
1340 1739 1445 1804 omnia
1475 1741 1640 1816 prudenter
1663 1737 1816 1818 pensanda

244 1821 369 1900 nie,ve
403 1822 526 1885 ratione
558 1818 731 1894 ententiae,
751 1814 803 1880 vel
824 1830 945 1878 ratione
962 1831 1014 1876 no·
1048 1819 1135 1883 sunt.
1156 1818 1262 1883 Minor
1282 1836 1389 1885 autem
1410 1838 1471 1882 non
1491 1815 1816 1884 censenduselllaesur

243 1899 353 1964 rabilis
367 1897 495 1965 laesronir
512 1902 544 1961 irr
562 1896 721 1962 contraiiu
739 1942 750 1973 ‚
769 1894 821 1961 vel
840 1888 922 1971 quast
941 1912 1015 1955 con·
1046 1919 1093 1963 ex.
1104 1899 1299 1978 venditione,
1314 1901 1385 1975 quir
1400 1897 1479 1962 alter
1495 1919 1550 1976 pro
1567 1919 1599 1964 re
1616 1899 1816 1977 venditrplur

243 1975 346 2044 mdiu
360 1979 481 2044 valido.
510 1978 659 2053 Siquidem
691 1995 763 2040 cum
781 1969 1015 2054 contrasttrrab
1049 1975 1258 2056 exhibuerit,
1281 2001 1350 2042 cum
1372 1979 1500 2043 vendita
1517 1978 1554 2043 lit
1575 1983 1662 2046 iuxta
1685 1983 1817 2059 pretium

245 2059 341 2126 initio
360 2055 419 2124 suit
441 2039 544 2132 pelle
568 2059 694 2133 irritus,
714 2073 752 2120 ut
768 2057 830 2148 iam
850 2071 903 2144 per
923 2051 952 2144 le
967 2071 1014 2146 ret
1047 2058 1127 2134 loci,
1145 2079 1208 2136 quo
1222 2057 1385 2135 prudentes
1402 2058 1559 2124 vendunt.
1588 2058 1680 2126 Licet
1712 2077 1816 2123 tamen

245 2153 336 2216 patet
356 2185 366 2217 ‚
390 2158 453 2203 non
469 2137 582 2216 indiget
605 2135 737 2202 remedio
763 2132 963 2220 restitutionis
984 2149 1014 2224 πμ
1047 2139 1138 2204 detur
1159 2157 1198 2202 ex
1217 2139 1301 2218 Lege
1318 2139 1380 2204 tale
1397 2139 1591 2218 privilegium
1611 2139 1722 2204 minori
1744 2139 1817 2203 laet'o
1889 2197 1893 2204 .

244 2221 402 2300 inustum
422 2265 431 2298 ‚
454 2215 546 2290 ficut'r
570 2219 669 2281 etiam
686 2214 817 2291 quando
841 2211 925 2276 laeiro
953 2207 1013 2276 suit
1047 2221 1080 2282 in
1095 2217 1257 2282 eontrallu
1298 2221 1368 2296 quia
1391 2216 1447 2282 hoc
1468 2215 1566 2282 solum
1585 2221 1613 2282 ei
1625 2217 1816 2296 conceditur,

244 2295 328 2364 levir
346 2345 357 2378 ,
385 2315 496 2377 utpote
509 2315 578 2375 quae
602 2298 634 2361 in
660 2292 729 2360 lure
750 2313 805 2374 pro
824 2290 910 2356 nulla
926 2310 1013 2368 repu-
1047 2319 1109 2363 non
1123 2303 1152 2361 ei
1170 2298 1242 2363 licet
1258 2266 1288 2361 se
1303 2297 1426 2362 occulte
1441 2295 1654 2378 compensare.
1726 2367 1729 2372 ,

204 2450 223 2464 ..
244 2393 353 2444 tetur.
895 2455 902 2466 ·
1085 2379 1170 2442 Hinc
1190 2377 1346 2466 colligitur
1367 2379 1576 2444 minorennerrr
1599 2379 1645 2444 uti
1666 2376 1817 2462 polichoe
1834 2362 1973 2478 fflo'fffl

177 2467 224 2508 ¹¹¹¹
283 2459 517 2538 supponendum
543 2479 572 2521 ι.
600 2457 814 2538 multipliciter
837 2452 902 2518 lieri
930 2449 1013 2538 polle
1046 2455 1211 2537 beneficio,
1231 2455 1311 2540 srex,
1324 2457 1507 2522 venditione
1523 2457 1565 2533 ¹srt
1586 2455 1698 2537 laesus,
1718 2457 1739 2521 sr
1758 2458 1813 2532 laer
1830 2488 1871 2540 „q
1894 2489 1953 2553 Μ,

177 2555 179 2560 ·
242 2537 470 2608 restitutionem
489 2544 521 2603 in
537 2543 711 2619 integrum,
741 2557 769 2600 1.
786 2553 895 2610 nempe
911 2529 1013 2596 reicis·
1046 2536 1094 2602 sur
1118 2534 1156 2602 srr
1183 2539 1215 2600 in
1241 2555 1352 2614 mutuo
1372 2554 1530 2616 accepto,
1556 2541 1630 2616 quia
1651 2541 1813 2614 pecuniam
1830 2549 1965 2606 eruerer

177 2647 224 2698 ,qq
241 2619 328 2684 stone
341 2619 536 2697 contrarius,
558 2621 608 2684 vel
628 2615 709 2695 quasi
725 2613 925 2686 contraditis,
947 2610 1013 2708 siv?
1046 2635 1155 2685 mutuo
1171 2635 1329 2694 acceptam
1345 2615 1446 2682 amisit
1464 2667 1472 2695 ,
1493 2636 1548 2682 aut
1565 2617 1720 2708 inutiliter
1740 2639 1813 2683 con·
1831 2615 1893 2667 ficto
1907 2631 1956 2694 ,¹³-

197 2702 372 2779 tuoruuiri
389 2748 398 2776 ,
418 2698 482 2764 irre
501 2697 619 2764 onerosi
656 2717 686 2760 ι.
708 2693 1013 2779 restitutionemque
1047 2695 1168 2776 sumpsit
1192 2745 1200 2775 ,
1220 2695 1239 2758 sr
1256 2696 1379 2761 debitor
1394 2699 1552 2776 pecuniam
1581 2701 1610 2762 ei
1628 2697 1729 2763 sulvat
1750 2697 1811 2762 stne
1852 2692 1945 2756 .'¹¹.¹‘¹.⁰·

241 2781 365 2845 valenti
382 2780 569 2844 detrimento
583 2748 797 2870 taionnvcr
813 2773 1012 2868 etiomealia·
1045 2775 1233 2841 authoritate
1255 2792 1310 2839 aut
1332 2779 1513 2840 interventu
1530 2779 1658 2855 tutoris,
1683 2795 1738 2843 rut
1757 2800 1811 2842 cu·
1829 2759 1930 2875 ,22:ssss
1939 2777 1953 2864 ζ

177 2857 198 2890 ·“
243 2863 332 2930 time
344 2855 524 2935 sententiae,
541 2858 591 2923 vel
603 2846 801 2922 revocationi
811 2851 1012 2931 proscriptio
1047 2860 1160 2922 catoris
1179 2903 1188 2927 .
1208 2859 1278 2932 quia
1299 2871 1374 2920 runc
1395 2852 1508 2918 solutio
1528 2855 1709 2921 inutiliter}
1731 2860 1811 2922 civi-

243 2945 309 3017 nir‚
326 2936 378 3005 sed
401 2937 440 3005 de
461 2938 505 3004 liic
526 2937 640 3003 duobus
660 2932 893 3015 poliremiesatis
908 2926 1012 3025 super·
1044 2939 1132 3002 liter.
1163 2936 1244 3013 Qria
1268 2951 1372 3001 tamen
1394 2935 1497 3001 valida
1522 2936 1581 3007 suit
1597 2937 1810 3015 naturaliter,

243 3042 303 3098 que
317 3022 381 3087 iam
409 3035 499 3084 antea
528 3016 638 3082 clidium
664 3015 733 3093 eli,
760 3012 835 3080 dum
859 3028 1012 3077 rationem
1044 3018 1166 3082 debitor
1186 3036 1246 3080 non
1269 3032 1394 3080 tenetur
1413 3018 1526 3082 iterum
1547 3012 1668 3082 solvere
1685 3016 1816 3097 nrfipolt

243 3102 336 3167 huius
354 3098 493 3164 beneficii
514 3118 755 3176 exponeremus.
874 3174 881 3187 ·
930 3174 937 3189 ·
980 3173 987 3187 .
1045 3100 1151 3171 iudicis
1173 3094 1376 3164 sententiam.
1394 3093 1525 3173 Quodsi
1544 3092 1660 3162 solutio
1681 3094 1759 3161 salia
1777 3096 1814 3165 stt

286 3178 502 3246 Huiuscemodi
530 3176 712 3243 heneficium
747 3172 953 3241 restitutionis
978 3192 1010 3233 tn
1044 3179 1212 3255 emptoris,
1234 3176 1285 3242 vel
1303 3178 1418 3241 tutoris
1438 3174 1648 3255 auiioritate,
1672 3176 1706 3243 dt
1723 3196 1815 3255 pecu·

244 3264 433 3341 integrum,
455 3279 563 3337 nempe
588 3257 724 3323 redusiio
745 3256 789 3320 rei
819 3253 856 3318 ad
879 3254 1012 3330 priorem
1045 3260 1096 3321 nia
1111 3256 1321 3333 deperdarur,
1347 3257 1396 3320 vel
1419 3256 1571 3341 inutiliter
1597 3256 1815 3339 consumetur,

244 3340 375 3415 urum,
399 3344 431 3403 in
451 3362 511 3417 quo
528 3339 657 3404 extabat
675 3332 846 3415 priusquam
865 3330 1010 3423 deealie·
1044 3336 1064 3400 ri
1087 3340 1188 3401 minor
1204 3351 1341 3401 recurret
1368 3336 1406 3401 ad
1437 3332 1620 3403 beneficium
1647 3335 1814 3403 resiitutio·

244 3437 295 3487 ret
309 3418 499 3498 contradus,
518 3423 688 3496 praecipue,
703 3434 738 3481 ut
755 3418 815 3479 iam
835 3413 910 3477 alias
931 3411 1010 3476 vidt-
1043 3422 1090 3481 nis
1111 3419 1141 3480 in
1158 3418 1332 3495 integrum,
1352 3418 1397 3479 ius
1418 3416 1514 3481 habet
1529 3434 1639 3484 contra
1659 3435 1813 3497 tutorem,

243 3522 313 3566 mue
348 3501 526 3565 conceditur
546 3498 668 3578 pupillis
686 3542 696 3574 ,
717 3516 752 3561 ac
772 3488 1009 3567 minoribut,s1
1044 3498 1094 3561 vel
1115 3514 1314 3561 curatorem.
1339 3496 1369 3558 Si
1389 3497 1649 3575 verocompulsur
1679 3496 1814 3563 hierita·

246 3548 419 3659 priusquam
444 3599 559 3643 annum
582 3596 632 3657 ²5·
670 3573 922 3652 compleverint,
960 3570 1010 3663 da·
1044 3576 1143 3643 iudice
1159 3574 1196 3641 ed
1216 3574 1397 3641 solvendum
1432 3592 1507 3641 tunc
1526 3578 1648 3643 debitor
1664 3576 1814 3644 liherme·

244 3678 353 3725 ninum
370 3658 544 3737 acceperint
567 3662 599 3721 in
627 3656 734 3730 aliquo
753 3650 912 3746 contractu
933 3655 1012 3744 inito
1043 3674 1098 3722 net
1119 3704 1129 3735 ‚
1152 3676 1208 3721 nee
1238 3656 1337 3721 locum
1366 3624 1458 3721 hahet
1487 3655 1644 3722 relliturr'o
1673 3660 1704 3720 in
1733 3660 1814 3723 inte·

243 3738 309 3804 sine
324 3737 488 3804 sufficienti
510 3736 673 3815 prudentia
691 3734 750 3823 ,dr
770 3728 1017 3824 circumspectio,
1033 3758 1144 3819 ¹prum.
1167 3738 1267 3823 Datur
1289 3734 1409 3817 insuper
1429 3736 1486 3801 hoc
1501 3733 1736 3812 beneficium,fi
1756 3739 1813 3800 rni-

245 3840 308 3897 ne,
328 3822 400 3899 [eg-
420 3834 448 3897 3.
469 3816 510 3882 (7
528 3838 554 3894 5.
576 3815 633 3879 cod
656 3812 693 3877 de
708 3834 740 3875 ur
763 3824 907 3904 integrum
931 3801 1013 3892 rests:
1034 3836 1100 3882 'nor
1116 3814 1202 3882 Iaelut
1220 3812 1257 3880 lit
1287 3818 1319 3877 in
1347 3816 1430 3892 quau
1459 3812 1619 3881 contraditi
1637 3864 1645 3894 ,
1674 3816 1726 3883 vel
1742 3819 1813 3894 quia

243 3896 520 3971 terminatarum
545 3916 651 3959 verum
670 3891 713 3956 eli
734 3942 743 3971 ,
772 3911 910 3983 quamvrs
937 3912 1012 3955 con·
1046 3894 1195 3960 lucrosam
1216 3894 1429 3960 hereditatem
1446 3896 1647 3974 repudiavit,
1671 3896 1722 3962 vel
1740 3898 1813 3975 quia

241 3976 359 4044 traditis
374 3973 467 4040 saiius
481 3974 557 4038 esset
573 3977 753 4041 etiamtum
774 3968 952 4035 atriiorrtate
964 3988 1012 4033 tu·
1044 3974 1219 4041 damnosam
1240 3980 1438 4052 acceptavit,
1459 3976 1511 4041 vel
1528 3972 1549 4038 sr
1568 3973 1657 4040 laesue
1672 3975 1709 4042 fir
1729 3978 1760 4041 in
1778 3996 1811 4040 e·

242 4060 341 4133 toris,
361 4074 417 4120 eut
436 4058 612 4129 curatoris,
640 4057 701 4117 imo
720 4056 815 4118 eriam
844 4049 876 4116 dt
906 4048 1012 4139 iudicis
1045 4056 1174 4121 leiiiorre
1190 4054 1371 4119 deteriorem
1388 4073 1507 4131 partem
1523 4056 1682 4135 eligendo.
1746 4062 1760 4091 ⁸

241 4156 285 4203 ex
306 4142 379 4216 teg.
403 4156 430 4199 1.
447 4134 488 4201 (5
498 4132 557 4216 seq.
596 4135 662 4200 λε
680 4132 784 4197 minor.
802 4128 844 4197 (5
858 4130 892 4211 ff·
921 4128 1012 4221 dcto
1085 4136 1159 4211 Non
1187 4132 1285 4212 potest
1315 4153 1419 4199 tamen
1456 4138 1645 4200 minorennis
1668 4134 1727 4201 srui
1752 4136 1812 4203 teli

243 4214 397 4297 integrum
415 4213 540 4301 restitut.
586 4216 684 4281 terrim
700 4214 825 4277 illorum
849 4206 1012 4273 audiorrtas
1043 4213 1192 4280 beneflcio
1210 4212 1256 4292 ,sr
1277 4214 1466 4280 contradam
1495 4214 1661 4291 prudenter
1673 4214 1812 4295 ‚celebra-

244 4292 322 4362 sacit
347 4298 467 4373 quidem
492 4293 685 4365 contraiium
713 4312 814 4358 ratum
833 4338 843 4366 ‚
865 4288 915 4354 sed
945 4308 1009 4353 non
1044 4295 1148 4371 verit,
1167 4292 1239 4359 ideii
1260 4291 1346 4360 sreuti
1369 4295 1605 4373 prudentestele
1700 4288 1811 4375 solent,

244 4376 332 4443 tollit
348 4372 530 4441 beneficium
559 4374 764 4441 restitutionis
789 4374 821 4433 in
839 4376 1010 4449 integrum.
1044 4377 1116 4451 quia
1135 4389 1211 4440 tunc
1231 4394 1296 4438 non
1316 4374 1359 4437 eli
1381 4370 1469 4439 lasus
1490 4378 1522 4441 vi
1544 4394 1583 4441 co
1620 4386 1622 4391 '
1676 4372 1811 4451 ,''‚sed

240 4456 323 4524 idme
338 4474 443 4522 eutem
458 4452 690 4519 restitutioheri
705 4449 804 4533 potest
827 4450 1011 4516 velcontra·
1045 4452 1166 4520 aliunde
1189 4502 1198 4533 ,
1224 4471 1296 4529 puta
1321 4453 1340 4515 sr
1369 4475 1464 4532 equus
1490 4452 1598 4521 debito
1646 4456 1725 4519 r'e'tio
1748 4450 1810 4523 suit

241 4538 326 4603 dium
341 4537 555 4611 rescindendo,
574 4534 626 4599 vel
648 4534 726 4610 quod
737 4534 838 4607 ‚altera
855 4551 923 4607 patr
944 4551 1010 4607 pre·
1044 4551 1165 4613 emptus
1176 4582 1185 4613 ,
1209 4533 1243 4600 dt
1263 4532 1361 4608 polica
1376 4538 1546 4599 moriatur.
1573 4534 1602 4597 Si
1620 4532 1813 4599 contraiium

244 4621 325 4682 tium
344 4618 446 4681 reddat
486 4620 600 4691 inquo
618 4615 718 4677 minor
734 4608 823 4677 laesus
844 4608 903 4674 suit
962 4629 1010 4675 ct·
1042 4611 1139 4681 saciat
1155 4633 1194 4679 ex
1215 4634 1275 4690 quo
1290 4614 1451 4691 aequaliter
1466 4613 1503 4679 fit
1521 4613 1674 4691 expostus
1692 4616 1812 4691 perico-

244 4694 330 4763 iamst
349 4694 388 4761 sit
408 4664 489 4761 iulia
508 4694 684 4759 dimidium.
705 4692 775 4755 Hoc
795 4708 899 4755 autem
920 4657 1011 4755 hene·
1046 4696 1076 4759 lo
1091 4692 1253 4772 perdendi,
1269 4691 1303 4759 dt
1320 4694 1479 4772 lucrandi,
1497 4698 1569 4770 quir
1587 4710 1663 4757 tunc
1678 4692 1810 4771 pruden-

240 4776 366 4855 ficium,
384 4792 420 4841 ut
442 4776 516 4839 alias
537 4774 733 4849 notavimus,
751 4771 893 4848 perdurat
903 4770 1010 4836 adver·
1044 4794 1091 4838 ter
1123 4769 1297 4838 celebratur
1325 4771 1513 4838 contraditis.
1541 4772 1620 4837 ltem
1643 4771 1664 4835 fi
1685 4786 1811 4839 contre·

185 4896 188 4901 -
243 4856 293 4923 lus
310 4855 486 4921 contraiiut
503 4874 638 4930 omnes,
663 4856 695 4915 in
714 4850 819 4928 quibus
838 4852 938 4914 minor
955 4850 1008 4913 lar·
1043 4854 1126 4918 sium
1146 4853 1257 4915 initum
1278 4854 1309 4915 in
1326 4858 1437 4919 minori
1455 4849 1659 4919 aetatesaiius
1676 4854 1811 4919 iammo-

242 4935 292 5003 sut
306 4936 387 5016 luit,
402 4936 437 5001 dt
456 4933 624 5001 celebravit
646 4949 720 4997 ante
737 4950 853 4994 annum
868 4948 917 5006 ²5·
928 4950 1009 4993 com-
1044 4938 1091 4997 ior
1106 4927 1310 4996 ratificaverit
1331 4980 1339 5010 ,
1363 4932 1415 4997 vel
1430 4935 1462 4996 in
1490 4934 1599 4995 minori
1616 4948 1713 4997 atate
1726 4930 1812 4998 iura·

242 5018 382 5094 pletum,
401 5014 436 5080 dt
455 5013 514 5079 hoe
530 5013 641 5095 gaudet
671 5029 803 5127 quatuor
831 5028 917 5095 annis
945 5008 1008 5085 poll
1042 5028 1149 5103 mento
1176 5008 1347 5075 firmaverit
1375 5016 1446 5151 Lei.
1465 5008 1553 5101 ιβ’
1569 5030 1597 5075 ².
1623 5012 1682 5077 cod.
1701 5012 1729 5091 fi
1746 5032 1812 5074 ma·

241 5098 430 5175 completum
449 5096 528 5159 idem
544 5112 663 5167 tempus
720 5110 791 5153 nem
841 5090 950 5167 ¹ulque
969 5092 1008 5155 ad
1041 5110 1085 5157 ror
1107 5086 1216 5169 fedius
1247 5100 1347 5153 ratam
1378 5090 1417 5155 ha
1435 5104 1512 5156 uerrt
1545 5090 1690 5157 Autenti.
1711 5093 1811 5156 Sacra·

321 5176 417 5257 Instii.
433 5172 534 5241 Theoi.
550 5172 659 5240 Murci.
681 5140 773 5239 'som
793 5108 850 5231 iil·
1688 5190 1771 5235 men·
