4425 6000
564 530 1566 608 TirenusConectencinxuxi.
1718 558 1791 632 253

286 627 563 698 dominir'Cauerra
586 635 668 697 enim
688 634 772 697 loeus
792 631 856 705 est,
873 631 972 712 inquo
989 621 1049 690 fru·
1086 631 1185 695 locare
1206 628 1318 707 potest.
1344 632 1391 695 Sic
1415 652 1454 695 ex
1469 633 1563 711 instit.
1585 631 1632 696 lid.
1651 653 1679 694 2.
1698 633 1744 696 tir.
1762 659 1789 713 4.
1812 631 1842 695 ff.

285 730 446 790 mentum,
469 718 595 789 vinum,
612 713 735 788 oleum,
751 710 784 775 δι
800 707 908 771 similia
929 710 1049 770 lervan·
1088 728 1156 774 roto
1178 713 1226 774 tit.
1250 730 1275 772 1.
1292 709 1339 773 sed
1355 712 1390 774 de
1412 711 1468 775 boc
1489 715 1549 775 iam
1575 712 1644 777 saris
1671 711 1774 791 supra,
1794 713 1843 775 ubi

286 812 352 856 tur.
383 794 431 856 Sic
460 792 654 856 Reiffensluel
672 792 709 856 de
729 788 825 855 leudis
842 808 922 850 num.
941 802 987 863 30.
1016 785 1049 850 dt
1086 791 1123 853 de
1144 789 1233 853 modo
1253 790 1424 865 acquirendi
1441 792 1582 855 dominii.

284 872 337 934 alii
359 871 480 949 pasfim.
499 874 578 937 ltem
595 869 718 936 feudum
734 867 891 945 personale
906 866 989 957 aliud
1007 863 1048 929 ell
1125 870 1303 945 Superbcies
1319 869 1361 933 esl
1383 869 1481 935 veluti
1492 871 1689 950 contradus,
1709 893 1770 949 quo
1779 876 1844 950 quit
1860 892 1979 960 Quieto.

288 952 449 1030 Guerdr'ae,
470 953 549 1026 quod
568 954 659 1016 datur
680 952 769 1015 alicui
791 970 861 1012 cum
878 944 998 1023 debito,
1014 963 1048 1009 ut
1087 950 1130 1012 ius
1147 950 1277 1025 acquirit
1299 948 1461 1025 possidendi
1478 950 1663 1022 superficiem
1680 952 1772 1018 alieni
1802 952 1849 1018 lo·
1863 956 1936 1033 esui.

287 1032 422 1096 vassalus
441 1035 731 1109 callrum,arcem‚
762 1028 950 1092 territorium
971 1028 1049 1098 ‚do·
1087 1028 1271 1106 li,utineo
1288 1027 1442 1094 aedificare
1460 1029 1564 1106 pollrr.
1584 1034 1647 1104 Qui
1665 1031 1844 1099 rriciusha.
1865 1031 1936 1073 ⁶¹²⁸·

285 1131 369 1173 mum
384 1111 553 1191 custodiat3
571 1113 649 1175 aliud
665 1107 843 1190 Gassaldiae.,
859 1104 937 1181 quod
958 1105 1048 1196 datur
1084 1106 1136 1170 ber
1157 1110 1269 1170 dicitur
1289 1108 1526 1186 superficiarius,
1545 1112 1578 1175 dc
1600 1112 1649 1174 bic
1679 1110 1769 1176 habet
1790 1113 1843 1178 do·

284 1189 406 1269 alicui,
427 1193 631 1267 utrdomum,
659 1188 711 1254 seu
734 1209 795 1252 rem
824 1187 916 1248 aliam
935 1183 1047 1247 domini
1084 1190 1212 1250 minium
1234 1189 1337 1261 utile,
1362 1193 1447 1256 errius
1475 1194 1640 1265 proprietas
1670 1212 1759 1267 penes
1787 1194 1843 1255 do·

281 1268 452 1347 gubernet,
472 1271 680 1345 administret,
702 1286 757 1332 aut
778 1283 941 1342 procurer;
963 1263 1045 1327 aliud
1084 1269 1199 1330 minum
1224 1267 1280 1329 loci
1313 1286 1467 1346 remanet,
1487 1274 1560 1343 quin
1581 1268 1745 1335 aedificium
1759 1272 1842 1338 cedit

281 1349 407 1412 Saldan-
432 1351 511 1426 quod
538 1370 600 1413 non
628 1349 669 1411 esl
695 1370 733 1411 ex
749 1347 877 1409 Camera
898 1392 907 1419 ,
931 1364 988 1407 nec
1007 1365 1046 1407 ex
1083 1344 1164 1423 solo,
1185 1350 1215 1407 in
1235 1348 1293 1421 quo
1313 1346 1513 1413 construitur.

279 1428 409 1493 Cavena
422 1477 431 1506 ,
446 1426 499 1492 sed
517 1428 688 1505 simpliciter
709 1448 810 1490 annua
830 1426 986 1500 quantitas
997 1444 1046 1508 pe·
1121 1426 1261 1488 Servitus
1278 1426 1376 1490 alliva
1391 1428 1433 1491 ell
1455 1429 1553 1493 veluti
1570 1435 1740 1497 contradus
1769 1430 1982 1506 rari-endere

266 1510 401 1584 >ermiae,
418 1511 500 1586 vini,
520 1507 569 1572 seu
590 1507 753 1583 frumenti,
773 1506 863 1567 datur
883 1503 973 1568 alicui
993 1501 1047 1566 lub
1083 1522 1115 1568 te
1133 1508 1243 1581 initus,
1262 1527 1322 1580 quo
1342 1511 1405 1582 quis
1430 1511 1476 1572 ius
1504 1509 1622 1585 aliquod
1645 1511 1734 1577 habet
1756 1516 1786 1574 in
1811 1534 1843 1577 re
1861 1510 1964 1569 ''5¹¹⁸'‘

279 1586 467 1666 obligatione
487 1589 671 1664 fidelitatis,
699 1583 972 1672 &servitiorum,
1000 1586 1045 1645 ita
1081 1585 1238 1659 alterius,
1265 1606 1332 1659 qnae
1360 1585 1501 1654 l'crvirus?
1522 1589 1634 1667 passive
1658 1591 1775 1670 sumpta
1800 1590 1843 1654 est
1885 1576 1891 1607 ¹
1934 1586 1941 1602 '

278 1684 317 1730 ut
333 1680 397 1731 non
413 1666 512 1732 solum
528 1688 578 1746 per
595 1686 727 1731 mortem
743 1664 831 1740 ipsius
849 1664 975 1750 vallali,
994 1658 1044 1750 ¹sed
1082 1663 1143 1741 ipsa
1154 1668 1198 1729 rei
1216 1662 1377 1742 subiectio,
1396 1665 1430 1731 ἃ
1452 1672 1516 1734 haec
1532 1669 1575 1732 cll
1601 1671 1649 1733 vel
1661 1673 1767 1748 realis,
1790 1693 1844 1749 per

273 1752 376 1810 ¹etiam
393 1767 445 1825 per
462 1767 592 1812 mortem
612 1750 713 1810 dantis
734 1748 852 1818 expiret
873 1739 959 1806 uba.
971 1743 1044 1821 jeu·
1080 1765 1171 1819 quam
1189 1767 1236 1808 res
1254 1746 1295 1806 rei
1316 1744 1430 1823 servit,
1449 1752 1498 1812 vel
1521 1748 1700 1828 personalis,
1721 1772 1779 1827 qua
1796 1772 1843 1815 res

279 1825 343 1889 dor.
362 1829 417 1891 rit·
431 1844 477 1889 to.
493 1828 583 1913 Apud
605 1829 757 1890 Romanos
773 1822 929 1887 Soldatum
949 1827 980 1883 in
990 1827 1044 1883 mi·
1081 1823 1215 1909 personae
1232 1824 1400 1904 obligatur,
1421 1833 1471 1893 vel
1490 1826 1611 1907 persona
1624 1835 1686 1892 rei.
1704 1832 1762 1895 Res
1776 1852 1844 1910 per·

278 1905 352 1970 litia
373 1907 563 1985 appellabant
579 1929 672 1982 eum,
692 1908 740 1969 cui
762 1900 907 1978 stipendia
929 1900 966 1964 ab
988 1901 1044 1963 lm·
1082 1902 1161 1989 lonae
1176 1952 1184 1980 ,
1202 1902 1273 1966 ntsr
1295 1909 1341 1968 ius
1362 1908 1488 1972 habeam
1506 1931 1569 1973 non
1586 1928 1710 1985 propter
1729 1932 1844 1989 agrum,

279 2004 420 2058 peratore
440 1986 579 2063 promissa
596 2004 710 2062 erant,
739 1987 810 2059 quia
834 2004 902 2045 cnm
919 1981 1043 2071 populus
1081 1982 1129 2045 led
1146 1983 1266 2047 aliunde
1286 1983 1342 2047 hac
1361 1987 1556 2054 tranl'enndi.
1579 1986 1708 2054 Persona
1725 1994 1788 2066 rei,
1807 2007 1845 2053 ut

278 2064 437 2130 Romanus
453 2088 505 2143 per
524 2084 592 2127 τοο.
613 2086 708 2129 annos
735 2064 861 2140 propriis
888 2061 1042 2124 militallet
1081 2061 1099 2122 si
1120 2063 1246 2128 loannes
1263 2084 1366 2141 agrum
1390 2088 1490 2131 meum
1510 2071 1650 2133 excolere
1675 2090 1843 2134 teneatur.

278 2142 458 2224 stipendiis,
481 2148 603 2211 tandem
623 2147 826 2208 decreverunt
848 2145 979 2216 Patres,
1009 2158 1042 2203 ut
1080 2143 1270 2231 Hincusus,
1287 2143 1487 2222 ususfrudius,
1508 2149 1658 2213 habitatio
1682 2150 1750 2214 lunt
1776 2167 1846 2225 pro·

277 2224 393 2288 milites
413 2232 563 2303 acciperet
585 2226 782 2300 stipendium,
798 2220 833 2285 dt
851 2221 935 2284 ultra
957 2239 1042 2296 pecu·
1081 2226 1143 2299 prie
1164 2225 1330 2290 servitutes
1351 2228 1536 2304 personales.

276 2305 360 2366 niam
378 2305 509 2371 dabatur
535 2314 578 2370 eis
602 2304 690 2370 vellis
717 2303 750 2368 ἀ
771 2302 988 2374 frumentum,
1009 2299 1042 2364 dc

273 2379 426 2525 equitibus
443 2391 538 2528 eldam
563 2406 675 2527 equus.
701 2382 853 2525 Haflenus
882 2382 914 2442 P.
931 2379 1041 2444 Ferra-
1245 2380 1271 2441 C
1312 2390 1339 2449 A
1381 2390 1403 2448 P
1443 2386 1473 2449 U
1516 2386 1563 2454 T⁴
1605 2385 1668 2450 ΧΙ.

275 2465 317 2523 ris
340 2465 370 2525 in
406 2487 444 2529 ua
487 2468 570 2531 ibliot
593 2486 645 2530 eea
666 2467 793 2527 morai.
1358 2502 1363 2512 -
1648 2505 1653 2513 -

221 2567 259 2622 rr·
316 2542 486 2623 Obligatur.
507 2550 598 2624 igitur
624 2542 810 2608 feudatarius
835 2563 860 2603 1.
890 2541 1040 2628 iuramen·
1195 2507 1239 2565 ⁰⁶
1259 2508 1413 2569 mmm
1427 2500 1491 2582 ’Ψ
1511 2504 1725 2571 εωκᾶωπ·
1789 2536 1791 2539 ’

221 2651 222 2660 ¹
275 2625 505 2700 tumpraellare
535 2626 711 2689 fidelitatis.
737 2643 764 2684 2.
794 2622 966 2697 Requilrtus
990 2620 1041 2685 de·
1413 2627 1439 2686 §.
1482 2620 1506 2682 1.

221 2694 246 2735 ¹¹
271 2699 339 2765 bita
357 2705 479 2767 reddere
499 2704 654 2780 obsequia.
686 2721 712 2783 3.
740 2704 813 2766 Non
837 2699 925 2796 debet
945 2700 1040 2794 dispo·
1076 2693 1388 2815 Quidstrrorarioe
1409 2738 1543 2802 coam!-
1591 2737 1695 2804 &ad
1751 2738 1848 2806 idt-

273 2801 346 2845 nere
366 2783 404 2847 de
419 2781 509 2849 feudo
529 2784 589 2847 sine
603 2779 748 2848 consensu
762 2780 898 2874 domini,
926 2778 976 2843 seu
996 2802 1040 2874 rnj
1169 2831 1293 2881 „camur
1316 2818 1452 2884 locator&
1492 2759 1749 2884 (5⁰c’ondu3orgsu
1817 2762 1832 2806 e

270 2860 737 2939 feudatoris,quisrbiretinet
759 2884 789 2923 ru
812 2858 903 2923 leudo
927 2859 1039 2935 ,sicuti
1422 2865 1431 2882 ⁶
1464 2867 1472 2894 ¹
1648 2871 1658 2884 “
1747 2865 1754 2880 ’

273 2943 305 3003 in
327 2945 506 3018 emphiteuli
524 2945 764 3021 proprietarius,
781 2941 949 3005 dominium
963 2940 1040 3004 dire·
1146 2935 1262 3003 Oratio
1281 2939 1313 3004 dc
1330 2935 1488 3003 condudiio
1510 2936 1578 3002 lunt
1608 2960 1688 3003 unus
1707 2938 1846 3014 idemque

270 3021 367 3085 dium.
393 3023 482 3086 Unde
519 3024 605 3088 sicuti
632 3022 823 3100 emphiteuta
844 3041 905 3084 reru
927 3020 1040 3097 emphi-
1166 3019 1359 3095 contradus,
1379 3018 1466 3082 sicuti
1486 3020 1651 3093 emptio&
1674 3019 1841 3092 venditi0‚

271 3108 420 3166 teuticam
436 3105 554 3167 amittit
580 3153 588 3181 ‚
614 3102 634 3165 li
665 3125 730 3167 non
757 3119 924 3177 exequatur
951 3102 1037 3177 palla
1074 3104 1183 3173 quiex
1205 3119 1291 3176 parte
1306 3100 1438 3163 loeanris
1453 3098 1566 3161 dicitur
1595 3099 1732 3173 locatio,
1752 3098 1785 3162 &
1805 3117 1844 3158 ex

251 3183 350 3244 ¹inita
368 3188 398 3244 in
420 3183 578 3247 contrat‘lu
597 3180 816 3261 emphiteusrs,
839 3180 877 3244 sic
899 3180 1038 3246 feudata—
1075 3196 1164 3253 parte
1187 3180 1355 3254 locatarii,
1384 3175 1432 3242 seu
1454 3180 1626 3254 recipientis
1643 3179 1753 3242 dieitur
1770 3196 1844 3240 con·
1935 3244 1965 3256 ..

271 3264 334 3324 rius
360 3262 483 3325 seudum
511 3267 629 3327 amittit
655 3262 788 3341 neglellu
814 3261 1037 3339 obsequiorum,
1073 3258 1193 3321 dudiio.
1208 3259 1341 3321 Lutario
1357 3257 1399 3319 eli
1415 3256 1607 3333 contradus,
1628 3279 1680 3336 quo
1696 3257 1762 3336 quir
1779 3277 1840 3321 rem
1856 3255 1892 3354 ιθ
1914 3256 1985 3294 '¹¹¹⁰

270 3338 305 3404 de
324 3337 443 3405 servitii
467 3391 475 3418 ,
495 3362 624 3416 quorum
640 3364 734 3407 onere
758 3339 880 3405 feudum
900 3344 1037 3407 obtinuit
1072 3339 1203 3428 aliquam
1223 3339 1311 3401 alieri
1325 3339 1486 3428 piendam,
1504 3340 1557 3401 vel
1580 3337 1747 3427 fruendam
1776 3359 1841 3400 con·
1860 3319 1976 3424 ,ffi‘m

269 3419 305 3485 dc
320 3419 359 3483 ob
373 3424 488 3486 crimen
510 3418 643 3486 felloniae
663 3471 671 3496 ,
700 3418 810 3488 idellsr
834 3422 912 3486 bella
927 3441 1037 3491 contra
1072 3420 1149 3484 redu
1165 3431 1240 3483 certo
1252 3431 1361 3498 prem,
1379 3421 1446 3497 five
1465 3420 1594 3482 mercede
1609 3420 1777 3496 constitute.
1789 3417 1843 3478 Di-

270 3500 426 3567 dominum
445 3499 590 3566 diredlurn
608 3503 747 3582 gellerit.
1071 3504 1153 3565 citur
1168 3522 1222 3581 quo
1241 3501 1305 3577 quis
1326 3519 1387 3563 rem
1407 3499 1536 3578 alr'qrram
1557 3497 1645 3562 alleri
1669 3499 1810 3561 urendam
1832 3545 1842 3575 ,

1071 3583 1122 3646 vel
1134 3579 1296 3662 fruendam
1312 3578 1442 3645 curcedit
1461 3579 1496 3641 ad
1518 3576 1725 3642 denotandum
1742 3578 1838 3641 locari

552 3672 610 3729 ·§.
653 3664 722 3725 111.
1071 3660 1252 3726 &conduci
1281 3682 1343 3725 non
1365 3658 1462 3723 solum
1484 3678 1530 3721 res
1558 3706 1569 3735 ,
1594 3679 1663 3734 quae
1685 3657 1720 3720 ad
1743 3656 1841 3719 solum

1072 3738 1155 3803 usum
1176 3740 1368 3817 deserviunt,
1390 3759 1425 3803 ut
1447 3738 1552 3803 domus
1573 3736 1840 3812 adtbabitandun'i,

348 3829 391 3886 Dr
413 3821 544 3897 Libello,
563 3819 740 3884 habitatione
759 3869 766 3897 ,
786 3822 956 3901 superficie,
1071 3840 1164 3896 equus
1185 3821 1221 3886 ad
1247 3820 1463 3899 equitandum,
1483 3817 1516 3882 ἃ
1536 3813 1698 3890 eiusmodi,
1719 3812 1767 3877 sed
1793 3833 1839 3875 et-

548 3900 588 3966 (5
604 3900 769 3978 servitute.
1036 3927 1044 3941 ·
1072 3906 1134 3967 iam
1148 3923 1196 3966 res
1216 3926 1282 3979 quae
1302 3898 1477 3966 deserviunt
1492 3897 1528 3962 ad
1545 3895 1654 3960 lrullos
1675 3894 1843 3972 percipien-

340 4057 344 4069 ,
1070 3982 1140 4059 doe,
1161 4001 1196 4046 ut
1217 4006 1307 4063 ager,
1327 3987 1439 4055 vinea,
1460 3980 1584 4055 pascua,
1606 3982 1673 4041 iura
1685 4025 1694 4054 ,
1711 3975 1744 4040 &
1773 3974 1838 4037 red·

221 4087 249 4140 ῃ,
308 4054 445 4120 Libellus
470 4054 512 4119 ell
540 4057 710 4146 contradlus
733 4077 793 4134 quo
820 4057 1035 4135 emphiteuta,
1070 4063 1170 4126 ditus.
1197 4061 1262 4128 lmo
1288 4064 1381 4127 lotari
1412 4060 1445 4125 dt
1473 4060 1600 4123 conduci
1628 4079 1689 4121 non
1714 4071 1838 4120 tantum

221 4191 226 4203 .
267 4154 323 4200 aut
340 4135 472 4202 vassalus
490 4157 553 4200 rem
569 4141 654 4202 luam
672 4140 951 4215 emphiteuticam,
978 4158 1032 4203 aut
1070 4141 1144 4219 ipsas
1173 4163 1219 4205 res
1237 4191 1245 4218 ‚
1265 4144 1312 4206 led
1335 4141 1473 4221 personas
1495 4161 1634 4216 quoque,
1654 4136 1705 4201 seu
1729 4140 1832 4217 potius

223 4243 232 4259 ·
268 4212 421 4279 feudalem
438 4217 519 4281 cedit
542 4221 638 4281 tertio
657 4222 688 4280 in
709 4215 950 4296 emphiteusim,
977 4236 1032 4283 aut
1068 4241 1194 4298 operas,
1217 4221 1251 4286 ἃ
1275 4223 1391 4287 labores
1412 4218 1628 4297 personarum,
1646 4236 1681 4282 ut
1698 4236 1782 4295 patet
1800 4222 1832 4279 in

221 4313 230 4331 ·
264 4292 421 4370 seudum,
447 4295 526 4360 adeo
545 4315 580 4362 ut
606 4297 642 4361 sit
668 4298 766 4362 veluti
787 4293 1031 4374 iubendum&
1069 4298 1190 4366 famulis
1220 4300 1254 4366 ἀ
1281 4302 1602 4374 ancillis,operariis,
1622 4295 1832 4372 officialibus,

263 4374 525 4456 lubemplriteusrs.
1067 4380 1101 4446 δι
1134 4378 1317 4456 artificibus,
1332 4381 1375 4445 dt
1396 4379 1588 4455 huiusmodi,
1616 4383 1666 4456 qni
1689 4376 1745 4456 se,
1773 4396 1827 4441 aut

226 4484 248 4537 1,
274 4494 278 4498 -
305 4456 468 4521 Habitario
488 4457 531 4519 ell
550 4457 750 4536 contradus,
776 4479 837 4534 quo
852 4459 1029 4523 conceditur
1068 4460 1133 4526 suas
1154 4481 1262 4538 operar
1282 4463 1350 4523 aliis
1371 4461 1493 4534 locant,
1512 4461 1546 4523 dc
1566 4461 1606 4523 ab
1630 4460 1697 4522 aliis
1716 4455 1829 4522 condu-

221 4581 231 4601 .
263 4537 359 4630 alicui
376 4542 421 4599 ins
442 4536 599 4600 habitandi
623 4540 656 4600 in
675 4538 767 4602 domo
792 4539 892 4603 aliena
919 4561 1029 4617 nempe
1066 4562 1197 4615 cuntur,
1222 4545 1290 4618 [τι.
1313 4559 1341 4618 9.
1369 4539 1400 4601 in
1420 4538 1605 4619 principioff.
1626 4539 1767 4603 deletam
1787 4537 1828 4602 (5

221 4616 362 4692 ¹·1llrus,
379 4635 468 4691 aquo
486 4616 647 4692 petralem
669 4616 856 4682 contrabium
865 4622 892 4681 ei
903 4619 967 4683 tale
982 4622 1031 4682 ius
1065 4621 1220 4695 condueto,
1243 4625 1312 4700 Leg.
1324 4618 1381 4698 sed
1398 4619 1487 4682 addes
1506 4636 1555 4694 29.
1578 4625 1605 4683 θ.
1634 4638 1657 4679 ι.
1675 4620 1710 4699 ff.
1731 4620 1767 4680 de
1783 4637 1829 4679 eo·

220 4699 229 4717 ⁶
258 4695 439 4760 conceditur
460 4693 544 4760 salva
562 4693 680 4772 semper
695 4697 827 4762 eiusdem
846 4697 1028 4762 domursub·
1064 4701 1150 4777 dem,
1170 4705 1241 4779 Leg.
1268 4699 1338 4764 item
1366 4721 1412 4787 l¹·
1432 4718 1481 4759 aa.
1501 4705 1527 4763 §.
1551 4718 1579 4759 2.
1593 4699 1627 4777 ff.
1648 4699 1796 4764 derodem
1818 4739 1826 4756 .

257 4773 391 4840 flantia.
412 4776 580 4841 Habitatio
601 4780 632 4840 in
656 4776 712 4839 hoc
738 4777 850 4841 abusu
872 4779 1028 4859 distingui·
1065 4782 1188 4845 Dicitur
1203 4792 1278 4843 cerro
1296 4793 1408 4858 ινιιιο,
1422 4781 1488 4859 five
1506 4779 1637 4841 mercede
1655 4777 1825 4857 constitura,

259 4873 336 4935 tur,
354 4860 422 4930 quia
443 4860 494 4931 qui
515 4856 722 4932 solumusum,
744 4854 858 4921 stnius
875 4857 1026 4922 habetdo·
1063 4865 1134 4937 quia
1159 4863 1291 4938 pretium
1310 4907 1319 4937 ,
1340 4858 1392 4924 seu
1411 4878 1527 4940 mercer
1547 4860 1580 4920 in
1598 4858 1752 4922 locatione
1773 4874 1827 4916 ne·

258 4957 311 5001 mo
334 4937 436 4999 utendi
458 4985 469 5012 ,
495 4957 562 5002 eam
587 4957 640 5014 per
663 4936 692 4999 se
712 4937 850 5001 habitare
872 4955 1027 5017 tenetur,
1064 4940 1190 5004 cellario
1209 4942 1397 5003 intervenire
1415 4937 1503 5000 debet
1524 4943 1596 5016 Lrg.
1615 4936 1827 5014 fironvenerit

261 5018 408 5093 quivero
429 5018 473 5080 ius
494 5017 589 5082 habee
606 5017 828 5092 habitationis,
851 5037 911 5081 non
932 5016 1026 5081 solum
1065 5022 1157 5098 apin
1182 5018 1243 5082 line
1259 5016 1449 5082 ffrommmi
1466 5016 1649 5081 dividendo.
1669 5015 1707 5078 Et
1729 5016 1761 5075 in
1772 5013 1830 5076 hoe

254 5098 292 5160 in
313 5115 350 5161 ea
372 5097 462 5161 domo
490 5118 540 5174 per
563 5098 593 5162 le
613 5098 748 5178 degere,
761 5092 812 5162 sed
840 5100 937 5161 etiam
961 5098 1026 5163 aliie
1064 5097 1166 5163 differt
1184 5099 1334 5163 locatioa
1359 5098 1554 5163 coounodato
1568 5095 1604 5162 dt
1623 5096 1834 5239 preastitit-vj

310 5228 314 5234 .
1725 5191 1743 5249 ‘l
