4425 6000
590 501 883 577 Tanemne
910 497 1389 574 Certationem.
1416 499 1449 576 1.
1677 527 1751 602 ¹59

226 601 365 678 siante,
390 598 494 667 sinon
511 595 678 679 adimpleat
706 597 905 678 promissum,
930 599 993 662 erit
1028 596 1228 661 iurarneiiiiirii
1246 619 1304 662 nori
1331 598 1387 678 effe
1413 597 1569 665 uincalum
1599 601 1799 686 iniquilatis,

229 686 371 766 periurus
396 696 508 746 eontra
535 679 661 756 Deum
685 680 758 745 licet
781 698 845 744 non
865 676 994 742 iniustus
1029 696 1088 741 nec
1105 696 1285 755 quemquam
1302 679 1438 745 aliumc
1479 699 1530 746 ete
1550 683 1636 762 posse
1658 686 1696 751 ad
1716 689 1800 752 iniu-

225 781 344 830 contra
369 765 563 840 proximum.
591 759 805 824 loramentum
832 778 911 824 vero
938 755 993 821 fit·
1030 755 1094 833 lle,
1112 756 1146 821 dt
1163 757 1245 822 male
1265 760 1431 839 agendum.
1493 763 1516 824 is
1533 768 1716 840 praenotatis
1740 764 1779 832 sit

222 839 523 916 matcontrallum,
541 842 592 916 qui
606 842 673 904 iure
691 836 825 916 positivo
839 836 994 903 invalidus
1067 836 1251 930 Conttablus
1267 839 1636 919 irim,doluin,aliamve
1653 848 1797 916 iniuriam
1828 860 1939 924 Decii.

222 941 300 990 etat
332 921 369 989 dt
384 919 577 998 rescindibilii
600 922 798 998 ,iuramento
816 919 901 984 enim
917 919 995 984 vili·
1028 935 1194 982 continens
1210 939 1249 981 ex
1271 937 1361 996 parte
1380 920 1484 998 illius,
1504 927 1553 986 cui
1572 925 1691 990 iuratur
1730 947 1794 992 non
1813 924 1896 998 trani

223 1001 291 1070 dus.
304 971 362 1083 bt,
380 1000 416 1068 &
434 998 596 1078 firmatur,
617 1013 653 1064 ut
674 998 789 1064 nonsit
807 999 994 1092 ampliante·
1027 995 1174 1062 firmatur
1190 1001 1385 1093 iuramento,
1404 1003 1450 1064 ita
1466 1019 1502 1066 ut
1512 1001 1638 1070 rescindi
1649 975 1795 1086 neq⁵ueat3
1812 1002 1939 1053 ¹⁰¹¹¹¹¹⁶⁰0

223 1081 420 1161 scindibilis,
447 1079 573 1155 ideoque
588 1099 650 1144 non
671 1076 769 1145 solum
783 1082 903 1145 inducit
918 1077 994 1145 obli·
1028 1076 1200 1142 consisteri
1218 1099 1310 1144 νιῐιιε
1325 1081 1517 1160 caprensi.
1538 1083 1577 1146 de
1596 1084 1843 1165 iureiurando„
1874 1071 1942 1172 ’,ᾞ

224 1168 388 1260 gailonem
406 1160 563 1241 religionis
582 1207 591 1238 ,
608 1157 657 1223 sed
672 1161 773 1226 etiam
788 1160 912 1227 iustitiae
929 1207 938 1237 ,
957 1175 993 1224 ut
1026 1160 1061 1221 in
1077 1163 1174 1235 primo
1193 1179 1321 1235 quorum
1341 1163 1481 1239 praecipit
1498 1161 1662 1241 Gregorius
1683 1165 1736 1230 lli.
1759 1184 1796 1234 ut
1812 1151 1902 1235 do'ie.

224 1265 274 1310 sus
295 1240 414 1311 tribuat
434 1240 541 1307 alteri.
557 1240 661 1318 Quare
673 1240 805 1306 obtenta
828 1241 993 1304 relaxatio·
1028 1239 1193 1303 creditores
1209 1239 1245 1302 ad
1263 1241 1440 1306 iuramenta
1450 1241 1539 1320 super
1558 1241 1652 1308 usuris
1672 1245 1724 1310 sibi
1738 1244 1795 1311 sol·
1809 1239 1928 1318 stimi·

224 1345 267 1390 oe
282 1323 450 1390 iuramenti
470 1319 567 1386 adbuc
583 1319 722 1385 remanet
741 1317 916 1386 contraditis
938 1320 992 1384 sit·
1029 1318 1136 1382 vendis
1149 1317 1283 1396 ptaesiita
1299 1321 1466 1386 relaxanda
1482 1321 1679 1390 ecclesiastica
1700 1325 1799 1390 disiri·
1818 1309 1871 1360 ¹¹⁸·

224 1425 313 1484 mos,
332 1423 370 1468 ac
390 1401 460 1466 ideo
478 1399 625 1479 obligatio
645 1399 771 1465 iuslitiae
791 1419 995 1467 ortaexcon·
1026 1397 1125 1462 illone
1141 1399 1391 1475 compellantur.
1411 1401 1449 1466 Et
1471 1406 1554 1468 tatio
1573 1401 1616 1466 esl
1642 1409 1713 1481 quia
1734 1411 1786 1483 qui

225 1482 330 1552 tribu
349 1479 428 1546 fallo
456 1480 559 1547 valido
585 1500 640 1560 per
659 1484 896 1555 iuramentum,
923 1501 994 1558 quar
1024 1481 1173 1543 iniuriam
1188 1479 1287 1544 alteri
1308 1481 1437 1559 intulit,
1459 1498 1584 1548 tenetur
1601 1486 1667 1548 iure
1684 1503 1802 1552 natutae

225 1581 339 1642 utpote
357 1563 445 1628 realis
466 1557 577 1625 transit
593 1562 634 1625 ad
650 1559 803 1640 haetedes,
818 1581 857 1626 ex
872 1565 944 1642 aeg.
964 1561 993 1624 8.
1028 1578 1097 1624 eam
1111 1578 1270 1638 reparare,
1291 1579 1327 1626 ac
1342 1581 1434 1638 eum,
1449 1581 1539 1640 quem
1565 1565 1620 1642 vi,
1642 1581 1695 1629 aut
1716 1585 1802 1630 mein

226 1645 265 1712 de
279 1644 407 1726 periculi
422 1639 463 1712 Φ
480 1661 583 1707 comm.
612 1641 656 1706 rei
673 1643 764 1706 vead.
792 1641 827 1707 δι
845 1639 893 1704 dis
927 1639 995 1704 nsa-
1028 1641 1067 1704 ad
1086 1639 1247 1705 iurandum
1264 1640 1405 1719 impulit,
1426 1646 1457 1706 in
1477 1645 1609 1718 priorem
1628 1642 1799 1724 slatuni,&

227 1744 282 1791 tur
298 1748 317 1791 a
333 1729 508 1792 iuramento
527 1741 589 1786 non
605 1720 703 1798 potest
718 1739 859 1800 repetere
899 1740 994 1800 atum,
1028 1719 1202 1785 libertatem
1222 1717 1406 1798 restituere,
1426 1742 1460 1786 ac
1481 1722 1549 1788 ideo
1570 1729 1727 1789 remittere
1740 1727 1798 1804 ius,

227 1803 278 1872 sed
299 1805 515 1872 tantummodo
532 1822 624 1881 agere
646 1805 679 1865 in
698 1803 814 1868 iudicio
833 1803 914 1868 cirea
932 1821 991 1868 tra·
1028 1798 1137 1876 siquid
1155 1797 1194 1864 sit
1213 1820 1253 1865 ex
1270 1800 1461 1878 prmiissione
1490 1801 1686 1882 acquisitum.
1707 1805 1796 1882 Quo·

228 1885 383 1951 liditatem
398 1881 588 1950 contraditis,
1027 1883 1107 1945 circa
1120 1879 1197 1944 talia
1217 1900 1280 1944 non
1296 1878 1390 1945 habet
1413 1883 1460 1946 ius
1480 1879 1626 1962 sinuum,
1651 1905 1686 1950 ac
1707 1883 1799 1948 liabi-

177 1957 215 2012 *
269 1965 318 2030 Ex
337 1965 395 2030 hoc
425 1968 521 2043 igitur
543 1959 682 2039 sequitur
702 1960 816 2041 duplex
836 1957 993 2025 discrimen
1028 1960 1170 2023 leznam
1192 1961 1398 2025 iuramentum
1418 1981 1480 2025 non
1500 1979 1639 2029 removet
1654 1967 1799 2028 iniuriam

177 2021 212 2090 ἡ·
228 2047 313 2112 inter
331 2043 575 2109 istaiuramenta·
595 2044 731 2107 Primum
740 2042 820 2120 quod
840 2045 993 2104 iuramen·
1029 2059 1205 2118 acceptam,
1222 2059 1295 2104 cuin
1314 2039 1469 2106 iurantob
1482 2045 1627 2108 iniuriam
1643 2063 1715 2109 acce
1736 2061 1800 2108 tam

177 2151 213 2206 ir.
225 2143 296 2194 tuiti
313 2125 449 2189 validum
467 2121 588 2188 firmans
603 2122 793 2188 contrabium
808 2123 993 2212 tollinequit
1029 2137 1134 2211 petere
1156 2117 1262 2198 possit,
1279 2118 1472 2198 &consequi
1490 2124 1655 2196 iuramenti
1681 2067 1798 2188 relaxa·

177 2229 194 2276 t.
222 2204 281 2274 seu
291 2205 432 2271 relaxati
447 2208 541 2267 etiam
561 2223 579 2267 a
604 2203 915 2278 Summol‘untilrce,
938 2203 993 2264 nili
1029 2217 1165 2275 tionem,
1180 2220 1240 2275 qua
1259 2200 1390 2266 obtenta
1409 2203 1508 2265 omnis
1536 2201 1688 2282 obligatio
1717 2206 1802 2282 expi·
1856 2214 1859 2221 '

177 2291 268 2354 *a
282 2286 430 2368 urgenti,
451 2280 491 2349 ,dt
517 2281 768 2351 extraordinaria
796 2280 995 2356 necessitate,
1030 2296 1096 2344 rat.
1116 2275 1207 2342 Unde
1227 2282 1277 2356 qui
1297 2283 1416 2346 iuravit
1437 2278 1467 2344 se
1483 2278 1654 2348 soluturum
1670 2283 1803 2363 usuras,

225 2363 389 2446 quietalis
409 2363 560 2428 relaxatio
578 2362 702 2426 cederet
727 2365 761 2427 in
788 2360 993 2440 piaeiudicium
1030 2355 1151 2424 tametsi
1173 2355 1292 2424 solvere
1311 2379 1362 2423 eas
1380 2358 1491 2424 debeat
1507 2361 1548 2426 ob
1573 2363 1734 2428 vinculum
1754 2383 1802 2428 re·

225 2448 318 2514 tatii
345 2462 466 2521 propter
490 2446 555 2521 ius,
572 2442 654 2520 quod
677 2443 728 2508 sibi
749 2439 928 2519 aequisivit,
953 2439 993 2505 ob
1030 2439 1168 2527 ligionis,
1188 2439 1268 2515 quod
1295 2436 1391 2504 asseri·
1405 2444 1614 2508 iuramentum
1633 2460 1694 2523 cap.
1715 2445 1743 2505 6.
1766 2443 1802 2508 de

221 2523 311 2606 quod
326 2526 372 2590 ius
392 2523 485 2587 babet
504 2527 535 2587 in
550 2520 618 2587 soro
633 2525 994 2588 externoconttaiuran·
1028 2519 1241 2596 iureiurando,
1257 2523 1466 2584 iuramentum
1486 2539 1590 2587 tamen
1610 2542 1673 2590 non
1694 2521 1799 2588 firmat

226 2605 323 2672 tein-
351 2603 383 2666 Si
412 2622 488 2668 veto
513 2605 719 2667 iuramentum
748 2599 994 2668 nonconsirmat
1029 2594 1254 2676 promissionem
1280 2599 1364 2664 illam
1388 2599 1546 2679 solvendi,
1567 2621 1623 2667 nee
1650 2602 1802 2668 usurarius

219 2680 437 2758 muneralium,
456 2683 528 2748 licet
557 2681 696 2748 ualidum
716 2681 813 2761 ipsum
834 2698 959 2747 maneat
983 2726 993 2758 ,
1029 2683 1075 2767 ius
1094 2677 1191 2742 ullum
1211 2681 1341 2754 acquirit
1361 2699 1433 2758 erga
1450 2679 1544 2762 illm
1565 2685 1628 2748 imo
1648 2682 1669 2744 si
1690 2680 1799 2748 solutae

224 2764 364 2832 relaxari
380 2761 479 2842 potesl
502 2809 512 2842 ,
536 2765 607 2836 quia
633 2765 680 2825 ius
705 2763 844 2842 nullom,
860 2762 894 2827 δι
914 2762 993 2824 allio
1028 2760 1175 2836 sint,'ear
1192 2758 1352 2823 restituere
1372 2775 1520 2837 tenetur,
1540 2778 1574 2827 ut
1590 2781 1631 2826 eit
1654 2766 1707 2826 cit.
1731 2783 1798 2838 cap.

224 2843 319 2908 riulla
334 2863 374 2908 ex
394 2839 455 2920 ipso
481 2843 651 2917 acquiritur
679 2859 788 2906 contra
809 2845 962 2905 iurantem
983 2880 991 2899 .
1029 2837 1069 2901 Et
1085 2836 1145 2899 hoc
1161 2836 1241 2900 idem
1260 2835 1419 2922 dicendum
1438 2835 1476 2900 de
1495 2839 1709 2919 promissione,
1729 2863 1797 2919 quar

224 2923 401 2988 Secundum
415 2917 574 2986 discrimen
595 2920 638 2984 eli
658 2967 668 2996 ,
688 2919 768 2999 quod
794 2919 815 2982 si
841 2924 992 2984 iuramen·
1029 2937 1068 2980 ex
1083 2934 1169 2979 metu
1190 2914 1297 2980 iniuste
1315 2918 1430 2982 incusso
1451 2913 1528 2982 fitia
1545 2919 1581 2984 sit
1603 2921 1738 2985 latroni.

222 3022 296 3070 tum
314 3000 475 3069 confirmet
498 2996 709 3077 contrarium,
728 3000 879 3080 obligatio
903 2998 992 3079 ipsius
1067 2995 1097 3059 Si
1115 3003 1181 3073 quis
1198 3016 1272 3061 vero
1293 2999 1409 3062 iuravit
1428 2994 1603 3065 nonsolum
1624 3000 1737 3078 aliquid
1748 3000 1799 3066 da·
1832 3002 1943 3067 Qud·

222 3078 411 3159 iii'ramenti,
432 3100 468 3148 ut
486 3085 549 3146 iam
568 3079 725 3160 diximus,
749 3079 858 3145 transit
873 3080 910 3143 ad
933 3079 994 3143 hae·
1029 3096 1062 3140 re
1082 3072 1236 3152 usurario,
1252 3078 1302 3141 vel
1325 3078 1458 3155 latroni,
1479 3077 1528 3143 sed
1548 3100 1587 3146 ne
1610 3081 1730 3159 quidem
1748 3102 1798 3160 pe·
1815 3069 1930 3141 ’ΨΜ

219 3162 340 3241 redes,
362 3168 431 3239 quia
454 3182 508 3242 pet
534 3160 630 3225 talem
656 3162 925 3228 confirmationem
954 3157 992 3221 lit
1029 3173 1095 3222 tete
1114 3153 1157 3220 sui
1178 3160 1347 3223 iuramenti
1372 3156 1644 3239 dispensationem,
1661 3180 1799 3228 nectem
1816 3142 1931 3244 ,14ng

223 3240 352 3311 realiie
425 3262 516 3319 eum,
532 3244 581 3307 cui
599 3237 657 3305 suit
685 3244 846 3309 iuratum:
871 3239 893 3303 si
914 3260 992 3305 veto
1027 3236 1132 3301 datam
1149 3257 1280 3315 unquam
1297 3255 1453 3319 repetere,
1478 3240 1568 3307 docet
1587 3240 1795 3307 Tourneleius
1811 3236 1945 3321 treuna:

224 3342 292 3389 non
306 3342 366 3387 con
392 3339 490 3401 rmat,
512 3342 575 3386 non
595 3319 724 3401 transit,
751 3325 823 3399 quia
843 3317 940 3383 solum
955 3315 991 3382 lii
1027 3339 1098 3383 cuin
1115 3317 1295 3403 Laymanno
1308 3316 1343 3382 dc
1363 3318 1429 3383 aliis
1445 3321 1579 3386 validum
1598 3322 1660 3386 else
1681 3323 1745 3389 tale
1756 3327 1800 3389 iu·
1819 3322 1932 3375 lumb·

224 3400 394 3549 walis
413 3423 483 3482 erga
512 3403 712 3479 proximum,
737 3401 772 3466 lit
802 3401 893 3465 realis
920 3418 992 3477 erga
1029 3415 1230 3475 ramentum,
1253 3400 1382 3474 ideoque
1406 3400 1650 3479 adimplendum.
1674 3402 1715 3467 Et
1742 3402 1802 3471 boc

341 3525 350 3544 .
371 3482 454 3546 Hine
474 3480 576 3559 siquis
595 3483 714 3546 iuravit
731 3481 849 3546 solvere
869 3477 992 3552 usuras,
1028 3480 1183 3555 praecipue
1205 3476 1334 3557 probant
1348 3499 1388 3543 eit
1406 3501 1472 3557 cap.
1494 3500 1525 3557 4.
1543 3482 1579 3546 de
1595 3481 1653 3559 iii,
1669 3502 1734 3562 que
1747 3483 1800 3563 vi,

228 3560 299 3629 luc
312 3560 460 3643 obligatio
475 3580 536 3624 non
551 3558 661 3627 transit
677 3562 715 3625 ad
742 3558 894 3637 baeredes,
921 3561 992 3634 quia
1029 3556 1078 3621 ubi
1096 3556 1294 3648 Innocentius
1311 3557 1366 3623 111.
1382 3556 1424 3625 sic
1437 3563 1503 3624 ait.-
1523 3562 1816 3643 Mundensem·

225 3652 301 3708 er'at
320 3640 417 3707 soltim
439 3641 588 3719 obligatio
613 3660 684 3721 erga
707 3640 809 3705 Deum
834 3639 893 3703 boc
913 3642 993 3702 iura·
1028 3649 1114 3701 seniis
1125 3639 1153 3717 fi
1167 3638 1269 3702 Titius
1284 3637 1551 3719 irdrefigriuiionriii
1566 3643 1725 3721 constiteris
1743 3662 1801 3707 vo·

226 3738 386 3799 mentum,
400 3740 462 3799 quo
474 3718 674 3784 confirmatus
703 3716 762 3783 suit
793 3716 997 3793 contraditis,
1027 3714 1073 3781 bis
1084 3735 1138 3807 prr
1153 3721 1242 3781 taleni
1262 3730 1373 3807 marii
1394 3716 1483 3800 fiii'ffe
1509 3726 1660 3799 cadisin,
1683 3724 1734 3800 qiii
1749 3738 1804 3801 pe·

225 3800 263 3869 ἁ
278 3808 330 3878 qui
348 3803 503 3875 iuravit,
526 3800 665 3865 obtinere
694 3798 791 3875 potesi
826 3798 993 3861 relaxatio·
1030 3808 1140 3875 iiierri,
1161 3800 1201 3864 (φ
1229 3796 1360 3862 debueris
1375 3799 1475 3864 cadere
1493 3800 1527 3864 iii
1549 3802 1722 3881 confirmem
1747 3802 1798 3866 vi'·

225 3900 300 3947 uun
319 3879 354 3946 dt
372 3876 412 3945 fic
423 3878 461 3943 ab
475 3883 558 3943 omni
573 3878 759 3957 obligatione
773 3877 994 3954 relevari‚cuni
1027 3898 1117 3953 rum,
1143 3900 1199 3940 nori
1222 3874 1344 3952 obstante
1362 3880 1499 3957 predicis
1528 3880 1690 3947 iuramento
1709 3930 1718 3961 ,
1742 3902 1798 3960 giis

225 3956 384 4027 durarius
402 3962 449 4024 ius
480 3959 622 4037 nullum,
646 3956 820 4034 nullamque
848 3956 994 4021 astionem
1028 3957 1136 4022 ninad
1151 3960 1358 4036 repetendum,
1368 3956 1425 4038 sed
1435 3962 1490 4040 refi
1504 3961 1636 4027 iiiam
1645 3964 1804 4042 solinimo-

224 4062 267 4107 ex
288 4037 405 4105 iuslitia
426 4043 546 4105 ratione
565 4041 729 4103 iuramenti
746 4033 994 4121 acquisiverit,'&
1028 4039 1065 4103 do
1092 4035 1278 4118 tenebatur,
1296 4039 1455 4120 prii-siriam
1497 4042 1625 4123 calefieri
1643 4046 1672 4106 ei
1688 4042 1802 4126 restitui

225 4118 371 4186 siiurans
390 4118 535 4197 solverit,
554 4119 685 4186 obtenta
713 4119 927 4196 relaxatione,
947 4136 993 4180 te·
1022 4117 1141 4199 jiiriai.
1160 4118 1257 4197 Igitur
1283 4118 1447 4183 lecundum
1471 4123 1647 4187 Suareriuni
1664 4121 1801 4188 inserunt

225 4218 333 4281 petere
353 4198 450 4278 potesl
493 4197 993 4283 veleiushaetedes,qui,utdi5
1029 4220 1100 4263 cum
1125 4196 1251 4276 Gloll'a,
1270 4197 1617 4275 quodsiecclesiaslicus
1640 4204 1692 4269 ille
1717 4208 1800 4267 iura·

226 4285 347 4357 ximus,
370 4302 431 4345 non
448 4248 519 4345 slint
538 4280 661 4345 obnoxii
680 4278 735 4343 tali
751 4282 943 4342 iuramento.
981 4268 1003 4301 ⁸
1030 4296 1137 4341 mento
1156 4274 1185 4341 se
1204 4280 1362 4357 obligailei
1379 4280 1417 4343 ad
1438 4302 1500 4345 non
1520 4283 1728 4361 repetendum,
1739 4287 1800 4346 iam

267 4360 359 4425 Nota
372 4384 400 4441 4
420 4364 645 4435 iuramentum,
668 4357 731 4423 sive
747 4356 851 4422 firmet
869 4376 993 4423 contia-
1031 4375 1170 4434 repetere
1190 4379 1254 4423 non
1277 4360 1452 4439 potuillet,
1481 4360 1529 4427 sed
1554 4362 1635 4429 slate
1651 4362 1800 4428 debuisset

225 4440 329 4516 stunt,
347 4438 412 4503 five
438 4442 598 4519 non,clle
616 4439 778 4515 validum,
805 4436 840 4503 δι
858 4436 995 4517 obligate
1031 4436 1085 4503 suo
1103 4441 1300 4503 iuramento:
1324 4436 1362 4502 lic
1378 4460 1451 4522 ergo
1466 4439 1625 4509 dicendum
1644 4442 1705 4508 esse
1721 4443 1802 4519 quod
1849 4484 1851 4489 -

224 4520 350 4600 quando
368 4520 482 4586 servari
499 4520 603 4585 valeat
619 4518 681 4583 sine
703 4534 847 4605 peccato,
868 4514 903 4585 δι
919 4520 994 4581 alte·
1030 4522 1080 4595 qui
1099 4521 1217 4582 iuravit
1238 4518 1267 4582 se
1288 4540 1350 4582 non
1365 4527 1534 4598 petiturum
1550 4524 1801 4601 dispensationem

225 4606 289 4667 rius
305 4600 418 4665 dunno
432 4621 472 4664 ex
491 4617 552 4679 cap.
574 4620 602 4681 7.
619 4596 660 4666 (5
675 4599 723 4662 28.
740 4600 776 4663 de
794 4596 994 4674 iureiurando,
1031 4598 1074 4662 sui
1096 4602 1286 4674 iuramenti,
1306 4618 1443 4666 nectem
1472 4604 1576 4668 datam
1599 4610 1802 4681 repetiturum

224 4686 299 4759 quia
315 4681 345 4745 id
363 4682 498 4758 exquirit
515 4680 695 4745 reverentia
714 4696 786 4759 erga
804 4678 907 4741 Deuni
927 4700 994 4751 pto·
1030 4678 1094 4742 sive
1112 4678 1149 4742 ab
1165 4679 1323 4765 usurario,
1346 4676 1410 4746 sive
1439 4704 1455 4747 a
1478 4685 1619 4761 latrone,
1640 4686 1727 4749 s'uum
1754 4687 1803 4747 iu·

226 4776 298 4839 pter
316 4765 382 4825 eius
410 4758 620 4837 interpositam
648 4757 890 4822 aridioritatem.
919 4758 992 4821 Dixi
1031 4778 1206 4823 ramentum
1239 4762 1360 4825 servare
1387 4780 1561 4829 teneatur.
1592 4764 1631 4829 Et
1659 4763 1943 4843 equidemuumen·

245 4840 345 4904 undo
358 4838 482 4921 servari
504 4840 606 4906 valerii
619 4842 683 4921 fiiis
694 4851 836 4918 peccato,
862 4839 933 4916 quia
957 4856 992 4902 ut
1031 4843 1077 4903 ait
1091 4836 1305 4903 Tourneleiiis
1324 4862 1396 4906 cuni
1412 4844 1481 4911 aliia
1500 4844 1631 4910 laudatis
1648 4846 1800 4909 iuramen-
1821 4842 1879 4878 ’Μ’
1891 4826 1942 4876 ¹⁸¹·

225 4862 360 4987 libetur
380 4942 420 5009 ex
447 4942 509 5009 reg.
530 4920 579 4998 58.
600 4920 637 4985 de
666 4918 776 4996 tegulis
806 4919 879 4981 iuris
907 4922 939 4981 in
962 4920 992 4981 6.
1031 4916 1300 5011 tumRservandum
1315 4921 1358 4985 esi
1377 4918 1640 4999 quando-servati
1660 4919 1748 5000 possri
1765 4921 1802 4983 li·
1817 4890 1944 5007 “sulla

226 5022 285 5065 riori
305 5002 345 5081 est
358 4999 558 5081 oliigaiiriuiii
576 4996 772 5065 contrahentis
793 5017 904 5074 mores,
918 5014 993 5077 prae·
1031 5019 1069 5062 ne
1085 4994 1239 5075 dispendio
1260 5004 1387 5077 proptiae
1405 5000 1527 5067 salutis.
1551 5001 1641 5066 Unde
1655 5022 1724 5068 curn
1745 5002 1801 5067 hoc
1818 5018 1912 5083 penaio

218 5084 326 5161 fliium
343 5080 559 5159 iuramentum,
579 5080 667 5147 &eil
685 5096 845 5157 receptum
860 5082 993 5158 axioma,
1030 5082 1238 5143 insanientum
1255 5084 1292 5147 de
1311 5100 1375 5147 non
1392 5080 1530 5148 adeundo
1550 5080 1650 5148 iudice
1665 5080 1804 5227 εᾶςΙεΙίι·
1823 5080 1928 5135 titini.

309 5191 314 5205 ·
1700 5182 1767 5243 ico,
