4425 6000
477 524 531 603 66
702 519 1701 603 'fraemiieiniustitia&c.car.l[1.

369 644 375 654 ·
423 648 465 691 err
482 645 543 701 quo
561 621 704 688 damnum
721 620 813 685 alicui
829 623 968 700 exurgit.
985 619 1070 684 Nihil
1087 636 1193 684 tamen
1227 627 1302 687 irem
1317 625 1367 700 qui
1388 642 1554 702 antequam
1572 623 1723 691 secretum
1738 626 1840 708 magni
1860 647 2003 697 momen·

422 704 549 771 interest
565 723 604 768 ari
621 701 686 766 haec
700 698 817 766 omissio
836 699 1099 779 peccatumsitvel
1118 719 1192 779 non,
1227 706 1252 768 ti
1275 704 1368 767 alicui
1399 708 1575 772 committat
1613 708 1776 785 exquirit,
1804 728 1877 772 num
1905 729 2001 789 prope

422 808 496 852 crim
517 786 573 850 lioc
594 782 625 847 id
646 779 761 846 nonsit
778 780 815 847 de
835 784 937 859 quoin
959 778 1193 860 praesentiquae·
1227 786 1370 861 ianuam,
1384 800 1440 849 aut
1471 804 1546 850 ante
1576 754 1721 851 fenestrae
1741 786 1778 852 sit
1794 788 1921 869 aliquia,
1944 793 1996 867 qui

423 870 523 933 ritur.
1227 858 1400 929 auscultare
1420 863 1527 941 pollit.
1549 866 1596 930 Ex
1617 866 1666 929 his
1687 867 1785 931 multa
1805 864 1877 933 sunt
1893 886 1931 935 ut
1951 870 1998 935 di·

463 946 560 1023 Culpa
580 942 706 1008 iuridica
723 940 836 1019 triplex
856 942 1000 1020 deslingui
1022 939 1099 1005 solet
1117 941 1190 1016 laia,
1224 943 1305 1007 dum
1320 943 1364 1009 est
1384 944 1422 1008 de
1435 945 1525 1023 culpa
1542 947 1626 1022 lara,
1642 967 1710 1024 quae
1730 947 1793 1010 line
1806 949 1870 1012 ullo
1891 970 1998 1027 pecca·

424 1023 525 1104 levir,
543 1022 584 1091 sla*
605 1021 766 1105 leviffima,
785 1023 947 1115 quibusut
964 1021 1188 1110 gradatiocom
1226 1042 1261 1089 to
1285 1022 1457 1103 theologico
1475 1030 1657 1105 contingere
1686 1028 1831 1104 poliunt,
1859 1049 1935 1106 puta
1956 1051 1998 1096 ex

422 1108 507 1185 plera
529 1104 567 1169 sit
587 1102 703 1169 addunt
721 1101 816 1179 aliqui
844 1103 1029 1184 latifflmam,
1045 1098 1084 1167 (Τ
1103 1102 1190 1164 latia·
1225 1103 1440 1170 involuntaria
1470 1104 1662 1172 distradione
1690 1126 1731 1171 ex
1760 1111 1898 1173 naturali
1919 1111 1998 1175 obli·

422 1206 502 1250 rem.
524 1184 621 1261 Culpa
648 1182 781 1263 laiiffima
805 1180 848 1246 est
873 1185 1042 1248 communia
1064 1181 1189 1258 diligen·
1226 1186 1320 1248 vione
1333 1231 1343 1261 ,
1356 1183 1417 1250 dcc.

422 1267 478 1331 riae
500 1271 703 1345 quamcaeteri
727 1261 869 1327 adhibere
889 1260 988 1326 solent
1003 1259 1121 1325 omissio
1137 1261 1189 1325 da·
1264 1262 1356 1330 Hisce
1386 1262 1541 1344 suppositis
1570 1285 1651 1330 nunc
1682 1268 1919 1333 examinandum
1944 1291 2000 1335 oc·

421 1346 548 1425 mnosa,
564 1365 600 1410 ea
620 1346 817 1421 intentione,
833 1360 869 1407 ut
886 1343 966 1406 alter
987 1342 1159 1419 decipiatur
1177 1373 1188 1419 2,
1224 1349 1319 1408 currit
1335 1364 1374 1408 ex
1395 1366 1455 1422 qua
1473 1347 1524 1410 cul
1547 1367 1564 1410 a
1580 1364 1711 1425 exurgat
1734 1346 1888 1427 obligatio
1912 1348 1999 1415 resti·

420 1425 455 1493 &
478 1428 590 1491 damno
614 1424 792 1488 afliciatur.
823 1422 914 1487 'Talia
933 1420 977 1486 est
1005 1421 1188 1501 negligentia
1226 1425 1349 1488 ruendi.
1367 1425 1427 1487 Sed
1448 1368 1620 1503 priusquam
1635 1426 1694 1491 boc
1718 1428 1927 1506 aggrediamur
1947 1451 1999 1496 ae·

420 1506 528 1572 militia
548 1506 691 1569 excubias
712 1505 830 1581 agentis
841 1507 892 1581 qui
916 1502 1029 1568 dormit
1052 1500 1188 1566 autdor·
1223 1522 1333 1569 curate
1351 1502 1574 1570 observandum
1590 1505 1634 1569 est
1665 1526 1727 1571 non
1747 1509 1808 1571 esle
1835 1529 1943 1573 ornnes
1962 1531 1998 1574 e·

420 1591 496 1651 mire
504 1587 611 1664 fingit,
628 1603 663 1655 ut
681 1579 849 1648 faciliorem
866 1582 1100 1647 hosliaccelium
1109 1602 1187 1659 prae·
1225 1581 1340 1648 iusdem
1362 1586 1550 1650 conditionis
1567 1606 1631 1664 rea,
1670 1606 1718 1652 uae
1748 1586 1879 1652 alicuius
1907 1590 1997 1667 culpa

419 1665 518 1731 beat.
544 1667 621 1731 Haec
644 1664 734 1740 culpa
760 1663 802 1727 est
830 1668 927 1728 etiam
944 1662 1136 1742 theologica,
1154 1658 1188 1724 ἀ
1224 1678 1369 1742 pereunt.
1387 1665 1471 1730 Nam
1491 1665 1634 1743 quaedam
1649 1608 1720 1729 sunt
1742 1688 1813 1743 quae
1841 1688 1907 1731 non
1928 1669 1996 1745 sup·

376 1754 377 1758 ’
419 1748 512 1812 valde
552 1749 635 1812 ravis
652 1765 708 1809 nec
728 1764 789 1808 non
806 1764 882 1810 vere
900 1742 1020 1808 dolus:
1047 1744 1136 1807 dolua
1154 1761 1187 1804 e·
1224 1763 1344 1820 ponunt
1358 1743 1572 1824 contraitum,
1595 1763 1631 1810 ut
1659 1744 1681 1808 si
1712 1745 1804 1811 bestia
1828 1764 1883 1813 tua
1907 1747 1946 1812 de
1964 1744 1997 1814 se

418 1831 485 1892 nim
503 1770 549 1893 eil
567 1825 696 1903 quodvis
719 1822 904 1912 artificium,
928 1822 983 1906 seu
996 1823 1186 1889 machinatio
1224 1822 1375 1890 stabulum
1391 1846 1492 1891 meum
1510 1826 1699 1902 ingrediatur
1712 1826 1813 1901 ibique
1822 1849 1892 1890 cum
1912 1827 1997 1906 aliia,

419 1908 457 1973 ad
472 1906 700 1985 decipiendum.
720 1905 818 1982 Culpa
838 1905 925 1970 latior
939 1902 981 1967 est
1005 1904 1092 1970 dolus
1110 1921 1187 1980 prae·
1222 1926 1291 1982 quae
1313 1920 1487 1970 meaeerant
1508 1905 1706 1982 subripiatur.
1723 1907 1876 1983 Qiaedam
1889 1904 1997 1986 suppo-

419 1987 583 2067 sumptus,
610 2004 646 2051 ur
667 1984 688 2048 si
713 1982 828 2065 scierit,
845 1984 880 2052 δι
907 1985 1014 2049 valens
1042 1985 1187 2059 impedire
1224 2005 1303 2048 nunt
1328 1985 1551 2063 contrabium,
1582 2003 1636 2050 aut
1663 1985 1746 2062 quasi
1768 1985 1994 2051 contrarium.

417 2089 484 2134 non
501 2066 645 2144 impediat
661 2084 768 2132 tamen
789 2068 953 2144 quominus
975 2062 1024 2129 sur
1043 2061 1122 2142 apud
1138 2081 1186 2126 me
1223 2064 1406 2132 contraitur
1423 2085 1528 2131 autem
1554 2067 1605 2132 vel
1633 2063 1779 2130 transfert
1800 2067 1995 2143 dominium,

417 2147 585 2227 depositam
638 2151 760 2213 cuniam
777 2144 896 2211 auferat
912 2146 963 2210 vel
980 2165 1020 2208 ne
1036 2142 1186 2208 hoslisur·
1224 2163 1260 2210 ut
1276 2151 1395 2223 emptio
1409 2164 1553 2211 mutuum
1572 2143 1632 2213 &e
1653 2147 1709 2209 Vel
1727 2167 1788 2210 noii
1817 2144 1994 2223 transfert,

416 2228 487 2294 bem
507 2230 591 2306 ingre
613 2231 709 2293 iarur.
732 2227 810 2292 Haec
828 2230 941 2302 pariter
956 2225 999 2290 esi
1017 2224 1101 2287 simul
1118 2222 1183 2286 cul·
1223 2244 1259 2290 ur
1276 2228 1412 2291 locatum
1423 2224 1642 2304 ,condulfum
1658 2223 1844 2301 depositum.
1861 2227 1996 2292 Contra·

415 2329 456 2387 pa
477 2308 676 2389 theologica.
704 2309 803 2385 Culpa
825 2311 887 2373 laia
907 2304 950 2371 est
973 2302 1097 2384 'omissio
1121 2301 1185 2365 dili·
1222 2306 1288 2381 dius
1308 2309 1435 2385 quilibet
1456 2308 1620 2384 aliquando
1649 2307 1733 2370 utilia
1760 2304 1801 2368 eil
1826 2305 1892 2371 solo
1918 2308 1996 2378 recia

416 2393 530 2469 gentiae
546 2409 638 2465 quam
658 2385 761 2466 passim
778 2387 914 2454 homines
935 2383 1066 2454 eiusdem
1080 2381 1187 2453 condi·
1224 2392 1320 2463 pienti
1342 2436 1353 2467 ,
1369 2406 1406 2454 ut
1425 2386 1653 2454 commodatum
1671 2410 1683 2462 ,·
1710 2384 1877 2461 aliquando
1907 2386 1994 2455 utilia

416 2472 513 2535 tionis
529 2467 671 2533 adhibere
690 2469 810 2549 solent;
830 2466 873 2532 est
889 2466 1005 2531 scilicet
1023 2463 1186 2530 nonintel·
1222 2466 1265 2530 eil
1282 2466 1349 2533 solo
1368 2468 1474 2545 dauri,
1496 2485 1531 2532 ut
1543 2463 1731 2541 depositum
1750 2465 1913 2540 aliquando
1923 2483 1996 2536 tana

413 2548 508 2631 ligere
523 2548 572 2626 id,
591 2549 672 2626 quod
691 2569 798 2614 omnes
814 2546 1186 2627 intelliguntspideorr·
1221 2548 1290 2611 dem
1315 2549 1400 2612 utilit
1429 2544 1472 2612 ess
1504 2550 1628 2624 utrique
1648 2564 1683 2611 ut
1710 2544 1997 2622 locatum,condu·‚

415 2628 475 2695 dor.
492 2624 588 2709 signis
606 2628 699 2696 Unde
714 2632 764 2706 qui
780 2629 890 2705 librum
904 2619 1186 2709 commodatumso·
1221 2627 1302 2694 dium
1316 2630 1450 2707 emptio.
1471 2625 1567 2703 Quas
1582 2624 1757 2710 contraditis
1787 2623 1858 2691 sunt
1877 2627 1996 2694 alieno:

415 2715 459 2775 ris
482 2729 556 2776 ante
576 2708 685 2775 ollium
702 2714 831 2790 propriae
850 2708 955 2776 domus
974 2711 1024 2775 vel
1046 2730 1110 2773 rem
1120 2725 1185 2769 ma·
1222 2733 1289 2776 rum
1305 2714 1497 2792 negotiorum
1519 2706 1741 2773 administratio
1761 2753 1770 2782 ,
1796 2722 1831 2767 ut
1859 2707 1965 2769 tutela
1984 2749 1998 2784 ,

414 2794 465 2870 gni
484 2796 634 2856 momenti
650 2792 763 2856 homini
793 2796 902 2871 ignoto
920 2792 1114 2865 committit,
1134 2786 1184 2849 vel
1221 2792 1303 2857 Cura
1317 2789 1472 2869 ,officium
1489 2788 1597 2856 iudicis
1607 2787 1777 2865 ‚Advocati
1791 2784 1939 2862 Medici,
1960 2784 1997 2856 di

415 2870 526 2936 oslium
542 2875 672 2952 propriae
688 2871 793 2936 domus
821 2891 874 2950 per
902 2871 1021 2936 nudem
1044 2868 1185 2936 claudere
1222 2874 1280 2937 alia
1303 2871 1426 2939 huiusce
1443 2877 1581 2953 generis.

414 2953 560 3033 negligit,
580 2952 632 3018 vel
652 2950 791 3019 officium
810 2951 931 3030 aliquod
960 2950 1113 3029 publicum
1130 2951 1185 3014 Pa·
1261 2953 1358 3019 Extra
1380 2950 1480 3023 casum
1509 2957 1601 3034 igitur
1629 2948 1803 3018 contradus
1832 2949 1882 3014 vel
1904 2945 2039 3026 quesiti

415 3036 502 3099 troni
518 3033 633 3098 scilicet
645 3033 830 3112 ,Advocatl,
844 3032 973 3110 ludicii,
992 3027 1186 3106 confessarii,
1220 3031 1394 3099 contrastare
1409 3034 1527 3099 nonnisi
1548 3055 1588 3098 ex
1607 3033 1697 3110 culpa
1719 3035 1915 3110 ¹theologica,
1931 3032 1989 3091 ml·
2003 3020 2041 3075 ‘⁰¹

415 3132 452 3177 ac
475 3111 535 3177 alia
551 3111 673 3179 huiusce
700 3116 817 3191 generis
845 3116 950 3177 munia
974 3109 1115 3189 sumpsit,
1134 3127 1183 3176 ta·
1219 3115 1302 3176 nime
1318 3133 1394 3177 vcro
1407 3136 1447 3179 eri
1466 3134 1550 3177 mera
1569 3112 1698 3178 iuridici
1721 3117 1822 3176 oritur
1838 3110 1989 3188 obligatio
2004 3099 2038 3197 ,¹¹¹⁸

414 3190 504 3257 meisi
522 3194 641 3269 ignoret
663 3241 671 3270 ,
695 3214 763 3270 quae
781 3197 870 3268 periti
898 3196 1105 3258 communiter
1129 3211 1185 3254 no·
1219 3192 1400 3259 restituendi
1417 3212 1491 3259 anie
1507 3191 1690 3257 sententiam
1709 3193 1837 3266 iudicis,·
1858 3212 1929 3256 cum
1942 3207 1989 3253 tao
2001 3212 2041 3263 ,aa

400 3288 511 3348 runt,
529 3292 597 3336 reus
614 3271 657 3336 ell
673 3274 770 3352 culpae
788 3273 875 3354 latae,
894 3295 933 3338 ex
950 3289 1105 3350 quopatet
1127 3271 1184 3339 hu·
1219 3275 1255 3338 lit
1269 3275 1416 3352 obligatio
1431 3295 1493 3339 non
1509 3291 1651 3338 occurrat
1670 3292 1710 3335 ex
1738 3269 2040 3335 damnificationedi

414 3348 579 3416 iuscemodi
594 3354 833 3432 culpamaeque,
853 3376 888 3419 ac
896 3351 1064 3431 superiores
1073 3370 1110 3416 ut
1120 3351 1184 3430 plu·
1219 3351 1427 3432 peccaminosa
1447 3377 1467 3432 ,·
1485 3372 1559 3432 pura
1585 3353 1625 3416 ob
1658 3351 1997 3429 inconsiderationem,-

415 3435 528 3497 rimum
555 3454 739 3500 concurrere
765 3456 833 3499 curn
862 3438 952 3512 culpa
980 3433 1185 3512 theologica,
1218 3433 1461 3512 dislraflimem,
1477 3436 1590 3498 mentia
1606 3431 1796 3496 oblivionem
1812 3427 1932 3506 prorsus
1943 3431 1996 3497 iri·¹

413 3515 487 3591 quia
507 3512 563 3579 lioc
581 3512 626 3579 esf
640 3535 750 3581 contra
766 3518 1185 3588 cominuiiemomniuinpru·
1221 3514 1453 3593 voluntariam,
1472 3517 1542 3592 quia
1561 3531 1672 3590 capa.
1701 3513 1741 3575 dr
1760 3512 1871 3599 condit.
1900 3527 1997 3586 rem,

413 3595 571 3673 dentiam,
593 3594 627 3661 dt
648 3598 781 3675 procedit
801 3616 840 3661 eit
861 3599 1037 3676 ignorantia
1055 3594 1184 3658 viiacibi·
1219 3617 1285 3674 qiiae
1302 3595 1384 3674 culpa
1404 3607 1484 3660 cam
1498 3595 1531 3658 iii
1549 3595 1697 3660 damam
1717 3610 1822 3656 vocari
1848 3612 1905 3654 non
1923 3609 1995 3652 riri·

414 3673 456 3763 li,
472 3695 540 3751 quae
562 3697 624 3741 non
639 3675 798 3744 excusata
820 3694 971 3755 peccato·
993 3675 1065 3739 Dixi
1074 3686 1112 3738 iii
1118 3674 1184 3754 piri·
1218 3675 1324 3740 venit:
1342 3676 1394 3751 qui
1408 3678 1491 3739 enim
1510 3676 1655 3743 damnum
1675 3692 1766 3738 extra
1785 3667 1993 3746 contraflum,

415 3773 527 3819 armum
540 3804 549 3833 ,
564 3761 634 3832 quia
655 3756 753 3825 notest
773 3760 869 3823 etiam
885 3759 1082 3835 contingere,
1102 3754 1182 3831 quod
1218 3753 1405 3821 &officium
1427 3756 1534 3820 intulit
1562 3775 1601 3819 eit
1626 3753 1711 3818 nullo
1730 3754 1836 3828 capite
1862 3764 1993 3813 tenetur

415 3836 482 3910 quis
503 3854 612 3900 contra
635 3837 840 3915 propositum,
859 3835 892 3901 dt
916 3857 955 3900 eit
982 3838 1182 3899 inadverten·
1217 3834 1404 3913 restitiiere,·
1435 3837 1509 3900 idesl
1536 3857 1599 3900 non
1622 3837 1744 3900 ratione
1771 3835 1892 3895 iniuriae
1921 3846 1999 3899 cum

415 3917 463 3978 tia
481 3918 607 3979 omnino
636 3919 848 3982 involuntaria
873 3918 984 3980 librum
1013 3916 1183 3980 commoda·
1220 3938 1280 3980 noii
1291 3920 1482 3994 peccaverit,
1495 3937 1557 3981 non
1579 3921 1700 3980 ratione
1716 3916 1997 4001 reiacceptae,auu

414 4009 483 4058 tum
500 4010 574 4059 aute
590 3992 670 4073 soter
687 4000 860 4074 relinquat.
1215 3995 1415 4073 contradus,
1444 3997 1495 4061 vel
1521 3997 1595 4073 legia
1617 4045 1625 4073 ,
1647 3996 1697 4059 val
1726 3993 1890 4081 sententia:
1912 4006 1997 4081 'cum

454 4073 552 4151 Culpa
571 4075 654 4140 levis
673 4076 714 4141 eil
734 4075 1059 4142 omissiololicirudinir
1071 4125 1079 4152 ,
1092 4096 1182 4154 quam
1217 4079 1292 4141 nihil
1311 4078 1418 4142 borum
1443 4079 1634 4141 interveniat
1655 4120 1664 4136 .
1697 4073 1849 4149 Insuper,
1866 4088 1920 4144 qui
1939 4066 1995 4132 da·

414 4151 625 4233 diligentiores
654 4179 716 4223 non
742 4164 922 4223 omittunt.
954 4158 1056 4229 Hiu'us
1083 4158 1133 4221 cul
1155 4179 1182 4221 ae
1220 4157 1631 4234 mniimsinerillopcccato
1653 4173 1742 4218 extra
1767 4147 1962 4230 contrabium

415 4253 487 4298 reiis
501 4233 543 4299 esi
556 4285 566 4315 ,
580 4240 631 4328 qui
649 4241 749 4315 perdit
766 4260 830 4301 rem
845 4238 1036 4304 comodaram
1047 4180 1182 4301 incubi·
1216 4239 1250 4305 dt
1266 4235 1402 4303 officium
1423 4238 1530 4301 intulit
1546 4234 1576 4299 se
1593 4235 1683 4300 habet
1705 4234 1743 4297 ad
1763 4230 1858 4294 instar
1879 4228 1994 4320 posle'-

414 4315 486 4378 culo
500 4318 684 4396 repositam,
700 4318 747 4382 sed
758 4317 846 4383 serris
863 4341 923 4384 nori
937 4317 1101 4384 recluserat
1114 4318 1182 4395 ‚vel
1218 4322 1291 4383 sotis
1308 4320 1397 4383 bonae
1418 4316 1506 4394 fidei,
1527 4319 1581 4394 qui
1595 4338 1659 4378 non
1681 4330 1807 4402 tenerur
1827 4307 1998 4373 restituere·

415 4396 612 4459 domesticum
630 4399 747 4464 admisit
767 4403 854 4463 cuius
871 4400 1002 4477 probitas
1021 4420 1084 4464 non
1108 4403 1183 4462 latis
1219 4420 1282 4462 reni
1303 4400 1434 4465 alienam
1460 4418 1551 4472 quani
1572 4398 1652 4460 bona
1680 4395 1744 4534 lrss
1769 4384 1954 4464 consumpsit
1982 4432 1997 4464 ,

414 4492 483 4538 crat
500 4479 528 4538 ei
550 4497 644 4550 nota;
662 4484 713 4556 qui
730 4481 810 4543 male
830 4481 962 4544 consulit
990 4483 1022 4542 in
1050 4499 1082 4542 re
1103 4478 1183 4541 diffi·
1220 4499 1275 4544 nec
1293 4498 1333 4541 err
1352 4498 1386 4542 ea
1403 4475 1497 4542 fatus
1514 4476 1551 4540 sit
1568 4477 1677 4540 ditior.
1735 4472 1844 4536 andem
1858 4469 1924 4534 tale
1941 4466 2000 4560 da·

413 4553 483 4630 cili,
503 4555 665 4643 idestmale
687 4559 814 4623 resolvit
830 4559 1073 4624 difficultattmsr
1096 4561 1182 4634 ipro-
1219 4579 1322 4622 mnum
1347 4555 1457 4622 fa‘ium
1477 4578 1542 4623 non
1572 4554 1630 4620 suit
1651 4556 1776 4618 domino
1801 4547 1997 4619 rationabile,

412 4631 542 4713 positam
560 4638 793 4716 femoralibus,
817 4643 898 4703 cirea
919 4660 1011 4715 quam
1036 4639 1056 4703 d
1109 4644 1184 4712 'ores
1221 4658 1269 4703 ter
1290 4642 1408 4712 invito,
1429 4641 1501 4715 quia
1526 4658 1617 4701 nemo
1639 4632 1868 4699 rationabiliter
1892 4620 1995 4705 potest

412 4718 660 4784 nonerriillent.
690 4720 790 4795 Culpa
823 4720 968 4862 levipiria
994 4718 1039 4782 est
1066 4718 1185 4784 omissio
1220 4719 1303 4782 nolle
1320 4720 1455 4796 malum,
1469 4720 1547 4795 quod
1571 4739 1643 4782 tuin
1662 4717 1691 4778 ei
1724 4708 1876 4777 inseratur
1904 4726 1994 4772 invo-

413 4799 480 4860 eiur
500 4797 688 4878 diligentia,
708 4820 799 4874 quani
825 4822 878 4875 pru
899 4799 1064 4878 entissimi,
1079 4798 1114 4866 dt
1138 4799 1185 4864 so·
1222 4800 1374 4877 luntarie,
1397 4798 1430 4864 dt
1446 4800 1635 4874 uccellano,
1657 4799 1737 4859 idem
1753 4796 1830 4883 eilet
1855 4811 1892 4855 ac
1911 4787 1999 4881 uelle

413 4876 582 4954 lertiisirni,
599 4883 629 4941 in
647 4879 734 4943 rebus
750 4875 883 4943 eiusdem
895 4898 1016 4944 naturae
1028 4881 1182 4946 adhibent.
1221 4877 1421 4957 impossibile,
1440 4880 1519 4958 quod
1542 4883 1593 4957 qui
1623 4877 1717 4940 vellet
1734 4868 1995 4962 irrationabiliter

415 4954 503 5021 Talia
523 4956 566 5021 cst
582 4958 742 5036 diligentia
757 4978 885 5042 eorum,
903 4963 952 5037 qui
971 4983 1044 5024 cum
1059 4961 1181 5026 cubicu·
1221 4960 1319 5025 vellet
1338 5004 1345 5019 .
1377 4959 1451 5022 Dixi
1475 4972 1544 5024 anie
1562 4956 1745 5039 senentiam
1771 4954 1904 5027 iudicis,
1921 4960 1994 5034 <1¹¹¹j⁴

415 5036 480 5100 luni
504 5036 670 5101 clauserint
700 5035 811 5116 serra,
838 5059 932 5102 manu
959 5057 1087 5114 tentant
1110 5063 1184 5107 num
1221 5059 1296 5104 tunc
1322 5042 1414 5104 iudex
1431 5039 1547 5119 obligat
1571 5060 1612 5102 ex
1634 5033 1877 5110 consideratione
1898 5038 1995 5100 ΡΝ·

414 5115 695 5196 elavirrrraverit,
716 5113 988 5198 sicutialiquaodo
1005 5122 1185 5204 couriirgi'rr
1218 5120 1371 5189 cularium
1385 5118 1685 5189 circumstantiarum
1705 5134 1774 5193 quae
1794 5100 1999 5259 ίυοάιιέἑηίῗῑι,
