4425 6000
567 505 1405 591 'Tnaer.orc.orrtrracr.crir.
1430 507 1480 589 11.
1687 519 1764 613 ¹79

223 607 315 684 lirae
330 614 392 688 eod
413 611 722 694 &anemonen
740 608 878 680 lulianus
903 617 1000 694 13.§.
1036 606 1198 675 delliullio
1242 609 1292 676 leu
1319 613 1479 689 interitui,
1501 606 1554 676 vel
1578 605 1798 682 deterioratio.

224 699 262 764 o.
282 693 318 762 ff.
338 696 446 762 deaii.
463 705 551 773 erupi.
758 771 766 784 ι
850 770 857 784 .
927 771 934 784 ι
1034 690 1123 784 Nora
1142 705 1172 752 a.
1189 657 1250 757 ilo
1271 690 1397 758 vendita
1414 690 1465 759 vel
1481 688 1689 783 determinata
1704 693 1748 759 eil
1767 697 1800 760 in

271 778 436 844 Notanter
463 774 596 839 dixirinir
623 771 712 847 supra
730 774 788 855 rirfi
812 771 901 839 nitier
920 783 1000 840 inirr
1033 767 1133 847 specie
1169 787 1206 834 ut
1219 776 1305 858 aiunt
1323 771 1466 851 luristae,
1486 773 1539 836 leu
1554 771 1636 848 quod
1656 774 1737 839 idern
1753 773 1802 843 eli

225 857 440 927 eomrrdrnirr·
454 867 635 920 conventam
648 850 772 939 sarrit,
785 857 858 930 quia
875 852 897 917 si
916 858 999 920 ciroa
1033 853 1067 916 iri
1092 817 1254 919 individuo
1271 848 1442 946 seeundum
1466 849 1665 934 Theologor,
1692 873 1728 924 ut
1752 857 1802 924 liic

308 940 465 1020 cptionetn
498 927 608 1000 studetis
635 954 676 998 eir
703 953 738 998 re
766 933 896 1000 vendita
921 929 999 999 iada
1031 949 1149 1010 mour,
1178 931 1236 998 hoc
1259 931 1376 1000 dolium
1400 935 1487 1012 vini,
1516 932 1574 1000 hoc
1597 954 1723 1014 arum,
1745 939 1800 1004 vel

227 959 334 1088 ’ξὲὶι
363 1021 447 1084 inter
476 1015 695 1082 contrahentes
733 1013 833 1091 aliqua
863 1010 999 1091 specialir
1032 1009 1131 1077 solum
1160 1011 1367 1079 decenninata
1395 1017 1427 1078 in
1447 1032 1576 1098 genere,
1666 1017 1799 1084 indeter·

223 1097 645 1249 amoliri-diluit
655 1091 1002 1255 dilidam
1030 1092 1207 1238 alarii
1220 1089 1405 1239 {nicil
1416 1094 1801 1255 lllalffnlllss

225 1205 281 1328 eti
303 1257 457 1333 perdire,
478 1256 512 1323 dt
531 1256 603 1320 alibi
628 1260 661 1318 in
680 1258 748 1320 iure
794 1252 876 1319 unde
894 1255 999 1321 licitur
1031 1248 1080 1316 sur
1100 1271 1150 1317 tes
1168 1253 1374 1319 determinata
1390 1254 1483 1321 vcnrli
1509 1254 1604 1333 potell
1629 1258 1679 1322 vel
1699 1255 1800 1335 quoad

228 1339 278 1410 est
298 1335 474 1406 contradus
501 1351 573 1403 cum
601 1330 715 1400 snndur
744 1302 909 1400 srulluosus
927 1382 942 1414 ‚.
960 1351 997 1400 ot
1031 1351 1161 1426 corpur,
1178 1334 1227 1398 vel
1248 1335 1348 1412 quoad
1366 1332 1555 1402 mensuram.
1583 1335 1708 1403 Dicitur
1723 1357 1799 1403 ven·

223 1418 406 1502 prandium,
424 1417 552 1498 domur,
572 1415 698 1494 hortor,
718 1427 772 1480 aut
789 1414 871 1478 aliud
894 1413 996 1480 liuius-
1030 1408 1060 1473 di
1077 1412 1176 1489 quoad
1191 1434 1317 1495 corpiu.
1338 1417 1460 1492 quando
1478 1413 1589 1504 aliquid
1614 1416 1799 1483 determina·

226 1499 321 1566 modi
353 1499 469 1562 emitur
492 1515 536 1562 eo
557 1491 643 1572 patto
664 1510 703 1559 ut
730 1493 798 1572 post
824 1511 874 1559 tot
901 1513 997 1560 annor
1032 1508 1099 1555 turn
1116 1493 1261 1560 venditur
1276 1499 1368 1561 unico
1384 1500 1501 1574 pretio,
1518 1512 1552 1560 ut
1570 1497 1589 1555 li
1606 1497 1706 1576 dicas,
1723 1515 1799 1564 veri·

230 1581 399 1647 dumtaxat
415 1573 535 1642 solvere
550 1593 696 1641 teneatur
713 1590 836 1652 emptor
865 1577 997 1651 pretium
1029 1571 1070 1636 rlo
1084 1570 1140 1636 tibi
1158 1571 1218 1637 lioc
1241 1575 1358 1640 dolium
1379 1581 1446 1642 vini
1465 1579 1684 1658 quinquaginta
1709 1597 1805 1642 num·-

224 1673 429 1728 tooventum
444 1657 623 1736 venditori,
636 1655 671 1726 dr
686 1657 811 1720 interim
821 1652 921 1720 donec
930 1675 998 1733 pre-
1030 1655 1105 1716 mie.
1123 1654 1245 1719 Dicitur
1266 1654 1357 1720 vendi
1376 1657 1477 1734 quoad
1496 1658 1666 1723 menlorain
1682 1679 1799 1735 ,quan-

229 1741 316 1806 tiom
353 1735 492 1802 solvatur
522 1739 669 1815 percipiat
699 1735 846 1800 venditor
873 1733 996 1800 censum
1029 1732 1071 1796 do
1087 1752 1134 1796 rer
1151 1734 1297 1801 venditur
1322 1738 1416 1802 unico
1434 1741 1550 1817 pretio,
1576 1738 1624 1802 sed
1646 1759 1701 1817 pro
1720 1758 1796 1805 una-

229 1815 321 1886 fundi
341 1816 462 1883 venditi
488 1820 559 1898 neg.
584 1814 725 1882 lulianus
744 1829 791 1896 13.
812 1820 845 1903 Ι5.
867 1837 906 1880 ric
921 1836 996 1882 vrri·
1029 1832 1148 1889 quaque
1170 1811 1310 1881 mensura
1333 1819 1465 1894 pretium
1493 1811 1686 1897 allignatur,
1709 1835 1745 1883 ut
1773 1817 1797 1883 si

224 1899 298 1966 diro
323 1893 358 1961 ls.
386 1901 426 1962 de
449 1901 505 1964 adi.
531 1895 625 1977 empti
651 1900 694 1964 o·
720 1895 865 1976 venditi,
893 1893 929 1961 dc
955 1895 996 1959 sic
1030 1892 1148 1971 dicam,
1168 1895 1271 1960 vendo
1291 1895 1346 1961 tibi
1366 1895 1424 1962 hoc
1446 1897 1563 1964 doliuin
1586 1901 1670 1971 vini,
1690 1918 1797 1963 tinam·

228 1979 437 2047 cormiuniter
466 1977 614 2042 Dodones
644 1997 716 2040 curn
739 1976 848 2040 Glolla
874 1977 906 2038 in
927 1995 994 2052 cap.
1029 1992 1178 2051 quartique
1198 1973 1368 2040 inenluram
1389 1975 1485 2042 tribus
1499 1979 1632 2057 ducatis,
1652 1978 1797 2054 hocprae·

228 2057 387 2140 murder
402 2057 569 2135 Extravag.
587 2052 738 2120 derisoris
754 2057 803 2118 ubi
819 2055 916 2120 ul'urae
931 2053 996 2133 pos·
1030 2052 1114 2116 dium
1148 2057 1279 2120 numinis
1309 2073 1356 2120 aa.
1393 2077 1456 2140 pro
1474 2057 1595 2138 singuiis
1621 2058 1793 2138 iugeribus.

227 2137 307 2206 sunt
323 2139 420 2202 etiam
436 2142 499 2213 peti
516 2134 679 2202 secundum
693 2154 827 2202 canones
843 2155 996 2200 cumven-
1031 2132 1179 2197 Vendiiio
1202 2155 1264 2200 non
1287 2135 1446 2203 desineret·
1460 2139 1521 2203 esse
1546 2137 1646 2218 quoad
1667 2160 1796 2216 corpus,

227 2219 270 2287 rio
286 2216 343 2284 rili·
358 2216 528 2297 predium,
547 2216 589 2284 Ψ
608 2215 715 2294 trado,
730 2212 771 2281 (7
790 2215 911 2305 percipis
924 2211 998 2298 frir-
1030 2211 1087 2277 etsi
1112 2212 1274 2282 adderetur
1296 2221 1453 2294 quantitas
1478 2221 1545 2298 rei,
1568 2235 1604 2284 ut
1620 2219 1722 2283 vendo
1738 2217 1795 2284 tibi

230 2299 329 2376 ὅτι)
363 2294 405 2363 (7
437 2309 471 2362 iu
497 2294 574 2364 milri
596 2295 694 2377 solvis
716 2307 845 2374 prelium
871 2296 915 2361 air
936 2308 996 2361 irr-
1031 2293 1087 2358 hoe
1103 2290 1239 2374 dolium,
1254 2295 1335 2374 qood
1350 2303 1490 2364 continet
1505 2299 1794 2372 nienl'urardecema

228 2381 368 2447 m.
1031 2395 1217 2452 quamquain
1242 2379 1379 2457 exigeret
1408 2382 1565 2459 aequitas,
1597 2397 1635 2443 ut
1667 2381 1799 2455 pretium

177 2449 215 2494 ¹¹·
274 2457 356 2524 lteni
377 2455 480 2522 licitur
499 2454 544 2521 est
565 2454 756 2532 contratiae,
776 2455 896 2533 quando
919 2476 997 2520 ven·
1032 2457 1282 2534 augeretur,vel
1299 2459 1544 2534 minueretur,si
1567 2459 1667 2537 pollca
1684 2479 1798 2540 cogno·

179 2585 210 2622 o·
229 2539 315 2606 ditor
384 2557 398 2600 r
428 2534 588 2616 specialem
612 2540 853 2602 conventionem
872 2553 997 2600 tantum
1031 2531 1165 2599 sectetur
1184 2556 1270 2600 error
1285 2540 1317 2602 in
1333 2543 1527 2618 quantitate,
1542 2544 1593 2617 qui
1609 2538 1702 2605 suerit
1717 2536 1799 2604 caus·

177 2649 213 2688 ri.
230 2617 287 2686 libi
349 2635 440 2682 etvat
456 2620 494 2681 de
513 2613 655 2682 sterilibus
671 2620 717 2682 rei
730 2616 867 2683 venditae
880 2664 888 2694 ,
901 2635 996 2693 quan·
1030 2612 1061 2679 sa
1079 2613 1283 2681 constituendi
1300 2622 1445 2699 maioris,
1466 2621 1518 2684 vel
1539 2623 1663 2684 minoris
1685 2621 1798 2698 pretii,

177 2695 216 2752 ⁵⁸
232 2717 303 2768 tum
322 2718 364 2765 ex
382 2696 534 2762 dilatione
557 2697 717 2761 solutionis
746 2698 913 2774 prudenter
943 2694 996 2759 sibi
1031 2691 1084 2756 nisi
1101 2711 1205 2760 tamen
1219 2697 1440 2764 contrahentes
1460 2700 1555 2765 aliter
1572 2701 1796 2765 convenerint.

177 2775 193 2814 ¹
231 2785 325 2848 timet
351 2779 511 2842 imminere
531 2777 634 2841 damni
658 2780 862 2855 emergentis,
880 2776 930 2840 vel
950 2775 996 2838 lu·
1053 2775 1325 2867 'advertendum
1346 2796 1401 2844 not
1417 2777 1466 2844 liic
1483 2778 1571 2844 nonl
1613 2785 1643 2843 rii
1669 2777 1708 2842 de
1726 2797 1802 2843 ven·

179 2887 206 2942 g,
227 2863 274 2928 tri
298 2859 463 2937 cessantis,
494 2873 568 2935 puta
596 2859 667 2934 quia
691 2856 834 2921 venditor
855 2857 996 2933 pecuniae
1030 2852 1147 2918 ditione
1164 2854 1358 2934 irnperledla,
1387 2857 1436 2922 sed
1455 2859 1493 2924 de
1514 2799 1642 2936 perdita
1662 2855 1696 2922 dt
1716 2876 1802 2923 ιοιιι·

230 2940 436 3022 negotiationi
453 2936 660 3015 expol'uillet,
681 2955 737 3001 ant
759 2938 822 3001 alio
838 2936 929 3001 inodo
948 2934 997 3000 lii·
1032 2935 1114 3010 pleta
1125 2975 1135 3013 ,
1155 2952 1173 2999 a
1193 2951 1333 3010 qua-non
1352 2937 1425 3004 lieet
1440 2937 1573 3017 partibus
1595 2936 1726 3016 resilire,
1743 2956 1802 3006 nec

228 3038 337 3088 cratus
357 3016 480 3097 suill'et,
501 3020 521 3081 si
544 3017 645 3083 ilatim
667 3013 743 3082 sadra
766 3015 871 3081 fiiiner
890 3036 998 3081 earum
1030 3016 1183 3093 loquimur
1201 3013 1241 3079 de
1256 3034 1289 3080 re
1306 3019 1443 3085 tradita.-
1460 3039 1529 3085 eam
1544 3022 1626 3084 enim
1647 3038 1799 3084 nemone·

229 3102 368 3169 solutio.
390 3096 441 3164 Est
464 3102 654 3177 communis,
675 3097 750 3163 telle
770 3098 808 3162 de
828 3096 933 3177 Lugo.
950 3098 996 3162 At
1030 3110 1083 3175 gat
1104 3097 1203 3172 perire
1223 3100 1372 3175 emptori,
1400 3120 1471 3164 cuin
1485 3115 1609 3174 emptor
1629 3098 1800 3166 traditione

228 3181 392 3265 postquam
416 3180 561 3248 venditor
590 3180 762 3243 dominium
789 3177 943 3244 transtulit
964 3182 996 3241 in
1033 3176 1155 3252 plenarii
1184 3170 1364 3266 consecutur
1396 3175 1434 3243 sit
1467 3179 1664 3246 dominium.
1702 3178 1802 3260 lgitut

228 3278 425 3340 emptorem,
440 3282 497 3325 nec
515 3262 684 3338 periculum
699 3272 823 3338 apparet
840 3255 993 3327 lucrices·
1030 3258 1242 3321 controverlia
1270 3257 1411 3324 versatur
1435 3262 1517 3325 cirea
1538 3280 1624 3339 iem,
1649 3279 1719 3339 quae
1751 3280 1802 3340 pe·

229 3338 349 3417 santis,
367 3342 402 3408 dr
424 3341 527 3405 damni
553 3344 758 3417 emercentir,
779 3339 822 3405 oli
842 3338 936 3403 l'olrrn
950 3337 996 3402 di·
1031 3353 1098 3402 reat
1116 3352 1189 3399 anre
1209 3334 1426 3405 traditionem.
1451 3330 1542 3404 Unde
1558 3338 1597 3406 sit

229 3422 330 3487 latam
354 3421 558 3497 solutionem,
579 3417 693 3485 friillur
712 3424 754 3485 rei
784 3420 921 3484 venditae
943 3417 995 3482 libi
1070 3418 1132 3498 Res
1151 3416 1279 3481 vendita
1298 3421 1396 3484 etiarn
1417 3437 1489 3485 ante
1505 3422 1801 3499 traditionem-perit

228 3500 390 3569 reservare
407 3523 469 3566 nori
491 3500 609 3579 potest.
634 3500 716 3566 lieni
736 3502 838 3565 licitur
857 3499 902 3563 est
921 3518 997 3564 con·
1031 3499 1185 3573 emptori,
1200 3493 1222 3558 si
1237 3492 1276 3560 sit
1295 3497 1502 3565 determinata
1518 3504 1549 3565 in
1567 3500 1744 3580 individuo,
1760 3519 1797 3569 ot

225 3579 344 3646 trrdlus
371 3579 492 3661 quando
519 3580 654 3644 vendent
686 3583 731 3644 ira
758 3583 906 3645 convenit
926 3600 997 3645 cuin
1032 3578 1097 3643 haec
1122 3576 1248 3651 domum
1277 3592 1333 3642 aut
1362 3578 1384 3643 si
1410 3582 1510 3659 quoad
1537 3602 1648 3659 corpus
1669 3582 1798 3647 vendita

227 3680 387 3740 emptore,
417 3679 453 3727 ot
478 3656 673 3733 dominium,
698 3659 732 3725 dt
756 3660 925 3737 periculum
952 3662 996 3723 rei
1031 3658 1088 3737 sit,
1106 3655 1270 3719 dommodo
1293 3672 1398 3725 tamen
1421 3657 1571 3739 perfetta,
1599 3658 1635 3728 ἀ
1654 3658 1798 3728 abloluta

227 3741 372 3805 venditae
394 3742 431 3803 ad
453 3737 551 3819 ipluni
571 3744 727 3815 pertineat
748 3756 821 3803 ante
842 3742 932 3811 pretii
951 3736 999 3803 so·
1032 3738 1069 3803 sit
1086 3735 1227 3803 venditio
1242 3742 1327 3813 ,occ
1342 3739 1379 3805 sit
1398 3739 1486 3818 culpa
1502 3740 1554 3808 vel
1571 3760 1657 3806 mora
1670 3760 1711 3805 ex
1728 3758 1801 3820 par·

228 3820 407 3895 lotionem,
429 3840 463 3882 ae
485 3818 554 3881 ideo
569 3821 694 3882 interim
714 3818 750 3881 ad
771 3820 801 3881 se
821 3823 997 3892 pertineant
1033 3836 1065 3883 te
1090 3814 1278 3894 venditoris,
1306 3820 1409 3886 itaut
1434 3838 1579 3886 teneatur
1600 3817 1800 3896 solvereto·

1815 607 1923 688 atria*

1818 690 1854 727 rel
1864 691 1892 728 ΙΙ

228 3898 370 3969 friidloa.
390 3896 474 3963 Nam
493 3918 564 3961 cnm
583 3900 727 3983 venditio
742 3895 902 3963 censeatur
920 3899 998 3963 cele-
1033 3917 1101 3964 tuni
1121 3893 1315 3976 pretium,si
1342 3898 1477 3965 nondum
1495 3897 1611 3977 solvit,
1635 3900 1669 3969 δι
1692 3899 1715 3964 si
1736 3901 1820 3981 iarn¹

228 3980 324 4049 brata
342 3997 404 4043 non
425 3976 565 4043 absolute
576 4000 588 4049 .·
609 3977 657 4043 led
673 3977 725 4042 liib
741 3977 941 4054 conditione,
962 3996 998 4041 ut
1034 3978 1147 4051 lolvit,
1167 3974 1243 4038 nihil
1272 3978 1369 4055 potest
1396 3998 1534 4057 repetere
1562 3989 1589 4052 ς.
1611 4002 1677 4048 curii
1696 3993 1817 4049 ratem

228 4078 305 4129 tata
327 4055 446 4125 nonsit
462 4075 626 4135 antequam
642 4064 775 4137 pretium
792 4056 998 4135 solraiur,&
1035 4074 1062 4138 3.
1084 4057 1151 4145 lili.
1182 4055 1219 4119 de
1243 4071 1332 4150 eripi:
1356 4057 1398 4128 (5
1424 4061 1544 4127 vendin
1568 4062 1618 4128 ubi
1639 4061 1700 4130 sier
1728 4080 1798 4127 ruirr

228 4160 304 4209 curo
315 4137 395 4204 antid
407 4135 1000 4229 ipsumadbocremaneat&dorniniom
1034 4148 1156 4229 annito,
1174 4132 1216 4203 Φ
1234 4140 1371 4203 venditio
1390 4145 1536 4208 contraiit
1552 4144 1607 4220 fii,
1628 4144 1707 4222 quod
1723 4138 1797 4233 effici

228 4219 618 4365 *liifrl‘llllnil
637 4216 1001 4365 ‘llllll‘lliilistn
1034 4218 1802 4381 dlxiiiilllzilliilimii'nii

231 4321 277 4447 {ea
305 4382 537 4459 provenientes,
563 4320 662 4446 ιέοιιξξ
689 4324 822 4457 pierium
848 4378 885 4444 sit
918 4376 1001 4443 solu·
1036 4380 1150 4471 lumeni
1161 4380 1445 4457 rrrrrrinproriirorr
1461 4316 1700 4453 erudimini}
1715 4402 1801 4449 com·

235 4478 324 4528 toro:
348 4478 420 4525 narn
443 4463 637 4525 commodum
655 4462 721 4524 einr
739 4462 800 4527 elle
825 4461 934 4537 debet,
949 4480 1001 4522 cu·
1036 4478 1137 4522 inunir
1158 4460 1235 4534 apud
1260 4457 1423 4527 Dodores.
1447 4462 1529 4529 Hinc
1549 4466 1666 4545 colligit
1687 4466 1803 4531 Ponto·

233 4544 290 4608 ior
315 4540 359 4605 eli
377 4540 580 4621 pericolum,
599 4548 628 4610 5.
659 4544 773 4623 3.1rist.
795 4544 831 4610 dr
851 4550 939 4624 oripi.
960 4540 1003 4607 (5
1038 4542 1164 4615 vinum,
1179 4537 1258 4616 quod
1284 4535 1400 4620 satuit,
1422 4562 1477 4609 aut
1502 4545 1624 4621 aliquod
1646 4545 1728 4610 aliud
1752 4544 1803 4608 vi-

233 4619 356 4691 uendit.
975 4670 981 4679 .
1038 4624 1118 4713 tium
1138 4620 1321 4697 contraxit,
1336 4627 1470 4712 emptori
1490 4626 1661 4704 deperiille,
1689 4622 1804 4707 ΗΜ

543 4788 567 4851 ς,
610 4779 697 4848 νη
1037 4714 1152 4847 mm
1172 4698 1204 4763 ff.
1225 4698 1262 4764 de
1277 4704 1405 4778 periculo
1425 4702 1465 4771 (9·
1490 4706 1634 4772 commodo
1657 4704 1702 4771 rei
1720 4718 1804 4789 vene

331 4900 396 4971 M
410 4888 497 4983 mm
513 4900 665 4981 pem-m
681 4898 846 4983 periculum
865 4896 906 4971 Φ
1078 4855 1255 4936 Excipiendi
1277 4876 1383 4929 tamen
1403 4861 1534 4931 suntab
1559 4866 1616 4932 liae
1636 4862 1803 4933 conclusio·

183 5056 215 5112 ἢ
274 5098 345 5171 Not
413 4980 601 5119 mimis&
618 4983 666 5049 “f
684 4980 855 5119 ffl‘ae'.
878 5100 885 5117 ι
997 5097 1006 5114 ι
1040 5016 1217 5099 specialiter
1237 5022 1320 5115 inter
1339 5022 1369 5089 se
1392 5028 1603 5123 conveniant,
1631 5045 1668 5092 ut
1688 5027 1804 5105 pericu·

177 5140 206 5181 ,ς
346 5120 410 5173 aa·
429 5102 486 5169 l’er
504 5102 673 5181 periculum
688 5122 734 5173 rei
752 5099 943 5185 intelligitur
962 5099 1108 5186 rei,luru
1123 5118 1282 5171 tnnaneat
1301 5124 1394 5185 penes
1410 5107 1623 5253 νειήἀιιιζιιω,
1643 5107 1805 5253 mein-¹3

1040 4958 1079 5003 ne
1094 4939 1194 5017 plores
1215 4937 1315 5006 casur.
1338 4962 1365 5007 r.
1387 4944 1579 5027 si-eriipcor,
1603 4945 1638 5015 dt
1659 4944 1804 5012 venditor
1819 4994 1899 5047 M„

1837 4742 1918 4816 irat.

1813 4818 1944 4940 illis-⁸

1820 4929 1925 4983 cainum

1822 5057 1905 5111 so·

1823 5122 1989 5175 dm·
