4425 6000
443 467 492 563 58
701 462 1691 544 Trinemoolraiusririn&oCAe.l·

390 564 512 633 tributa
534 617 545 648 ,
564 567 615 634 seu
655 566 813 630 ravamina
838 562 998 628 secundum
1019 582 1155 629 eommu-
1201 565 1410 633 stitutionem.
1439 568 1519 642 Quae
1550 566 1617 632 lunt
1646 564 1821 647 posterioris
1845 567 1981 647 generis

387 650 506 712 niorem
526 651 613 730 gravi
639 667 769 712 imorum
787 642 943 710 audiorum
962 647 1075 721 imponi
1089 641 1156 735 pol-
1202 667 1264 711 non
1281 646 1430 714 debentur
1453 647 1523 712 huic
1546 648 1595 713 vel
1622 650 1667 711 illi
1690 649 1763 714 licet
1784 650 1966 727 digniorieit

281 763 296 779 ·-
390 727 460 794 sunt
475 733 572 795 etiam
591 728 678 805 super
702 728 864 793 neceliaria
893 725 931 788 ad
960 722 1048 788 usum
1067 722 1156 788 fami·
1194 725 1561 800 iustitiacomniurativa·‚
1577 725 1628 792 sed
1638 724 1736 792 solum
1747 728 1970 806 distributiva,

392 807 461 884 liae,
482 813 551 888 quia
574 813 638 875 iani
658 809 863 872 communiter
880 809 910 867 in
937 804 1105 869 ditionibus
1121 823 1157 867 ο4
1194 831 1230 875 ac
1250 808 1319 871 ideo
1338 806 1421 870 male
1436 805 1615 872 distribuens
1632 828 1742 887 peccat
1758 809 1883 887 quidem
1907 858 1918 889 ,
1942 808 1964 873 si

388 891 508 955 mnibus
529 886 695 956 huiusmodi
711 886 897 953 consuetudo
918 883 1052 950 invaluit
1068 932 1079 965 ,
1098 904 1155 947 nec
1193 890 1255 954 sint
1267 885 1369 952 officia
1386 889 1485 967 magni
1501 892 1664 968 momenti,
1685 886 1737 954 sed
1752 909 1813 955 non
1835 904 1965 955 tenetur

388 970 500 1035 exinde
522 973 586 1049 plus
607 983 780 1049 gravantur
799 969 913 1032 divites
929 985 1021 1042 quani
1047 985 1154 1043 paupe·
1193 972 1229 1035 ad
1250 966 1474 1033 restitutionem
1495 970 1556 1044 iis,
1583 987 1658 1044 quos
1679 971 1894 1044 praetermittit
1922 966 1971 1034 sa·

388 1069 459 1128 res,
478 1068 591 1128 utpote
610 1047 982 1127 quiplusquamdivites
1000 1047 1154 1126 indigeant
1191 1047 1360 1125 ciendam;
1396 1060 1521 1112 tenerur
1559 1063 1665 1112 tamen
1700 1046 1845 1114 resarcire
1886 1049 1971 1115 mala

410 1130 477 1195 lura
495 1133 603 1198 horum
621 1148 721 1193 emere
741 1129 775 1192 dt
792 1128 929 1192 vendere·
946 1126 984 1192 ad
1005 1126 1091 1192 luam
1108 1123 1153 1189 su·
1193 1126 1404 1208 Reipublicai,
1433 1125 1456 1188 fi
1477 1127 1575 1192 eidem
1595 1127 1697 1204 aliqua
1716 1128 1826 1192 damna
1856 1149 1974 1205 prove·

387 1149 627 1286 dentitionem,
644 1211 716 1272 dum
731 1210 841 1272 divites
859 1207 923 1272 fere
939 1212 1041 1271 omnia
1059 1207 1094 1271 ad
1107 1210 1157 1271 vi«
1192 1215 1294 1276 niani.
1323 1209 1410 1286 Qiia
1430 1209 1464 1271 iri
1485 1226 1518 1271 re
1534 1227 1641 1286 magna
1665 1203 1739 1273 facit
1759 1225 1867 1275 contra
1888 1208 1973 1275 fide·

387 1286 646 1356 dlumnecellaria
673 1309 711 1353 ex
736 1287 793 1353 suis
823 1289 944 1366 praediis
975 1287 1152 1366 colligunt:
1191 1291 1313 1356 litarem
1335 1286 1524 1365 Reipublicae
1539 1286 1777 1368 debitam,crim
1793 1306 1865 1370 agat
1886 1311 1973 1357 con·

387 1390 461 1434 nam
482 1371 636 1436 sieiruna
653 1387 747 1449 parte
778 1369 843 1447 plus
868 1387 1012 1446 pauperes
1041 1373 1157 1433 incom-
1192 1390 1239 1437 tra
1265 1368 1411 1434 iullitiani
1438 1371 1536 1432 etiam
1565 1372 1851 1447 commurativam,
1890 1370 1974 1436 dum

387 1449 513 1514 modum
529 1472 568 1514 ex
584 1447 808 1530 gravaminibus
826 1453 984 1527 patiuntur
1000 1470 1091 1524 quam
1110 1447 1156 1510 di·
1192 1453 1255 1532 lege
1277 1448 1398 1515 iuliitiae
1416 1468 1575 1526 procurare
1605 1465 1728 1513 tenetur
1750 1449 1866 1515 bonum
1886 1450 1977 1516 Rei·

387 1533 474 1595 vites
490 1579 500 1609 ,
519 1552 559 1595 ex
575 1531 637 1597 alia
653 1531 767 1596 divites
787 1531 853 1607 plus
873 1529 1155 1595 oneranturobtri·
1192 1531 1318 1610 publicae
1341 1578 1348 1604 ,
1373 1532 1460 1605 eique
1475 1545 1624 1605 quantum
1645 1529 1713 1616 lieri
1733 1528 1830 1607 potest
1861 1532 1975 1607 provi·

384 1607 460 1674 buta
476 1632 534 1685 pro
551 1610 773 1688 immobilibus,
793 1631 864 1686 quae'
884 1608 1057 1687 poffident,
1086 1605 1157 1684 ipsis
1191 1611 1317 1676 decede
1338 1609 1424 1673 bonis
1440 1608 1602 1672 Ministris.
1627 1610 1761 1684 Quando
1781 1607 1976 1688 Reipublica-

386 1689 553 1768 imposita,
576 1690 610 1757 dc
630 1691 675 1756 sic
698 1695 731 1755 in
751 1691 818 1756 aliis
838 1711 904 1768 quae
924 1711 1031 1755 eorum
1057 1690 1152 1754 vidui
1191 1693 1335 1756 damnum
1357 1688 1482 1763 aliquod
1497 1690 1637 1767 patiatur
1657 1737 1666 1767 ,
1690 1692 1764 1764 quia
1782 1693 1883 1754 minus
1905 1690 1975 1754 hae

386 1769 555 1838 acrestitui
572 1771 835 1849 suntneceilaria3
852 1769 1153 1846 praeterquamquod
1190 1774 1259 1839 beat
1281 1792 1374 1849 quarn
1389 1766 1495 1832 debeat
1516 1767 1628 1832 habere
1645 1818 1661 1847 ,
1676 1769 1782 1835 caulla·
1801 1769 1895 1835 huius
1915 1774 1971 1835 iri·

383 1849 1156 1931 sinetalibusgravaminibus‚qiiaepauperibusnon·
1190 1851 1341 1919 commodi
1360 1846 1403 1913 est
1420 1847 1873 1936 malusdistributorphincqui
1885 1872 1970 1929 prae·

384 1930 439 1995 nisi
455 1931 570 1998 leviter
589 1931 658 1997 sunt
671 1932 882 2009 incommoda,
902 1952 964 1996 non
981 1932 1043 1996 alio
1064 1929 1155 1994 modo
1191 1933 1301 1998 ficiunt
1318 1945 1488 2006 receptores
1503 1930 1637 2008 maligne
1653 1929 1830 2006 mittentes,
1845 1950 1882 1995 ac
1893 1953 1970 1995 mu·

365 2092 367 2096 Ι
388 2012 542 2089 provideri
565 2013 660 2089 poffer
681 2011 870 2090 Reipublicae
892 2009 1089 2086 neccil'itati,
1104 2012 1153 2073 cui
1191 2024 1520 2087 neraexrorquentei,
1536 2010 1969 2087 quip'raerotes‘mutBalivos

387 2092 533 2168 quaelibet
554 2095 677 2169 privata
697 2090 857 2159 neceilitas
872 2092 978 2171 cedere
994 2090 1101 2156 debet.
1123 2090 1155 2152 Si
1193 2095 1259 2172 plus
1272 2110 1360 2169 aequo
1369 2089 1690 2169 exigentes,damnum
1701 2089 1787 2164 paffis
1797 2090 1968 2155 restituere

386 2188 463 2237 vero
489 2169 598 2248 absque
616 2173 683 2238 ulla
706 2173 822 2252 publica
845 2168 1022 2237 necellitate
1048 2191 1155 2315 {rava-
1192 2189 1358 2243 tenentur.
1379 2169 1555 2233 Cuiulmodi
1575 2188 1681 2235 aurem
1700 2170 1734 2231 hi
1755 2169 1884 2234 niinillri
1902 2171 1967 2235 elle

387 2268 459 2319 rent
479 2253 633 2330 Principes
653 2253 720 2320 luos
730 2255 881 2331 subditos,
902 2251 1047 2329 proculdu
1069 2255 1098 2316 io
1111 2252 1155 2314 le‘·
1191 2253 1338 2328 debeant,
1360 2251 1495 2315 breviter
1513 2249 1628 2313 indicat
1638 2250 1743 2314 lethro
1752 2250 1854 2314 dicens
1866 2250 1968 2314 Exodi

389 2331 523 2398 thaliter
538 2352 724 2412 peccarent,
738 2334 772 2400 &
788 2334 977 2398 restitutioni
997 2332 1155 2397 cilentob·
1193 2334 1241 2397 18.
1262 2329 1379 2412 Moysi,
1400 2341 1433 2392 rt
1450 2328 1604 2407 provideat
1623 2330 1711 2393 viros
1728 2343 1880 2410 potentes,
1903 2331 1961 2394 boc

388 2416 495 2489 noxii,
512 2429 623 2491 utpote
639 2418 691 2491 qui
711 2415 865 2480 violarent
889 2411 1038 2478 iustitiam
1059 2409 1153 2475 dillri·
1189 2412 1232 2477 est
1249 2411 1385 2475 strenuos
1410 2431 1469 2489 ,ac
1490 2413 1699 2489 magnanimos
1723 2457 1731 2488 ,
1759 2414 1809 2486 qui
1827 2412 1961 2491 Magna·

386 2491 528 2558 butivam
545 2497 577 2556 in
596 2493 684 2570 casu,
701 2498 732 2557 in
753 2516 816 2572 qno
831 2493 896 2558 haec
913 2493 1066 2557 adcommi
1082 2496 1155 2556 tati·
1192 2513 1258 2558 tum
1279 2494 1402 2556 vultum
1419 2510 1483 2553 non
1499 2494 1630 2553 timeant
1649 2537 1658 2566 ,
1685 2510 1742 2556 uec
1763 2490 1907 2569 perlonas
1927 2492 1963 2555 in

384 2590 460 2636 vam
481 2571 608 2650 transit,
624 2578 675 2652 qui
697 2573 842 2640 transitus
864 2578 895 2636 in
923 2573 980 2657 hoc
999 2571 1153 2646 conlillit,
1191 2575 1313 2637 iudicio*
1326 2574 1481 2647 accipiant
1493 2589 1507 2632 :2
1524 2569 1598 2633 Noli
1618 2590 1749 2648 quaerere
1762 2570 1832 2648 fieri
1847 2571 1967 2648 iudex,

383 2650 519 2725 quodex
538 2655 712 2719 violatione
738 2651 862 2719 iustiriae
889 2651 1090 2718 distributivae
1123 2654 1155 2714 in
1192 2660 1236 2718 ait
1251 2653 1375 2728 Sapiens
1396 2648 1563 2737 Ecclesiall.
1586 2669 1614 2726 7.
1633 2653 1669 2711 6.¹
1683 2651 1735 2729 nist
1757 2652 1871 2716 valcas
1895 2652 1965 2715 vir·

293 2753 295 2756 ¹
384 2731 576 2810 imponendis
591 2732 715 2799 tributis
737 2734 891 2809 indebite,
911 2733 1045 2799 subditos
1066 2732 1158 2796 bonis
1192 2745 1255 2798 tute
1271 2735 1433 2810 irrumpere
1454 2730 1666 2808 iniquitatem,
1687 2753 1723 2795 nt
1737 2730 1818 2813 forie
1832 2731 1963 2797 extime-

389 2812 449 2876 liiis
474 2811 607 2877 indebite
617 2813 803 2893 spoliarent,
822 2815 1014 2893 quodutique
1032 2810 1157 2877 ellcon·
1185 2813 1251 2893 scos
1266 2812 1379 2892 ficiem
1391 2812 1517 2888 potentis
1536 2859 1551 2898 ,ι
1574 2808 1614 2876 Θ
1631 2828 1720 2888 ponas
1735 2810 1912 2891 scandalum
1928 2811 1967 2877 iri'

345 2954 353 2968 ,
390 2908 440 2958 tra
460 2889 606 2957 iustitiam
624 2899 899 2961 commutativam.
1191 2892 1346 2973 iniquitate
1363 2905 1415 2955 tua
1436 2915 1445 2966 ι
1465 2892 1505 2958 <P
1526 2904 1662 2955 rimantes
1683 2898 1805 2970 Deum,
1835 2896 1882 2959 ait
1912 2891 1968 2956 les

244 2959 376 3071 Pefies‘ffffi
428 2990 457 3033 a.
480 2972 651 3038 Occurrcre
668 2974 766 3054 potest
792 2974 986 3054 personarum
1015 2973 1156 3052 acceptio
1193 2973 1335 3053 thro,i'ii
1353 2969 1457 3051 quibus
1468 2969 1662 3054 fitoeri'tas,
1683 2992 1744 3037 non
1767 2969 1968 3052 solumvitae,

201 3063 206 3072 ‘
243 3037 317 3136 fug?
338 3037 368 3136 ᾗ
386 3053 424 3115 in
447 3050 659 3117 distributione
683 3053 857 3120 officiorum
882 3054 1100 3134 Reipublicae,
1134 3051 1154 3114 si
1191 3057 1225 3120 dt
1245 3052 1386 3119 dodlrinae
1415 3051 1461 3118 sed
1482 3055 1582 3117 etiam:
1597 3052 1723 3117 iustitia
1743 3053 1810 3131 ,l&
1830 3057 1884 3132 qui
1899 3054 1964 3120 ode·

243 3149 333 3200 diuo.
387 3152 438 3194 ma
459 3133 482 3193 is
499 3134 598 3210 aptis,
618 3153 653 3198 ac
673 3135 861 3209 Reipublicae
879 3136 1010 3199 utilibus
1025 3153 1089 3196 nori
1111 3130 1157 3196 di·
1191 3138 1253 3199 rint
1269 3131 1451 3211 ovantium,
1471 3152 1532 3197 non
1554 3130 1705 3197 studentes
1724 3132 1837 3199 scilicet
1857 3134 1969 3213 opibus·

243 3211 358 3290 huenen
386 3153 597 3287 stribuantur,
617 3215 689 3289 quia
702 3214 781 3279 bona
803 3216 876 3294 illa,
896 3214 949 3280 vel
969 3212 1073 3278 officia
1093 3233 1155 3276 non
1191 3213 1401 3291 cumulandis,
1433 3233 1490 3277 nec
1509 3231 1639 3277 munera·
1665 3216 1873 3290 accipientes.
1902 3216 1965 3279 Re-

244 3274 463 3391 ssfflm'guiont
476 3287 722 3357 distribuentium
743 3299 866 3373 propria
883 3313 1031 3370 tanquam
1046 3294 1077 3357 in
1094 3296 1155 3370 pri·
1191 3298 1269 3372 quiri
1288 3297 1384 3358 etiam
1407 3312 1440 3357 ur
1459 3291 1520 3357 sirit
1534 3289 1704 3372 sapientes,
1729 3293 1887 3373 indullrii,
1907 3293 1968 3359 scii:

244 3353 329 3452 „¹5⁰
390 3387 482 3436 vatos
502 3371 694 3437 eorumulus
709 3373 861 3438 dellinata
882 3423 896 3452 ,.
915 3372 967 3438 sed
991 3370 1063 3439 sunt
1079 3373 1156 3437 Rei·
1193 3374 1384 3454 prudentes,
1409 3374 1641 3438 Deuteronomii
1664 3394 1694 3436 r.
1715 3381 1792 3439 Dare
1821 3397 1859 3439 ex
1878 3372 1969 3440 vobis·

408 3449 537 3541 oblicae,
556 3450 673 3542 Regum
693 3502 702 3530 ,
727 3472 780 3518 aut
804 3456 1006 3533 Principum,
1031 3456 1063 3515 in
1079 3474 1160 3529 quos>
1191 3454 1273 3520 uiros
1288 3453 1455 3533 sapientes,
1471 3450 1511 3519 (5
1523 3475 1628 3533 gnaros
1651 3501 1660 3530 ,
1688 3452 1728 3521 (5
1746 3476 1869 3532 quorum
1893 3476 1960 3543 cori·

416 3525 567 3608 elpublita
586 3550 631 3594 ius
655 3533 742 3597 luum
769 3533 926 3599 transtulit
946 3559 958 3613 ,-
989 3532 1035 3597 led
1053 3536 1098 3597 ita
1118 3551 1153 3606 ut
1190 3533 1317 3616 versario
1332 3537 1373 3614 fii
1389 3532 1528 3614 prolata,
1544 3546 1577 3598 ui
1590 3551 1696 3613 ponam
1712 3554 1760 3600 eos
1778 3535 1863 3599 volis
1877 3552 1962 3614 priri-

385 3605 502 3688 semper
522 3629 666 3675 maneant
689 3635 741 3692 per
762 3613 946 3686 leordinata
965 3618 998 3676 in
1019 3633 1155 3679 commu·
1191 3617 1289 3696 cipes,
1519 3687 1523 3692 ,

387 3711 460 3754 nem
479 3690 685 3769 Respublica,
703 3691 829 3771 eiusque
842 3697 959 3760 civium
967 3694 1152 3779 utilitatem.
1231 3713 1259 3776 3.
1276 3694 1426 3771 Acceptio
1445 3690 1639 3772 personarum
1659 3696 1757 3761 locum
1770 3696 1880 3760 babere
1891 3709 1961 3773 pot·
1976 3704 2046 3761 accep

386 3770 485 3847 Igitur
505 3769 708 3838 distribuenda
722 3773 795 3838 sunt
811 3778 904 3852 magis
919 3777 1036 3840 idoneis
1048 3795 1065 3851 ,·'
1077 3773 1158 3837 alio·
1191 3779 1235 3841 eli
1264 3781 1295 3839 in
1314 3774 1574 3840 distributionibus
1596 3780 1668 3839 iuris
1687 3824 1695 3853 ,
1727 3796 1835 3852 nempe
1862 3780 1894 3839 in
1916 3777 1961 3838 iu·
1976 3764 2046 3828 Μ’

362 3850 460 3927 ‚quio
481 3870 537 3912 nec
557 3854 710 3925 quaeritur
725 3853 840 3920 bonum
857 3855 1074 3934 Reipublicae,
1097 3874 1156 3919 ne·
1181 3857 1272 3936 ,dicio
1292 3855 1436 3933 ferendo,
1457 3876 1491 3921 ut
1513 3855 1657 3921 Proverb.
1683 3857 1729 3919 18.
1751 3858 1879 3935 accipere
1892 3873 1963 3934 per·-
1977 3845 2037 3944 ffiffi,

384 3947 443 4004 que
468 3926 612 3993 servatur
632 3931 765 3999 fidelitas
787 3958 874 4013 ,qua
896 3932 1152 4000 eiusmodidillri·
1185 3935 1289 4016 sonam
1309 3936 1395 4016 impii
1411 3959 1472 4001 noir
1485 3937 1524 4030 cst
1543 3936 1649 3999 bonum
1675 3951 1708 4001 rii
1728 3937 1855 4001 declines
1875 3955 1963 4001 avr·
1977 3953 2046 4009 boio

385 4008 509 4074 butoies
526 4007 655 4074 obllridii
674 4010 746 4078 sunt
764 4036 835 4095 erga
853 4011 1100 4101 Rempublicam.
1192 4018 1280 4082 ritate
1301 4016 1426 4093 iudicii,
1446 4014 1479 4082 dt
1496 4015 1607 4082 ibidem
1627 4017 1675 4078 28.
1695 4020 1757 4100 Qui
1777 4014 2046 4098 cognoscimini«

277 4089 369 4165 ΒΜ,
395 4127 398 4132 ·
427 4088 514 4153 Nota
529 4088 609 4155 bona
625 4093 819 4171 Reipublicae,
833 4096 963 4174 duplicis
983 4096 1047 4158 eise
1064 4113 1155 4173 gene·
1191 4098 1301 4163 iudicio
1314 4096 1428 4179 sociem
1448 4144 1456 4173 ‚
1486 4118 1543 4159 riori
1563 4091 1636 4160 lene
1653 4094 1732 4179 facit
1749 4122 1760 4176 ,·
1778 4099 1833 4177 iste
1846 4118 1897 4176 pro
1913 4093 1963 4159 brr-
1979 4086 2046 4170 ΜΡ

228 4156 329 4268 ''labb''
340 4168 450 4265 „¹¹ris3
467 4170 609 4245 quadam
624 4171 756 4250 diredie,
772 4174 805 4239 dt
821 4174 996 4238 immediate
1012 4174 1155 4240 ordinari
1182 4180 1266 4245 vcello
1280 4182 1367 4258 panis
1388 4173 1497 4256 deserit
1515 4177 1693 4241 veritatem.
1717 4179 1786 4243 Hoc
1804 4197 1962 4242 verocon·
1979 4150 2039 4202 ΜΝ

245 4250 372 4347 epum]
387 4251 420 4316 in
439 4248 554 4343 bonum
568 4253 711 4331 civium,
732 4273 767 4317 tit
789 4272 959 4331 proventus
975 4254 1155 4320 alicuiusci·
1193 4262 1286 4337 tingit
1309 4306 1317 4337 ,
1337 4258 1357 4322 si
1380 4261 1474 4321 iudex.
1496 4257 1528 4317 in
1546 4257 1658 4322 iudicio
1678 4260 1802 4323 lerendo
1829 4258 1964 4336 dignita·

245 4345 299 4401 iii.
389 4330 829 4408 vitatis,&Conimunitatis
850 4335 886 4399 ad
909 4333 965 4400 hoc
985 4335 1095 4413 legati,
1120 4354 1154 4400 ut
1193 4341 1383 4421 temporius¹
1404 4335 1536 4413 perlonae
1558 4384 1572 4411 ,.
1591 4359 1685 4415 quam
1713 4342 1824 4403 merita
1849 4335 1963 4403 cauriae

384 4411 419 4473 in
434 4410 508 4473 lolis
529 4409 653 4489 singulis
667 4412 788 4477 civibus
808 4413 1027 4479 distribuantur
1053 4413 1156 4481 secun·
1192 4418 1354 4498 respiciat,
1375 4470 1378 4474 .
1396 4420 1443 4480 ita
1470 4433 1506 4479 ut
1535 4412 1734 4483 favorabilius
1768 4420 1883 4484 iudicet
1912 4435 1966 4495 pro

386 4488 458 4553 ilum
479 4495 712 4569 proportionem
729 4494 931 4572 indigentior,
944 4498 1125 4559 meritorum
1147 4537 1166 4573 ,;
1193 4502 1287 4576 prima
1306 4520 1399 4574 quam
1419 4517 1474 4573 pro
1502 4493 1638 4561 secundis
1660 4547 1674 4577 ,Δ
1695 4522 1823 4576 quorum
1839 4502 1965 4577 exigen-

386 4568 612 4663 veldignitaris
637 4571 869 4651 uniuscuiusque
888 4597 900 4650 ,·
925 4576 989 4641 alia
1015 4575 1125 4640 diredle
1147 4625 1155 4650 ‚
1192 4574 1472 4653 riadeberomel
1495 4576 1552 4641 boc
1574 4574 1669 4643 faciit
1685 4599 1809 4654 propter
1826 4580 1965 4655 aliquem

385 4648 420 4715 dt
439 4650 613 4717 immediate
631 4651 776 4718 instituta
798 4653 866 4720 lunt
887 4659 916 4717 in
933 4655 1049 4720 bonum
1066 4658 1155 4722 Com·
1192 4659 1357 4723 humanum
1379 4653 1545 4729 affellum.
1576 4663 1708 4735 amoris,
1730 4660 1781 4725 vel
1799 4659 1921 4721 similis.

386 4732 569 4804 munitatis,
586 4749 621 4796 ut
637 4731 888 4814 officiapublica,
905 4736 938 4802 dt
955 4738 1099 4817 llipendia
1112 4737 1156 4801 his
1232 4738 1322 4802 Circa
1342 4759 1379 4801 ea
1397 4757 1472 4801 vero
1490 4786 1499 4814 ,
1522 4759 1589 4814 quae
1615 4739 1716 4803 relidia
1747 4736 1816 4804 lunt
1832 4737 1965 4803 arbitrio

387 4808 529 4903 adnexa.
549 4813 652 4878 Priora
673 4814 775 4879 debita
794 4816 862 4880 lunt
881 4838 919 4880 ex
942 4820 1058 4882 iuliitia
1074 4840 1156 4883 com·
1195 4819 1300 4884 iudicis
1322 4817 1548 4895 {opponendum
1575 4820 1641 4885 baec
1669 4821 1795 4897 duplicis
1824 4820 1887 4883 elle
1914 4838 1964 4897 ge·

386 4908 547 4954 mutativa
569 4893 627 4970 iis,
666 4895 752 4958 uibus
763 4891 833 4960 sunt
842 4895 1068 4976 distribuenda,
1089 4920 1156 4977 pro·
1194 4902 1293 4963 neris.
1314 4899 1468 4973 Quaedam
1483 4897 1700 4976 relinquuntur
1719 4903 1750 4963 iri
1759 4899 1856 4965 solum
1873 4899 1963 4977 ipsius

388 4971 461 5034 inde
480 4972 559 5034 male
576 4917 753 5039 diilribuens
780 4978 847 5054 plus
875 4983 1040 5054 uniquam
1065 4980 1156 5044 alteri
1194 4978 1434 5043 communitatis
1455 4973 1615 5056 favorem,
1635 4997 1709 5056 puta
1725 4981 1804 5057 quod
1825 4982 1961 5057 aliquan·

386 5045 449 5115 fiiie
468 5050 681 5132 iollalcaulia
700 5054 887 5123 moliendo
910 5075 1033 5124 tenetur
1054 5060 1092 5126 ad
1113 5084 1160 5127 res
1198 5059 1237 5129 dr)
1250 5056 1338 5140 pooir
1354 5056 1479 5140 anone,
1498 5076 1554 5126 aut
1574 5081 1636 5126 non
1656 5060 1760 5128 audire
1788 5064 1905 5205 mad·
1932 5065 1968 5128 in

1897 5158 1925 5205 ie
