<?xml version="1.0" encoding="UTF-8"?>
<!DOCTYPE html PUBLIC "-//W3C//DTD XHTML 1.0 Transitional//EN"
    "http://www.w3.org/TR/xhtml1/DTD/xhtml1-transitional.dtd">
<html xmlns="http://www.w3.org/1999/xhtml" xml:lang="en" lang="en">
 <head>
  <title>
</title>
<meta http-equiv="Content-Type" content="text/html;charset=utf-8" />
  <meta name='ocr-system' content='tesseract 3.04.00' />
  <meta name='ocr-capabilities' content='ocr_page ocr_carea ocr_par ocr_line ocrx_word'/>
</head>
<body>
  <div class='ocr_page' id='page_1' title='image "./institutionesth00boragoog/institutionesth00boragoog_0177.png"; bbox 0 0 4425 6000; ppageno 0'>
   <div class='ocr_carea' id='block_1_1' title="bbox 241 513 1962 4764">
    <p class='ocr_par' dir='ltr' id='par_1_1' title="bbox 241 513 1962 4764">
     <span class='ocr_line' id='line_1_1' title="bbox 558 513 1774 614; baseline 0.007 -30"><span class='ocrx_word' id='word_1_1' title='bbox 558 515 802 587; x_wconf 62' lang='lat' dir='ltr'><strong>Tutor.</strong></span> <span class='ocrx_word' id='word_1_2' title='bbox 840 535 905 586; x_wconf 76' lang='lat' dir='ltr'><strong>nn</strong></span> <span class='ocrx_word' id='word_1_3' title='bbox 942 513 1274 599; x_wconf 73' lang='lat' dir='ltr'><strong>Copruac&#39;r.</strong></span> <span class='ocrx_word' id='word_1_4' title='bbox 1315 516 1432 590; x_wconf 79' lang='lat' dir='ltr'><strong>Car.</strong></span> <span class='ocrx_word' id='word_1_5' title='bbox 1472 517 1500 589; x_wconf 89' lang='grc' dir='ltr'><strong>Ι.</strong></span> <span class='ocrx_word' id='word_1_6' title='bbox 1705 517 1774 614; x_wconf 84' lang='lat'><strong>163</strong></span> 
     </span>
     <span class='ocr_line' id='line_1_2' title="bbox 296 608 1826 700; baseline -0.002 -17"><span class='ocrx_word' id='word_1_7' title='bbox 296 612 480 683; x_wconf 71' lang='lat' dir='ltr'><strong>contradus</strong></span> <span class='ocrx_word' id='word_1_8' title='bbox 495 610 534 678; x_wconf 88' lang='lat' dir='ltr'><strong>ad</strong></span> <span class='ocrx_word' id='word_1_9' title='bbox 547 611 681 679; x_wconf 88' lang='lat' dir='ltr'><strong>caussam</strong></span> <span class='ocrx_word' id='word_1_10' title='bbox 697 631 758 677; x_wconf 91' lang='lat' dir='ltr'><strong>non</strong></span> <span class='ocrx_word' id='word_1_11' title='bbox 774 611 882 688; x_wconf 85' lang='lat' dir='ltr'><strong>valet,</strong></span> <span class='ocrx_word' id='word_1_12' title='bbox 902 608 1023 678; x_wconf 86' lang='lat' dir='ltr'><strong>srcaus·</strong></span> <span class='ocrx_word' id='word_1_13' title='bbox 1058 609 1167 700; x_wconf 82' lang='lat' dir='ltr'><strong>brari,</strong></span> <span class='ocrx_word' id='word_1_14' title='bbox 1189 616 1259 689; x_wconf 84' lang='lat' dir='ltr'><strong>quia</strong></span> <span class='ocrx_word' id='word_1_15' title='bbox 1279 614 1386 680; x_wconf 78' lang='lat' dir='ltr'><strong>modus</strong></span> <span class='ocrx_word' id='word_1_16' title='bbox 1412 611 1638 693; x_wconf 77' lang='lat' dir='ltr'><strong>dispositionem</strong></span> <span class='ocrx_word' id='word_1_17' title='bbox 1658 615 1691 678; x_wconf 88' lang='lat' dir='ltr'><strong>in</strong></span> <span class='ocrx_word' id='word_1_18' title='bbox 1715 635 1826 694; x_wconf 76' lang='lat' dir='ltr'><strong>genere</strong></span> 
     </span>
     <span class='ocr_line' id='line_1_3' title="bbox 253 689 1826 778; baseline -0.001 -18"><span class='ocrx_word' id='word_1_19' title='bbox 253 691 304 773; x_wconf 84' lang='lat' dir='ltr'><strong>sa,</strong></span> <span class='ocrx_word' id='word_1_20' title='bbox 324 713 392 778; x_wconf 74' lang='lat' dir='ltr'><strong>quar</strong></span> <span class='ocrx_word' id='word_1_21' title='bbox 410 692 511 758; x_wconf 83' lang='lat' dir='ltr'><strong>finalis</strong></span> <span class='ocrx_word' id='word_1_22' title='bbox 531 691 574 757; x_wconf 89' lang='lat' dir='ltr'><strong>est</strong></span> <span class='ocrx_word' id='word_1_23' title='bbox 608 714 670 758; x_wconf 91' lang='lat' dir='ltr'><strong>non</strong></span> <span class='ocrx_word' id='word_1_24' title='bbox 689 689 840 761; x_wconf 80' lang='lat' dir='ltr'><strong>subsiliat.</strong></span> <span class='ocrx_word' id='word_1_25' title='bbox 861 691 953 758; x_wconf 87' lang='lat' dir='ltr'><strong>Valet</strong></span> <span class='ocrx_word' id='word_1_26' title='bbox 971 713 1023 758; x_wconf 86' lang='lat' dir='ltr'><strong>ve·</strong></span> <span class='ocrx_word' id='word_1_27' title='bbox 1059 693 1112 759; x_wconf 91' lang='lat' dir='ltr'><strong>luo</strong></span> <span class='ocrx_word' id='word_1_28' title='bbox 1128 691 1289 770; x_wconf 77' lang='lat' dir='ltr'><strong>persedlam</strong></span> <span class='ocrx_word' id='word_1_29' title='bbox 1307 693 1470 772; x_wconf 80' lang='lat' dir='ltr'><strong>supponit,</strong></span> <span class='ocrx_word' id='word_1_30' title='bbox 1488 715 1523 758; x_wconf 89' lang='lat' dir='ltr'><strong>ac</strong></span> <span class='ocrx_word' id='word_1_31' title='bbox 1537 714 1606 758; x_wconf 89' lang='lat' dir='ltr'><strong>eam</strong></span> <span class='ocrx_word' id='word_1_32' title='bbox 1620 690 1826 773; x_wconf 83' lang='lat' dir='ltr'>consequitur,</span> 
     </span>
     <span class='ocr_line' id='line_1_4' title="bbox 249 743 1826 851; baseline -0.001 -11"><span class='ocrx_word' id='word_1_33' title='bbox 249 771 294 840; x_wconf 73' lang='lat' dir='ltr'><strong>ro</strong></span> <span class='ocrx_word' id='word_1_34' title='bbox 319 772 440 839; x_wconf 80' lang='lat' dir='ltr'><strong>etiamsi</strong></span> <span class='ocrx_word' id='word_1_35' title='bbox 463 794 523 837; x_wconf 89' lang='lat' dir='ltr'><strong>non</strong></span> <span class='ocrx_word' id='word_1_36' title='bbox 547 743 681 838; x_wconf 79' lang='lat' dir='ltr'><strong>subsiliat</strong></span> <span class='ocrx_word' id='word_1_37' title='bbox 701 771 801 836; x_wconf 83' lang='lat' dir='ltr'><strong>caussa</strong></span> <span class='ocrx_word' id='word_1_38' title='bbox 831 771 991 850; x_wconf 82' lang='lat' dir='ltr'><strong>impulsiva</strong></span> <span class='ocrx_word' id='word_1_39' title='bbox 1014 813 1022 832; x_wconf 84' lang='lat'><strong><em>.</em></strong></span> <span class='ocrx_word' id='word_1_40' title='bbox 1058 791 1241 838; x_wconf 85' lang='lat' dir='ltr'><strong>nouantem</strong></span> <span class='ocrx_word' id='word_1_41' title='bbox 1261 771 1345 840; x_wconf 87' lang='lat' dir='ltr'><strong>illam</strong></span> <span class='ocrx_word' id='word_1_42' title='bbox 1364 770 1534 851; x_wconf 84' lang='lat' dir='ltr'><strong>suspendit,</strong></span> <span class='ocrx_word' id='word_1_43' title='bbox 1548 772 1583 838; x_wconf 79' lang='grc' dir='ltr'>δι</span> <span class='ocrx_word' id='word_1_44' title='bbox 1599 775 1630 836; x_wconf 90' lang='lat' dir='ltr'><strong>in</strong></span> <span class='ocrx_word' id='word_1_45' title='bbox 1648 771 1704 837; x_wconf 92' lang='lat' dir='ltr'><strong>boc</strong></span> <span class='ocrx_word' id='word_1_46' title='bbox 1722 771 1826 840; x_wconf 87' lang='lat' dir='ltr'><strong>dissert</strong></span> 
     </span>
     <span class='ocr_line' id='line_1_5' title="bbox 253 850 1824 932; baseline 0.001 -14"><span class='ocrx_word' id='word_1_47' title='bbox 253 851 299 918; x_wconf 74' lang='lat' dir='ltr'><strong>Et</strong></span> <span class='ocrx_word' id='word_1_48' title='bbox 316 853 416 931; x_wconf 87' lang='lat' dir='ltr'><strong>quoad</strong></span> <span class='ocrx_word' id='word_1_49' title='bbox 433 857 563 932; x_wconf 88' lang='lat' dir='ltr'><strong>primurn</strong></span> <span class='ocrx_word' id='word_1_50' title='bbox 589 855 670 917; x_wconf 88' lang='lat' dir='ltr'><strong>ratio</strong></span> <span class='ocrx_word' id='word_1_51' title='bbox 693 851 735 918; x_wconf 86' lang='lat' dir='ltr'><strong>esl</strong></span> <span class='ocrx_word' id='word_1_52' title='bbox 747 895 756 930; x_wconf 85' lang='lat'><strong>,</strong></span> <span class='ocrx_word' id='word_1_53' title='bbox 775 854 844 929; x_wconf 83' lang='lat' dir='ltr'><strong>quia</strong></span> <span class='ocrx_word' id='word_1_54' title='bbox 864 853 967 916; x_wconf 84' lang='lat' dir='ltr'><strong>caussa</strong></span> <span class='ocrx_word' id='word_1_55' title='bbox 987 851 1024 915; x_wconf 89' lang='lat' dir='ltr'><strong>fi·</strong></span> <span class='ocrx_word' id='word_1_56' title='bbox 1058 855 1293 920; x_wconf 84' lang='lat' dir='ltr'><strong>aconditione.</strong></span> <span class='ocrx_word' id='word_1_57' title='bbox 1315 852 1425 918; x_wconf 78' lang='lat' dir='ltr'><strong>Modus</strong></span> <span class='ocrx_word' id='word_1_58' title='bbox 1445 858 1527 918; x_wconf 86' lang='lat' dir='ltr'><strong>enim</strong></span> <span class='ocrx_word' id='word_1_59' title='bbox 1555 850 1597 916; x_wconf 85' lang='lat' dir='ltr'><strong>tsl</strong></span> <span class='ocrx_word' id='word_1_60' title='bbox 1614 873 1704 922; x_wconf 82' lang='lat' dir='ltr'><strong>onut</strong></span> <span class='ocrx_word' id='word_1_61' title='bbox 1731 855 1824 929; x_wconf 79' lang='lat' dir='ltr'><strong>quod-</strong></span> 
     </span>
     <span class='ocr_line' id='line_1_6' title="bbox 252 929 1825 1014; baseline -0.001 -14"><span class='ocrx_word' id='word_1_62' title='bbox 252 933 336 1000; x_wconf 85' lang='lat' dir='ltr'><strong>ualis</strong></span> <span class='ocrx_word' id='word_1_63' title='bbox 352 937 399 999; x_wconf 84' lang='lat' dir='ltr'><strong>ita</strong></span> <span class='ocrx_word' id='word_1_64' title='bbox 418 951 523 997; x_wconf 85' lang='lat' dir='ltr'><strong>movet</strong></span> <span class='ocrx_word' id='word_1_65' title='bbox 545 931 780 997; x_wconf 83' lang='lat' dir='ltr'>contrahentem</span> <span class='ocrx_word' id='word_1_66' title='bbox 804 975 813 1008; x_wconf 89' lang='lat'><strong>,</strong></span> <span class='ocrx_word' id='word_1_67' title='bbox 839 949 874 995; x_wconf 93' lang='lat' dir='ltr'><strong>ut</strong></span> <span class='ocrx_word' id='word_1_68' title='bbox 905 929 1022 995; x_wconf 84' lang='lat' dir='ltr'><strong>lincea</strong></span> <span class='ocrx_word' id='word_1_69' title='bbox 1057 932 1125 997; x_wconf 91' lang='lat' dir='ltr'><strong>dam</strong></span> <span class='ocrx_word' id='word_1_70' title='bbox 1144 931 1290 998; x_wconf 80' lang='lat' dir='ltr'><strong>adiedium</strong></span> <span class='ocrx_word' id='word_1_71' title='bbox 1305 929 1508 1010; x_wconf 76' lang='lat' dir='ltr'><strong>dispositioni,</strong></span> <span class='ocrx_word' id='word_1_72' title='bbox 1531 954 1592 1009; x_wconf 86' lang='lat' dir='ltr'><strong>quo</strong></span> <span class='ocrx_word' id='word_1_73' title='bbox 1615 934 1696 998; x_wconf 86' lang='lat' dir='ltr'><strong>alter</strong></span> <span class='ocrx_word' id='word_1_74' title='bbox 1716 954 1825 1014; x_wconf 77' lang='lat' dir='ltr'><strong>grava·</strong></span> 
     </span>
     <span class='ocr_line' id='line_1_7' title="bbox 252 1005 1824 1090; baseline 0 -12"><span class='ocrx_word' id='word_1_75' title='bbox 252 1009 322 1078; x_wconf 72' lang='lat' dir='ltr'><strong>auu</strong></span> <span class='ocrx_word' id='word_1_76' title='bbox 339 1032 375 1077; x_wconf 88' lang='lat' dir='ltr'><strong>ac</strong></span> <span class='ocrx_word' id='word_1_77' title='bbox 395 1013 432 1078; x_wconf 90' lang='lat' dir='ltr'><strong>de</strong></span> <span class='ocrx_word' id='word_1_78' title='bbox 459 1009 538 1077; x_wconf 73' lang='lat' dir='ltr'><strong>sasso</strong></span> <span class='ocrx_word' id='word_1_79' title='bbox 558 1010 716 1088; x_wconf 85' lang='lat' dir='ltr'><strong>disponere</strong></span> <span class='ocrx_word' id='word_1_80' title='bbox 745 1011 826 1074; x_wconf 92' lang='lat' dir='ltr'><strong>nolit</strong></span> <span class='ocrx_word' id='word_1_81' title='bbox 847 1047 856 1072; x_wconf 65' lang='lat' dir='ltr'><strong>r</strong></span> <span class='ocrx_word' id='word_1_82' title='bbox 876 1005 968 1076; x_wconf 87' lang='lat' dir='ltr'><strong>Unde</strong></span> <span class='ocrx_word' id='word_1_83' title='bbox 990 1015 1022 1075; x_wconf 92' lang='lat' dir='ltr'><strong>in</strong></span> <span class='ocrx_word' id='word_1_84' title='bbox 1059 1029 1110 1076; x_wconf 90' lang='lat' dir='ltr'><strong>tur</strong></span> <span class='ocrx_word' id='word_1_85' title='bbox 1137 1012 1172 1078; x_wconf 89' lang='lat' dir='ltr'><strong>ad</strong></span> <span class='ocrx_word' id='word_1_86' title='bbox 1197 1012 1311 1088; x_wconf 86' lang='lat' dir='ltr'><strong>aliquid</strong></span> <span class='ocrx_word' id='word_1_87' title='bbox 1340 1012 1574 1089; x_wconf 76' lang='lat' dir='ltr'><strong>praellandum3</strong></span> <span class='ocrx_word' id='word_1_88' title='bbox 1603 1011 1756 1090; x_wconf 80' lang='lat' dir='ltr'><strong>obligatio</strong></span> <span class='ocrx_word' id='word_1_89' title='bbox 1778 1012 1824 1078; x_wconf 86' lang='lat' dir='ltr'><strong>est</strong></span> 
     </span>
     <span class='ocr_line' id='line_1_8' title="bbox 249 1087 1825 1170; baseline 0.001 -12"><span class='ocrx_word' id='word_1_90' title='bbox 249 1111 311 1170; x_wconf 79' lang='lat' dir='ltr'><strong>eo,</strong></span> <span class='ocrx_word' id='word_1_91' title='bbox 331 1095 383 1170; x_wconf 89' lang='lat' dir='ltr'><strong>qui</strong></span> <span class='ocrx_word' id='word_1_92' title='bbox 401 1096 446 1157; x_wconf 88' lang='lat' dir='ltr'><strong>ita</strong></span> <span class='ocrx_word' id='word_1_93' title='bbox 466 1093 645 1170; x_wconf 89' lang='lat' dir='ltr'><strong>contrabit,</strong></span> <span class='ocrx_word' id='word_1_94' title='bbox 666 1108 721 1154; x_wconf 88' lang='lat' dir='ltr'><strong>aut</strong></span> <span class='ocrx_word' id='word_1_95' title='bbox 735 1087 891 1168; x_wconf 87' lang='lat' dir='ltr'><strong>disponit,</strong></span> <span class='ocrx_word' id='word_1_96' title='bbox 907 1090 1021 1154; x_wconf 83' lang='lat' dir='ltr'><strong>nonest</strong></span> <span class='ocrx_word' id='word_1_97' title='bbox 1058 1106 1163 1156; x_wconf 88' lang='lat' dir='ltr'><strong>tamen</strong></span> <span class='ocrx_word' id='word_1_98' title='bbox 1178 1096 1280 1170; x_wconf 73' lang='lat' dir='ltr'><strong>gravis</strong></span> <span class='ocrx_word' id='word_1_99' title='bbox 1299 1107 1339 1155; x_wconf 82' lang='lat' dir='ltr'><strong>ex</strong></span> <span class='ocrx_word' id='word_1_100' title='bbox 1355 1089 1472 1157; x_wconf 83' lang='lat' dir='ltr'><strong>iustitia</strong></span> <span class='ocrx_word' id='word_1_101' title='bbox 1489 1092 1614 1157; x_wconf 88' lang='lat' dir='ltr'><strong>modurn</strong></span> <span class='ocrx_word' id='word_1_102' title='bbox 1631 1093 1727 1157; x_wconf 85' lang='lat' dir='ltr'><strong>talem</strong></span> <span class='ocrx_word' id='word_1_103' title='bbox 1748 1113 1825 1169; x_wconf 76' lang='lat' dir='ltr'><strong>prae·</strong></span> 
     </span>
     <span class='ocr_line' id='line_1_9' title="bbox 250 1167 1175 1250; baseline -0.006 -13"><span class='ocrx_word' id='word_1_104' title='bbox 250 1171 399 1238; x_wconf 86' lang='lat' dir='ltr'><strong>voluntas</strong></span> <span class='ocrx_word' id='word_1_105' title='bbox 422 1171 545 1250; x_wconf 87' lang='lat' dir='ltr'><strong>dandi,</strong></span> <span class='ocrx_word' id='word_1_106' title='bbox 574 1171 623 1236; x_wconf 84' lang='lat' dir='ltr'><strong>vel</strong></span> <span class='ocrx_word' id='word_1_107' title='bbox 651 1169 857 1247; x_wconf 89' lang='lat' dir='ltr'><strong>disponendi,</strong></span> <span class='ocrx_word' id='word_1_108' title='bbox 888 1167 941 1232; x_wconf 81' lang='grc' dir='ltr'>ιιιιι</span> <span class='ocrx_word' id='word_1_109' title='bbox 971 1167 1022 1232; x_wconf 92' lang='lat' dir='ltr'><strong>sub</strong></span> <span class='ocrx_word' id='word_1_110' title='bbox 1055 1169 1175 1235; x_wconf 78' lang='lat' dir='ltr'><strong>standi.</strong></span> 
     </span>
     <span class='ocr_line' id='line_1_10' title="bbox 247 1241 1823 1330; baseline -0.001 -12"><span class='ocrx_word' id='word_1_111' title='bbox 247 1251 444 1328; x_wconf 81' lang='lat' dir='ltr'><strong>conditione,</strong></span> <span class='ocrx_word' id='word_1_112' title='bbox 467 1247 868 1315; x_wconf 79' lang='lat' dir='ltr'><strong>ficauffafimlusubfillat</strong></span> <span class='ocrx_word' id='word_1_113' title='bbox 885 1296 894 1326; x_wconf 97' lang='lat'><strong>,</strong></span> <span class='ocrx_word' id='word_1_114' title='bbox 914 1246 1022 1314; x_wconf 88' lang='lat' dir='ltr'><strong>&amp;sub-</strong></span> <span class='ocrx_word' id='word_1_115' title='bbox 1095 1249 1249 1315; x_wconf 84' lang='lat' dir='ltr'><strong>Advertas</strong></span> <span class='ocrx_word' id='word_1_116' title='bbox 1268 1248 1390 1313; x_wconf 88' lang='lat' dir='ltr'><strong>modum</strong></span> <span class='ocrx_word' id='word_1_117' title='bbox 1421 1249 1589 1328; x_wconf 83' lang='lat' dir='ltr'><strong>aliquando</strong></span> <span class='ocrx_word' id='word_1_118' title='bbox 1611 1241 1740 1329; x_wconf 83' lang='lat' dir='ltr'><strong>exprimi</strong></span> <span class='ocrx_word' id='word_1_119' title='bbox 1771 1271 1823 1330; x_wconf 88' lang='lat' dir='ltr'><strong>per</strong></span> 
     </span>
     <span class='ocr_line' id='line_1_11' title="bbox 248 1328 1823 1408; baseline 0 -12"><span class='ocrx_word' id='word_1_120' title='bbox 248 1331 317 1396; x_wconf 78' lang='lat' dir='ltr'><strong>lata</strong></span> <span class='ocrx_word' id='word_1_121' title='bbox 330 1332 434 1399; x_wconf 78' lang='lat' dir='ltr'><strong>caussa</strong></span> <span class='ocrx_word' id='word_1_122' title='bbox 456 1330 599 1408; x_wconf 88' lang='lat' dir='ltr'><strong>volendi,</strong></span> <span class='ocrx_word' id='word_1_123' title='bbox 621 1349 682 1394; x_wconf 88' lang='lat' dir='ltr'><strong>non</strong></span> <span class='ocrx_word' id='word_1_124' title='bbox 702 1328 746 1394; x_wconf 85' lang='lat' dir='ltr'><strong>est</strong></span> <span class='ocrx_word' id='word_1_125' title='bbox 768 1328 1021 1404; x_wconf 85' lang='lat' dir='ltr'><strong>voluntas.Qua·</strong></span> <span class='ocrx_word' id='word_1_126' title='bbox 1056 1330 1150 1394; x_wconf 82' lang='lat' dir='ltr'><strong>verba</strong></span> <span class='ocrx_word' id='word_1_127' title='bbox 1170 1329 1389 1395; x_wconf 84' lang='lat' dir='ltr'><strong>conditionalia</strong></span> <span class='ocrx_word' id='word_1_128' title='bbox 1405 1378 1413 1408; x_wconf 92' lang='lat'><strong>,</strong></span> <span class='ocrx_word' id='word_1_129' title='bbox 1431 1352 1500 1406; x_wconf 84' lang='lat' dir='ltr'><strong>quae</strong></span> <span class='ocrx_word' id='word_1_130' title='bbox 1512 1330 1655 1395; x_wconf 86' lang='lat' dir='ltr'><strong>videntur</strong></span> <span class='ocrx_word' id='word_1_131' title='bbox 1672 1332 1823 1396; x_wconf 88' lang='lat' dir='ltr'><strong>conditio·</strong></span> 
     </span>
     <span class='ocr_line' id='line_1_12' title="bbox 248 1406 1821 1491; baseline 0 -15"><span class='ocrx_word' id='word_1_132' title='bbox 248 1429 284 1476; x_wconf 82' lang='lat' dir='ltr'><strong>re</strong></span> <span class='ocrx_word' id='word_1_133' title='bbox 305 1425 369 1490; x_wconf 82' lang='lat' dir='ltr'><strong>rra,</strong></span> <span class='ocrx_word' id='word_1_134' title='bbox 391 1432 462 1489; x_wconf 78' lang='lat' dir='ltr'><strong>quar</strong></span> <span class='ocrx_word' id='word_1_135' title='bbox 482 1411 556 1475; x_wconf 87' lang='lat' dir='ltr'><strong>data</strong></span> <span class='ocrx_word' id='word_1_136' title='bbox 577 1410 619 1476; x_wconf 87' lang='lat' dir='ltr'><strong>eil</strong></span> <span class='ocrx_word' id='word_1_137' title='bbox 640 1409 678 1473; x_wconf 90' lang='lat' dir='ltr'><strong>ob</strong></span> <span class='ocrx_word' id='word_1_138' title='bbox 694 1410 786 1475; x_wconf 88' lang='lat' dir='ltr'><strong>talem</strong></span> <span class='ocrx_word' id='word_1_139' title='bbox 807 1407 955 1486; x_wconf 87' lang='lat' dir='ltr'><strong>caussam,</strong></span> <span class='ocrx_word' id='word_1_140' title='bbox 971 1427 1017 1471; x_wconf 85' lang='lat' dir='ltr'><strong>re·</strong></span> <span class='ocrx_word' id='word_1_141' title='bbox 1054 1428 1124 1473; x_wconf 89' lang='lat' dir='ltr'><strong>nem</strong></span> <span class='ocrx_word' id='word_1_142' title='bbox 1145 1411 1328 1488; x_wconf 82' lang='lat' dir='ltr'><strong>importare,</strong></span> <span class='ocrx_word' id='word_1_143' title='bbox 1353 1406 1402 1473; x_wconf 90' lang='lat' dir='ltr'><strong>sed</strong></span> <span class='ocrx_word' id='word_1_144' title='bbox 1426 1409 1523 1488; x_wconf 91' lang='lat' dir='ltr'><strong>reipsa</strong></span> <span class='ocrx_word' id='word_1_145' title='bbox 1542 1431 1604 1476; x_wconf 89' lang='lat' dir='ltr'><strong>non</strong></span> <span class='ocrx_word' id='word_1_146' title='bbox 1627 1417 1821 1491; x_wconf 83' lang='lat' dir='ltr'><strong>important,</strong></span> 
     </span>
     <span class='ocr_line' id='line_1_13' title="bbox 250 1489 1824 1570; baseline -0.002 -13"><span class='ocrx_word' id='word_1_147' title='bbox 250 1493 347 1557; x_wconf 87' lang='lat' dir='ltr'><strong>tineri</strong></span> <span class='ocrx_word' id='word_1_148' title='bbox 367 1494 492 1568; x_wconf 88' lang='lat' dir='ltr'><strong>nequit.</strong></span> <span class='ocrx_word' id='word_1_149' title='bbox 516 1491 624 1567; x_wconf 82' lang='lat' dir='ltr'><strong>Quoad</strong></span> <span class='ocrx_word' id='word_1_150' title='bbox 651 1489 784 1554; x_wconf 85' lang='lat' dir='ltr'><strong>alterum</strong></span> <span class='ocrx_word' id='word_1_151' title='bbox 804 1505 878 1552; x_wconf 86' lang='lat' dir='ltr'><strong>vero</strong></span> <span class='ocrx_word' id='word_1_152' title='bbox 900 1526 911 1565; x_wconf 79' lang='lat'><strong>,</strong></span> <span class='ocrx_word' id='word_1_153' title='bbox 936 1489 1019 1552; x_wconf 88' lang='lat' dir='ltr'><strong>ratio</strong></span> <span class='ocrx_word' id='word_1_154' title='bbox 1054 1506 1089 1553; x_wconf 92' lang='lat' dir='ltr'><strong>ut</strong></span> <span class='ocrx_word' id='word_1_155' title='bbox 1110 1489 1146 1551; x_wconf 90' lang='lat' dir='ltr'><strong>in</strong></span> <span class='ocrx_word' id='word_1_156' title='bbox 1167 1490 1263 1553; x_wconf 87' lang='lat' dir='ltr'><strong>allato</strong></span> <span class='ocrx_word' id='word_1_157' title='bbox 1278 1489 1420 1565; x_wconf 86' lang='lat' dir='ltr'><strong>exemplo</strong></span> <span class='ocrx_word' id='word_1_158' title='bbox 1439 1491 1475 1556; x_wconf 89' lang='lat' dir='ltr'><strong>de</strong></span> <span class='ocrx_word' id='word_1_159' title='bbox 1486 1509 1548 1568; x_wconf 87' lang='lat' dir='ltr'><strong>-eo,</strong></span> <span class='ocrx_word' id='word_1_160' title='bbox 1567 1493 1617 1568; x_wconf 89' lang='lat' dir='ltr'><strong>qui</strong></span> <span class='ocrx_word' id='word_1_161' title='bbox 1629 1491 1742 1570; x_wconf 82' lang='lat' dir='ltr'><strong>legavit</strong></span> <span class='ocrx_word' id='word_1_162' title='bbox 1751 1512 1824 1556; x_wconf 88' lang='lat' dir='ltr'><strong>cen-</strong></span> 
     </span>
     <span class='ocr_line' id='line_1_14' title="bbox 246 1566 1823 1649; baseline 0 -13"><span class='ocrx_word' id='word_1_163' title='bbox 246 1568 386 1649; x_wconf 75' lang='lat' dir='ltr'><strong>est&#39;puia</strong></span> <span class='ocrx_word' id='word_1_164' title='bbox 401 1570 557 1647; x_wconf 80' lang='lat' dir='ltr'><strong>dispositio</strong></span> <span class='ocrx_word' id='word_1_165' title='bbox 582 1590 646 1635; x_wconf 88' lang='lat' dir='ltr'><strong>non</strong></span> <span class='ocrx_word' id='word_1_166' title='bbox 666 1568 704 1633; x_wconf 87' lang='lat' dir='ltr'><strong>lit</strong></span> <span class='ocrx_word' id='word_1_167' title='bbox 725 1568 775 1634; x_wconf 90' lang='lat' dir='ltr'><strong>sub</strong></span> <span class='ocrx_word' id='word_1_168' title='bbox 791 1568 928 1633; x_wconf 88' lang='lat' dir='ltr'><strong>conditio</strong></span> <span class='ocrx_word' id='word_1_169' title='bbox 984 1566 1020 1629; x_wconf 92' lang='lat' dir='ltr'><strong>il·</strong></span> <span class='ocrx_word' id='word_1_170' title='bbox 1055 1583 1123 1633; x_wconf 83' lang='lat' dir='ltr'><strong>turn</strong></span> <span class='ocrx_word' id='word_1_171' title='bbox 1146 1583 1312 1648; x_wconf 76' lang='lat' dir='ltr'><strong>nummos,</strong></span> <span class='ocrx_word' id='word_1_172' title='bbox 1339 1585 1376 1634; x_wconf 92' lang='lat' dir='ltr'><strong>ut</strong></span> <span class='ocrx_word' id='word_1_173' title='bbox 1400 1568 1464 1648; x_wconf 88' lang='lat' dir='ltr'><strong>poli</strong></span> <span class='ocrx_word' id='word_1_174' title='bbox 1488 1572 1554 1636; x_wconf 79' lang='lat' dir='ltr'><strong>eius</strong></span> <span class='ocrx_word' id='word_1_175' title='bbox 1573 1586 1705 1636; x_wconf 88' lang='lat' dir='ltr'><strong>mortem</strong></span> <span class='ocrx_word' id='word_1_176' title='bbox 1720 1589 1823 1636; x_wconf 80' lang='lat' dir='ltr'><strong>certus</strong></span> 
     </span>
     <span class='ocr_line' id='line_1_15' title="bbox 247 1645 1823 1729; baseline -0.001 -13"><span class='ocrx_word' id='word_1_177' title='bbox 247 1649 309 1716; x_wconf 78' lang='lat' dir='ltr'><strong>lius</strong></span> <span class='ocrx_word' id='word_1_178' title='bbox 333 1698 343 1729; x_wconf 97' lang='lat'><strong>,</strong></span> <span class='ocrx_word' id='word_1_179' title='bbox 369 1647 603 1717; x_wconf 65' lang='lat' dir='ltr'><strong>&amp;subsiliente</strong></span> <span class='ocrx_word' id='word_1_180' title='bbox 628 1650 786 1727; x_wconf 89' lang='lat' dir='ltr'><strong>principali</strong></span> <span class='ocrx_word' id='word_1_181' title='bbox 811 1693 820 1726; x_wconf 86' lang='lat'><strong>,</strong></span> <span class='ocrx_word' id='word_1_182' title='bbox 850 1661 906 1712; x_wconf 89' lang='lat' dir='ltr'><strong>aut</strong></span> <span class='ocrx_word' id='word_1_183' title='bbox 957 1647 1019 1711; x_wconf 90' lang='lat' dir='ltr'><strong>nali</strong></span> <span class='ocrx_word' id='word_1_184' title='bbox 1053 1645 1214 1716; x_wconf 76' lang='lat' dir='ltr'><strong>miliarum</strong></span> <span class='ocrx_word' id='word_1_185' title='bbox 1230 1669 1372 1714; x_wconf 81' lang='lat' dir='ltr'><strong>numerus</strong></span> <span class='ocrx_word' id='word_1_186' title='bbox 1388 1648 1582 1716; x_wconf 55' lang='lat' dir='ltr'><strong>celebretur,</strong></span> <span class='ocrx_word' id='word_1_187' title='bbox 1600 1648 1739 1716; x_wconf 80' lang='lat' dir='ltr'><strong>Tametsi</strong></span> <span class='ocrx_word' id='word_1_188' title='bbox 1767 1651 1823 1716; x_wconf 87' lang='lat' dir='ltr'><strong>hu·</strong></span> 
     </span>
     <span class='ocr_line' id='line_1_16' title="bbox 248 1727 1822 1809; baseline -0.003 -11"><span class='ocrx_word' id='word_1_189' title='bbox 248 1733 373 1798; x_wconf 88' lang='lat' dir='ltr'><strong>motivo</strong></span> <span class='ocrx_word' id='word_1_190' title='bbox 393 1730 517 1795; x_wconf 83' lang='lat' dir='ltr'><strong>volendi</strong></span> <span class='ocrx_word' id='word_1_191' title='bbox 541 1773 551 1809; x_wconf 89' lang='lat'><strong>,</strong></span> <span class='ocrx_word' id='word_1_192' title='bbox 577 1727 706 1795; x_wconf 85' lang='lat' dir='ltr'><strong>subsistit</strong></span> <span class='ocrx_word' id='word_1_193' title='bbox 731 1727 906 1804; x_wconf 74' lang='lat' dir='ltr'><strong>dispositio·</strong></span> <span class='ocrx_word' id='word_1_194' title='bbox 936 1727 1017 1791; x_wconf 88' lang='lat' dir='ltr'><strong>Nam</strong></span> <span class='ocrx_word' id='word_1_195' title='bbox 1053 1727 1216 1793; x_wconf 89' lang='lat' dir='ltr'><strong>iuscemodi</strong></span> <span class='ocrx_word' id='word_1_196' title='bbox 1256 1729 1392 1809; x_wconf 82' lang='lat' dir='ltr'><strong>legatum</strong></span> <span class='ocrx_word' id='word_1_197' title='bbox 1425 1732 1616 1805; x_wconf 82' lang='lat' dir='ltr'><strong>exprimatur</strong></span> <span class='ocrx_word' id='word_1_198' title='bbox 1644 1750 1697 1808; x_wconf 84' lang='lat' dir='ltr'><strong>per</strong></span> <span class='ocrx_word' id='word_1_199' title='bbox 1728 1729 1822 1797; x_wconf 89' lang='lat' dir='ltr'><strong>verba</strong></span> 
     </span>
     <span class='ocr_line' id='line_1_17' title="bbox 247 1805 1822 1888; baseline -0.003 -10"><span class='ocrx_word' id='word_1_200' title='bbox 247 1811 353 1878; x_wconf 83' lang='lat' dir='ltr'><strong>caussa</strong></span> <span class='ocrx_word' id='word_1_201' title='bbox 385 1810 548 1888; x_wconf 78' lang='lat' dir='ltr'><strong>impulsiva</strong></span> <span class='ocrx_word' id='word_1_202' title='bbox 577 1827 685 1875; x_wconf 90' lang='lat' dir='ltr'><strong>movet</strong></span> <span class='ocrx_word' id='word_1_203' title='bbox 704 1809 823 1886; x_wconf 87' lang='lat' dir='ltr'><strong>quidem</strong></span> <span class='ocrx_word' id='word_1_204' title='bbox 847 1805 884 1872; x_wconf 86' lang='lat' dir='ltr'><strong>ad</strong></span> <span class='ocrx_word' id='word_1_205' title='bbox 908 1806 1018 1883; x_wconf 88' lang='lat' dir='ltr'><strong>aliquid</strong></span> <span class='ocrx_word' id='word_1_206' title='bbox 1052 1807 1293 1887; x_wconf 87' lang='lat' dir='ltr'><strong>conditionata,</strong></span> <span class='ocrx_word' id='word_1_207' title='bbox 1320 1808 1467 1886; x_wconf 82' lang='lat' dir='ltr'><strong>explicari</strong></span> <span class='ocrx_word' id='word_1_208' title='bbox 1500 1827 1601 1874; x_wconf 85' lang='lat' dir='ltr'><strong>tamen</strong></span> <span class='ocrx_word' id='word_1_209' title='bbox 1623 1812 1729 1886; x_wconf 86' lang='lat' dir='ltr'><strong>nequit</strong></span> <span class='ocrx_word' id='word_1_210' title='bbox 1751 1829 1822 1874; x_wconf 87' lang='lat' dir='ltr'><strong>tan·</strong></span> 
     </span>
     <span class='ocr_line' id='line_1_18' title="bbox 248 1886 1822 1971; baseline -0.004 -13"><span class='ocrx_word' id='word_1_211' title='bbox 248 1889 424 1958; x_wconf 83' lang='lat' dir='ltr'><strong>faciendum</strong></span> <span class='ocrx_word' id='word_1_212' title='bbox 445 1894 623 1971; x_wconf 87' lang='lat' dir='ltr'><strong>promptiori</strong></span> <span class='ocrx_word' id='word_1_213' title='bbox 645 1893 764 1965; x_wconf 88' lang='lat' dir='ltr'><strong>animo,</strong></span> <span class='ocrx_word' id='word_1_214' title='bbox 788 1886 835 1951; x_wconf 89' lang='lat' dir='ltr'><strong>sed</strong></span> <span class='ocrx_word' id='word_1_215' title='bbox 852 1890 897 1949; x_wconf 90' lang='lat' dir='ltr'><strong>ita</strong></span> <span class='ocrx_word' id='word_1_216' title='bbox 914 1904 1018 1950; x_wconf 89' lang='lat' dir='ltr'><strong>tamen</strong></span> <span class='ocrx_word' id='word_1_217' title='bbox 1052 1907 1144 1962; x_wconf 85' lang='lat' dir='ltr'><strong>quam</strong></span> <span class='ocrx_word' id='word_1_218' title='bbox 1164 1888 1301 1952; x_wconf 64' lang='lat' dir='ltr'><strong>modaler</strong></span> <span class='ocrx_word' id='word_1_219' title='bbox 1325 1888 1438 1952; x_wconf 88' lang='lat' dir='ltr'><strong>Verum</strong></span> <span class='ocrx_word' id='word_1_220' title='bbox 1457 1888 1578 1966; x_wconf 88' lang='lat' dir='ltr'><strong>quando</strong></span> <span class='ocrx_word' id='word_1_221' title='bbox 1605 1888 1764 1955; x_wconf 86' lang='lat' dir='ltr'><strong>dubitatur</strong></span> <span class='ocrx_word' id='word_1_222' title='bbox 1784 1889 1822 1954; x_wconf 92' lang='lat' dir='ltr'><strong>de</strong></span> 
     </span>
     <span class='ocr_line' id='line_1_19' title="bbox 247 1964 1823 2046; baseline -0.002 -10"><span class='ocrx_word' id='word_1_223' title='bbox 247 1989 288 2036; x_wconf 88' lang='lat' dir='ltr'><strong>ut</strong></span> <span class='ocrx_word' id='word_1_224' title='bbox 305 1990 352 2034; x_wconf 81' lang='lat' dir='ltr'><strong>rer</strong></span> <span class='ocrx_word' id='word_1_225' title='bbox 372 1971 469 2036; x_wconf 85' lang='lat' dir='ltr'><strong>adbuc</strong></span> <span class='ocrx_word' id='word_1_226' title='bbox 493 1974 524 2033; x_wconf 90' lang='grc' dir='ltr'><strong>ιιι</strong></span> <span class='ocrx_word' id='word_1_227' title='bbox 551 1968 581 2036; x_wconf 89' lang='lat' dir='ltr'><strong>se</strong></span> <span class='ocrx_word' id='word_1_228' title='bbox 610 1970 648 2035; x_wconf 82' lang='lat' dir='ltr'><strong>sit</strong></span> <span class='ocrx_word' id='word_1_229' title='bbox 671 1970 789 2046; x_wconf 82' lang='lat' dir='ltr'><strong>volita,</strong></span> <span class='ocrx_word' id='word_1_230' title='bbox 809 1964 929 2031; x_wconf 81' lang='lat' dir='ltr'><strong>tametsi</strong></span> <span class='ocrx_word' id='word_1_231' title='bbox 953 1965 1018 2030; x_wconf 79' lang='lat' dir='ltr'><strong>haec</strong></span> <span class='ocrx_word' id='word_1_232' title='bbox 1053 1970 1228 2036; x_wconf 83' lang='lat' dir='ltr'><strong>intentione</strong></span> <span class='ocrx_word' id='word_1_233' title='bbox 1243 1968 1456 2032; x_wconf 85' lang='lat' dir='ltr'><strong>contrahentis</strong></span> <span class='ocrx_word' id='word_1_234' title='bbox 1477 2009 1486 2045; x_wconf 82' lang='lat'><strong>,</strong></span> <span class='ocrx_word' id='word_1_235' title='bbox 1510 1988 1567 2032; x_wconf 84' lang='lat' dir='ltr'><strong>otc</strong></span> <span class='ocrx_word' id='word_1_236' title='bbox 1590 1986 1677 2033; x_wconf 89' lang='lat' dir='ltr'><strong>certo</strong></span> <span class='ocrx_word' id='word_1_237' title='bbox 1695 1970 1823 2034; x_wconf 87' lang='lat' dir='ltr'><strong>iudicari</strong></span> 
     </span>
     <span class='ocr_line' id='line_1_20' title="bbox 247 2045 1821 2128; baseline -0.004 -10"><span class='ocrx_word' id='word_1_238' title='bbox 247 2051 355 2118; x_wconf 81' lang='lat' dir='ltr'><strong>caussa</strong></span> <span class='ocrx_word' id='word_1_239' title='bbox 374 2049 514 2128; x_wconf 88' lang='lat' dir='ltr'><strong>deficiat,</strong></span> <span class='ocrx_word' id='word_1_240' title='bbox 537 2045 575 2118; x_wconf 74' lang='lat' dir='ltr'><strong>ut&#39;</strong></span> <span class='ocrx_word' id='word_1_241' title='bbox 601 2067 687 2128; x_wconf 85' lang='lat' dir='ltr'><strong>patet</strong></span> <span class='ocrx_word' id='word_1_242' title='bbox 703 2046 844 2124; x_wconf 81' lang='lat' dir='ltr'><strong>exemplo</strong></span> <span class='ocrx_word' id='word_1_243' title='bbox 859 2052 922 2110; x_wconf 91' lang='lat' dir='ltr'><strong>iam</strong></span> <span class='ocrx_word' id='word_1_244' title='bbox 945 2047 1018 2109; x_wconf 89' lang='lat' dir='ltr'><strong>alla·</strong></span> <span class='ocrx_word' id='word_1_245' title='bbox 1053 2045 1151 2125; x_wconf 89' lang='lat' dir='ltr'><strong>potest</strong></span> <span class='ocrx_word' id='word_1_246' title='bbox 1180 2067 1219 2110; x_wconf 89' lang='lat' dir='ltr'><strong>an</strong></span> <span class='ocrx_word' id='word_1_247' title='bbox 1244 2045 1334 2123; x_wconf 79' lang='lat' dir='ltr'><strong>ipsius</strong></span> <span class='ocrx_word' id='word_1_248' title='bbox 1357 2046 1450 2112; x_wconf 86' lang='lat' dir='ltr'><strong>verba</strong></span> <span class='ocrx_word' id='word_1_249' title='bbox 1477 2045 1643 2125; x_wconf 86' lang='lat' dir='ltr'><strong>iinportent</strong></span> <span class='ocrx_word' id='word_1_250' title='bbox 1671 2049 1821 2114; x_wconf 88' lang='lat' dir='ltr'><strong>conditio·</strong></span> 
     </span>
     <span class='ocr_line' id='line_1_21' title="bbox 245 2127 1820 2214; baseline -0.006 -16"><span class='ocrx_word' id='word_1_251' title='bbox 245 2147 290 2198; x_wconf 76' lang='lat' dir='ltr'><strong>to</strong></span> <span class='ocrx_word' id='word_1_252' title='bbox 306 2129 345 2194; x_wconf 90' lang='lat' dir='ltr'><strong>de</strong></span> <span class='ocrx_word' id='word_1_253' title='bbox 363 2129 457 2195; x_wconf 90' lang='lat' dir='ltr'><strong>dante</strong></span> <span class='ocrx_word' id='word_1_254' title='bbox 470 2131 692 2214; x_wconf 79' lang='lat' dir='ltr'><strong>eleemosynam</strong></span> <span class='ocrx_word' id='word_1_255' title='bbox 712 2130 831 2209; x_wconf 81' lang='lat' dir='ltr'><strong>pet‘enti</strong></span> <span class='ocrx_word' id='word_1_256' title='bbox 851 2145 923 2192; x_wconf 84' lang='lat' dir='ltr'><strong>vere</strong></span> <span class='ocrx_word' id='word_1_257' title='bbox 943 2146 1016 2201; x_wconf 91' lang='lat' dir='ltr'><strong>pau·</strong></span> <span class='ocrx_word' id='word_1_258' title='bbox 1053 2148 1144 2204; x_wconf 88' lang='lat' dir='ltr'><strong>nem,</strong></span> <span class='ocrx_word' id='word_1_259' title='bbox 1172 2142 1226 2190; x_wconf 88' lang='lat' dir='ltr'><strong>aut</strong></span> <span class='ocrx_word' id='word_1_260' title='bbox 1251 2127 1395 2205; x_wconf 88' lang='lat' dir='ltr'><strong>modum,</strong></span> <span class='ocrx_word' id='word_1_261' title='bbox 1416 2129 1676 2203; x_wconf 85' lang='lat' dir='ltr'><strong>interpretandum</strong></span> <span class='ocrx_word' id='word_1_262' title='bbox 1700 2128 1743 2192; x_wconf 88' lang='lat' dir='ltr'><strong>esl</strong></span> <span class='ocrx_word' id='word_1_263' title='bbox 1764 2133 1820 2190; x_wconf 90' lang='lat' dir='ltr'><strong>im·</strong></span> 
     </span>
     <span class='ocr_line' id='line_1_22' title="bbox 247 2203 1818 2291; baseline -0.001 -17"><span class='ocrx_word' id='word_1_264' title='bbox 247 2213 343 2288; x_wconf 80' lang='lat' dir='ltr'><strong>peri,</strong></span> <span class='ocrx_word' id='word_1_265' title='bbox 370 2214 543 2291; x_wconf 85' lang='lat' dir='ltr'><strong>promptius</strong></span> <span class='ocrx_word' id='word_1_266' title='bbox 565 2232 668 2277; x_wconf 85' lang='lat' dir='ltr'><strong>tamen</strong></span> <span class='ocrx_word' id='word_1_267' title='bbox 690 2214 762 2290; x_wconf 86' lang='lat' dir='ltr'><strong>quia</strong></span> <span class='ocrx_word' id='word_1_268' title='bbox 789 2205 820 2269; x_wconf 91' lang='lat' dir='ltr'><strong>se</strong></span> <span class='ocrx_word' id='word_1_269' title='bbox 849 2206 925 2270; x_wconf 88' lang='lat' dir='ltr'><strong>dicit</strong></span> <span class='ocrx_word' id='word_1_270' title='bbox 952 2207 1017 2274; x_wconf 77' lang='lat' dir='ltr'><strong>eius</strong></span> <span class='ocrx_word' id='word_1_271' title='bbox 1053 2225 1174 2286; x_wconf 87' lang='lat' dir='ltr'><strong>portare</strong></span> <span class='ocrx_word' id='word_1_272' title='bbox 1193 2204 1421 2285; x_wconf 83' lang='lat' dir='ltr'><strong>conditionem,</strong></span> <span class='ocrx_word' id='word_1_273' title='bbox 1444 2223 1483 2271; x_wconf 85' lang='lat' dir='ltr'><strong>ex</strong></span> <span class='ocrx_word' id='word_1_274' title='bbox 1508 2203 1580 2287; x_wconf 64' lang='lat' dir='ltr'><strong>leg.</strong></span> <span class='ocrx_word' id='word_1_275' title='bbox 1600 2230 1619 2271; x_wconf 84' lang='lat' dir='ltr'><strong>a</strong></span> <span class='ocrx_word' id='word_1_276' title='bbox 1638 2206 1818 2290; x_wconf 73' lang='lat' dir='ltr'><strong>testatoreff.</strong></span> 
     </span>
     <span class='ocr_line' id='line_1_23' title="bbox 246 2283 1873 2430; baseline -0.003 -74"><span class='ocrx_word' id='word_1_277' title='bbox 246 2285 528 2369; x_wconf 71' lang='lat' dir='ltr'><strong>consanguineum.</strong></span> <span class='ocrx_word' id='word_1_278' title='bbox 552 2292 694 2357; x_wconf 88' lang='lat' dir='ltr'><strong>indubio</strong></span> <span class='ocrx_word' id='word_1_279' title='bbox 726 2307 801 2354; x_wconf 90' lang='lat' dir='ltr'><strong>vero</strong></span> <span class='ocrx_word' id='word_1_280' title='bbox 823 2283 1017 2364; x_wconf 70' lang='lat' dir='ltr'><strong>presumitur</strong></span> <span class='ocrx_word' id='word_1_281' title='bbox 1051 2288 1091 2351; x_wconf 83' lang='lat' dir='ltr'><strong>de</strong></span> <span class='ocrx_word' id='word_1_282' title='bbox 1111 2284 1324 2354; x_wconf 75' lang='lat' dir='ltr'><strong>conditionibus</strong></span> <span class='ocrx_word' id='word_1_283' title='bbox 1345 2285 1385 2353; x_wconf 66' lang='lat'><strong>(7</strong></span> <span class='ocrx_word' id='word_1_284' title='bbox 1405 2287 1710 2430; x_wconf 54' lang='lat' dir='ltr'><strong>demorKirursonihusr</strong></span> <span class='ocrx_word' id='word_1_285' title='bbox 1850 2338 1873 2392; x_wconf 73' lang='lat' dir='ltr'>c</span> 
     </span>
     <span class='ocr_line' id='line_1_24' title="bbox 245 2351 1962 2456; baseline -0.001 -22"><span class='ocrx_word' id='word_1_286' title='bbox 245 2367 383 2434; x_wconf 75' lang='lat' dir='ltr'><strong>trullam</strong></span> <span class='ocrx_word' id='word_1_287' title='bbox 401 2365 490 2433; x_wconf 80' lang='lat' dir='ltr'><strong>suisio</strong></span> <span class='ocrx_word' id='word_1_288' title='bbox 510 2390 632 2437; x_wconf 86' lang='lat' dir='ltr'><strong>tantum</strong></span> <span class='ocrx_word' id='word_1_289' title='bbox 649 2365 839 2449; x_wconf 76' lang='lat' dir='ltr'><strong>impulsivam</strong></span> <span class='ocrx_word' id='word_1_290' title='bbox 861 2413 872 2446; x_wconf 88' lang='lat'><strong>,</strong></span> <span class='ocrx_word' id='word_1_291' title='bbox 894 2363 1016 2441; x_wconf 87' lang='lat' dir='ltr'><strong>quando</strong></span> <span class='ocrx_word' id='word_1_292' title='bbox 1090 2364 1272 2432; x_wconf 82' lang='lat' dir='ltr'><strong>Contradlus</strong></span> <span class='ocrx_word' id='word_1_293' title='bbox 1305 2365 1343 2432; x_wconf 89' lang='lat' dir='ltr'><strong>ad</strong></span> <span class='ocrx_word' id='word_1_294' title='bbox 1378 2368 1488 2431; x_wconf 89' lang='lat' dir='ltr'><strong>demon</strong></span> <span class='ocrx_word' id='word_1_295' title='bbox 1516 2372 1666 2432; x_wconf 85' lang='lat' dir='ltr'><strong>rationem</strong></span> <span class='ocrx_word' id='word_1_296' title='bbox 1694 2369 1748 2433; x_wconf 91' lang='lat' dir='ltr'><strong>ille</strong></span> <span class='ocrx_word' id='word_1_297' title='bbox 1776 2363 1820 2434; x_wconf 79' lang='lat' dir='ltr'><strong>eli</strong></span> <span class='ocrx_word' id='word_1_298' title='bbox 1839 2351 1962 2456; x_wconf 58' lang='lat' dir='ltr'><strong>stfffl‘</strong></span> 
     </span>
     <span class='ocr_line' id='line_1_25' title="bbox 246 2439 1946 2527; baseline 0.001 -15"><span class='ocrx_word' id='word_1_299' title='bbox 246 2447 408 2526; x_wconf 85' lang='lat' dir='ltr'><strong>disponens</strong></span> <span class='ocrx_word' id='word_1_300' title='bbox 422 2450 600 2517; x_wconf 81' lang='lat' dir='ltr'><strong>intendebat</strong></span> <span class='ocrx_word' id='word_1_301' title='bbox 622 2449 750 2527; x_wconf 75' lang='lat' dir='ltr'><strong>severe,</strong></span> <span class='ocrx_word' id='word_1_302' title='bbox 769 2445 804 2511; x_wconf 81' lang='lat' dir='ltr'><strong>dt</strong></span> <span class='ocrx_word' id='word_1_303' title='bbox 827 2443 1017 2510; x_wconf 86' lang='lat' dir='ltr'><strong>commodum</strong></span> <span class='ocrx_word' id='word_1_304' title='bbox 1051 2464 1122 2512; x_wconf 88' lang='lat' dir='ltr'><strong>cum</strong></span> <span class='ocrx_word' id='word_1_305' title='bbox 1138 2439 1303 2525; x_wconf 81' lang='lat' dir='ltr'><strong>apponitur</strong></span> <span class='ocrx_word' id='word_1_306' title='bbox 1322 2445 1438 2525; x_wconf 78' lang='lat' dir='ltr'><strong>signum</strong></span> <span class='ocrx_word' id='word_1_307' title='bbox 1452 2447 1579 2524; x_wconf 75' lang='lat' dir='ltr'><strong>aliquod</strong></span> <span class='ocrx_word' id='word_1_308' title='bbox 1595 2449 1632 2512; x_wconf 86' lang='lat' dir='ltr'><strong>ad</strong></span> <span class='ocrx_word' id='word_1_309' title='bbox 1650 2467 1714 2512; x_wconf 88' lang='lat' dir='ltr'><strong>rem</strong></span> <span class='ocrx_word' id='word_1_310' title='bbox 1733 2490 1742 2526; x_wconf 89' lang='lat'><strong>,</strong></span> <span class='ocrx_word' id='word_1_311' title='bbox 1771 2448 1820 2513; x_wconf 88' lang='lat' dir='ltr'><strong>vel</strong></span> <span class='ocrx_word' id='word_1_312' title='bbox 1838 2470 1946 2520; x_wconf 71' lang='lat' dir='ltr'><strong>aemon.</strong></span> 
     </span>
     <span class='ocr_line' id='line_1_26' title="bbox 245 2524 1940 2609; baseline -0.003 -15"><span class='ocrx_word' id='word_1_313' title='bbox 245 2526 394 2608; x_wconf 74' lang='lat' dir='ltr'><strong>proeslare</strong></span> <span class='ocrx_word' id='word_1_314' title='bbox 409 2531 459 2608; x_wconf 91' lang='lat' dir='ltr'><strong>ei,</strong></span> <span class='ocrx_word' id='word_1_315' title='bbox 483 2550 612 2609; x_wconf 87' lang='lat' dir='ltr'><strong>proquo</strong></span> <span class='ocrx_word' id='word_1_316' title='bbox 629 2529 780 2605; x_wconf 84' lang='lat' dir='ltr'><strong>disponit.</strong></span> <span class='ocrx_word' id='word_1_317' title='bbox 929 2557 933 2564; x_wconf 96' lang='lat'>·</span> <span class='ocrx_word' id='word_1_318' title='bbox 1052 2526 1208 2606; x_wconf 87' lang='lat' dir='ltr'><strong>personam</strong></span> <span class='ocrx_word' id='word_1_319' title='bbox 1227 2524 1466 2604; x_wconf 88' lang='lat' dir='ltr'><strong>oslendendam,</strong></span> <span class='ocrx_word' id='word_1_320' title='bbox 1486 2526 1663 2604; x_wconf 86' lang='lat' dir='ltr'><strong>puradonat</strong></span> <span class='ocrx_word' id='word_1_321' title='bbox 1682 2532 1822 2605; x_wconf 82' lang='lat' dir='ltr'><strong>quiscen·</strong></span> <span class='ocrx_word' id='word_1_322' title='bbox 1838 2532 1940 2589; x_wconf 79' lang='lat' dir='ltr'><strong>intio.</strong></span> 
     </span>
     <span class='ocr_line' id='line_1_27' title="bbox 286 2605 1921 2686; baseline 0.001 -15"><span class='ocrx_word' id='word_1_323' title='bbox 286 2606 470 2673; x_wconf 84' lang='lat' dir='ltr'><strong>Notandum</strong></span> <span class='ocrx_word' id='word_1_324' title='bbox 500 2626 601 2676; x_wconf 86' lang='lat' dir='ltr'><strong>tamen</strong></span> <span class='ocrx_word' id='word_1_325' title='bbox 630 2612 826 2676; x_wconf 87' lang='lat' dir='ltr'><strong>donationem</strong></span> <span class='ocrx_word' id='word_1_326' title='bbox 855 2605 1015 2684; x_wconf 89' lang='lat' dir='ltr'><strong>aliquando</strong></span> <span class='ocrx_word' id='word_1_327' title='bbox 1052 2623 1120 2672; x_wconf 90' lang='lat' dir='ltr'><strong>tum</strong></span> <span class='ocrx_word' id='word_1_328' title='bbox 1145 2627 1283 2671; x_wconf 84' lang='lat' dir='ltr'><strong>nummos</strong></span> <span class='ocrx_word' id='word_1_329' title='bbox 1312 2606 1538 2673; x_wconf 80' lang='lat' dir='ltr'><strong>reconditorio</strong></span> <span class='ocrx_word' id='word_1_330' title='bbox 1561 2608 1617 2672; x_wconf 90' lang='lat' dir='ltr'><strong>tali</strong></span> <span class='ocrx_word' id='word_1_331' title='bbox 1648 2629 1741 2686; x_wconf 88' lang='lat' dir='ltr'><strong>arca,</strong></span> <span class='ocrx_word' id='word_1_332' title='bbox 1766 2609 1818 2672; x_wconf 90' lang='lat' dir='ltr'><strong>vtl</strong></span> <span class='ocrx_word' id='word_1_333' title='bbox 1840 2612 1921 2649; x_wconf 62' lang='grc' dir='ltr'><strong>Μ·</strong></span> 
     </span>
     <span class='ocr_line' id='line_1_28' title="bbox 245 2684 1822 2769; baseline -0.002 -15"><span class='ocrx_word' id='word_1_334' title='bbox 245 2685 516 2754; x_wconf 75' lang='lat' dir='ltr'><strong>tertiadecaulsrs</strong></span> <span class='ocrx_word' id='word_1_335' title='bbox 537 2692 602 2755; x_wconf 85' lang='lat' dir='ltr'><strong>lieri</strong></span> <span class='ocrx_word' id='word_1_336' title='bbox 635 2712 731 2769; x_wconf 84' lang='lat' dir='ltr'><strong>,quae</strong></span> <span class='ocrx_word' id='word_1_337' title='bbox 763 2708 825 2753; x_wconf 89' lang='lat' dir='ltr'><strong>non</strong></span> <span class='ocrx_word' id='word_1_338' title='bbox 846 2687 1016 2765; x_wconf 86' lang='lat' dir='ltr'><strong>impediunt</strong></span> <span class='ocrx_word' id='word_1_339' title='bbox 1050 2691 1101 2766; x_wconf 88' lang='lat' dir='ltr'><strong>qui</strong></span> <span class='ocrx_word' id='word_1_340' title='bbox 1118 2684 1170 2765; x_wconf 80' lang='lat' dir='ltr'><strong>ipsi</strong></span> <span class='ocrx_word' id='word_1_341' title='bbox 1191 2685 1380 2751; x_wconf 82' lang='lat' dir='ltr'><strong>debentura</strong></span> <span class='ocrx_word' id='word_1_342' title='bbox 1398 2686 1496 2752; x_wconf 59' lang='lat' dir='ltr'><strong>Caio«</strong></span> <span class='ocrx_word' id='word_1_343' title='bbox 1521 2686 1609 2751; x_wconf 83' lang='lat' dir='ltr'><strong>Circa</strong></span> <span class='ocrx_word' id='word_1_344' title='bbox 1630 2684 1822 2751; x_wconf 65' lang='lat' dir='ltr'><strong>huiuscemm</strong></span> 
     </span>
     <span class='ocr_line' id='line_1_29' title="bbox 247 2762 1818 2848; baseline -0.002 -16"><span class='ocrx_word' id='word_1_345' title='bbox 247 2768 414 2844; x_wconf 73' lang='lat' dir='ltr'><strong>quominus</strong></span> <span class='ocrx_word' id='word_1_346' title='bbox 432 2787 470 2833; x_wconf 89' lang='lat' dir='ltr'><strong>ea</strong></span> <span class='ocrx_word' id='word_1_347' title='bbox 491 2772 593 2836; x_wconf 83' lang='lat' dir='ltr'><strong>valida</strong></span> <span class='ocrx_word' id='word_1_348' title='bbox 610 2770 668 2848; x_wconf 78' lang='grc' dir='ltr'>ιιι,</span> <span class='ocrx_word' id='word_1_349' title='bbox 691 2770 725 2835; x_wconf 87' lang='lat'>&amp;</span> <span class='ocrx_word' id='word_1_350' title='bbox 746 2766 904 2832; x_wconf 88' lang='lat' dir='ltr'><strong>absoluta.</strong></span> <span class='ocrx_word' id='word_1_351' title='bbox 924 2767 974 2829; x_wconf 90' lang='lat' dir='ltr'><strong>Sic</strong></span> <span class='ocrx_word' id='word_1_352' title='bbox 994 2762 1015 2826; x_wconf 79' lang='grc' dir='ltr'><strong>ιι</strong></span> <span class='ocrx_word' id='word_1_353' title='bbox 1050 2769 1080 2829; x_wconf 94' lang='lat' dir='ltr'><strong>di</strong></span> <span class='ocrx_word' id='word_1_354' title='bbox 1100 2765 1272 2832; x_wconf 71' lang='lat' dir='ltr'><strong>contradus</strong></span> <span class='ocrx_word' id='word_1_355' title='bbox 1291 2769 1323 2828; x_wconf 90' lang='lat' dir='ltr'><strong>in</strong></span> <span class='ocrx_word' id='word_1_356' title='bbox 1353 2769 1439 2843; x_wconf 80' lang='lat' dir='ltr'><strong>praxi</strong></span> <span class='ocrx_word' id='word_1_357' title='bbox 1469 2766 1626 2830; x_wconf 75' lang='lat' dir='ltr'><strong>nonnullae</strong></span> <span class='ocrx_word' id='word_1_358' title='bbox 1654 2785 1818 2831; x_wconf 87' lang='lat' dir='ltr'><strong>occurrunt</strong></span> 
     </span>
     <span class='ocr_line' id='line_1_30' title="bbox 245 2844 1818 2934; baseline -0.001 -24"><span class='ocrx_word' id='word_1_359' title='bbox 245 2845 321 2928; x_wconf 84' lang='lat' dir='ltr'><strong>quid</strong></span> <span class='ocrx_word' id='word_1_360' title='bbox 338 2845 455 2911; x_wconf 76' lang='lat' dir='ltr'><strong>dederis</strong></span> <span class='ocrx_word' id='word_1_361' title='bbox 478 2845 581 2934; x_wconf 87' lang='lat' dir='ltr'><strong>Caio,</strong></span> <span class='ocrx_word' id='word_1_362' title='bbox 605 2867 641 2915; x_wconf 90' lang='lat' dir='ltr'><strong>ut</strong></span> <span class='ocrx_word' id='word_1_363' title='bbox 659 2848 714 2914; x_wconf 92' lang='lat' dir='ltr'><strong>tibi</strong></span> <span class='ocrx_word' id='word_1_364' title='bbox 734 2864 854 2913; x_wconf 88' lang='lat' dir='ltr'><strong>certum</strong></span> <span class='ocrx_word' id='word_1_365' title='bbox 876 2844 1013 2910; x_wconf 86' lang='lat' dir='ltr'><strong>savorem</strong></span> <span class='ocrx_word' id='word_1_366' title='bbox 1050 2844 1270 2921; x_wconf 83' lang='lat' dir='ltr'><strong>difficultates,</strong></span> <span class='ocrx_word' id='word_1_367' title='bbox 1290 2866 1364 2919; x_wconf 82' lang='lat' dir='ltr'><strong>quar</strong></span> <span class='ocrx_word' id='word_1_368' title='bbox 1388 2846 1435 2910; x_wconf 90' lang='lat' dir='ltr'><strong>hic</strong></span> <span class='ocrx_word' id='word_1_369' title='bbox 1455 2866 1494 2909; x_wconf 82' lang='lat' dir='ltr'><strong>ex</strong></span> <span class='ocrx_word' id='word_1_370' title='bbox 1517 2845 1620 2910; x_wconf 85' lang='lat' dir='ltr'><strong>latrare</strong></span> <span class='ocrx_word' id='word_1_371' title='bbox 1635 2855 1818 2926; x_wconf 80' lang='lat' dir='ltr'><strong>operaepre-</strong></span> 
     </span>
     <span class='ocr_line' id='line_1_31' title="bbox 266 2867 1817 3011; baseline -0.001 -22"><span class='ocrx_word' id='word_1_372' title='bbox 266 2922 388 3007; x_wconf 76' lang='lat' dir='ltr'><strong>raestet,</strong></span> <span class='ocrx_word' id='word_1_373' title='bbox 405 2929 486 2992; x_wconf 87' lang='lat' dir='ltr'><strong>valet</strong></span> <span class='ocrx_word' id='word_1_374' title='bbox 507 2931 656 3011; x_wconf 91' lang='lat' dir='ltr'><strong>donatio,</strong></span> <span class='ocrx_word' id='word_1_375' title='bbox 675 2931 750 2994; x_wconf 90' lang='lat' dir='ltr'><strong>licet</strong></span> <span class='ocrx_word' id='word_1_376' title='bbox 770 2926 866 2991; x_wconf 83' lang='lat' dir='ltr'><strong>Caius</strong></span> <span class='ocrx_word' id='word_1_377' title='bbox 887 2926 1014 3011; x_wconf 83' lang='lat' dir='ltr'><strong>ribinon</strong></span> <span class='ocrx_word' id='word_1_378' title='bbox 1052 2930 1129 2990; x_wconf 88' lang='lat' dir='ltr'><strong>tium</strong></span> <span class='ocrx_word' id='word_1_379' title='bbox 1144 2924 1213 2989; x_wconf 84' lang='lat' dir='ltr'><strong>esi.</strong></span> <span class='ocrx_word' id='word_1_380' title='bbox 1239 2924 1269 2985; x_wconf 86' lang='lat' dir='ltr'><strong>Si</strong></span> <span class='ocrx_word' id='word_1_381' title='bbox 1291 2944 1394 3003; x_wconf 90' lang='lat' dir='ltr'><strong>error,</strong></span> <span class='ocrx_word' id='word_1_382' title='bbox 1415 2926 1466 2990; x_wconf 88' lang='lat' dir='ltr'><strong>vel</strong></span> <span class='ocrx_word' id='word_1_383' title='bbox 1488 2867 1603 2991; x_wconf 62' lang='lat' dir='ltr'><strong>(bilitas</strong></span> <span class='ocrx_word' id='word_1_384' title='bbox 1622 2943 1764 2990; x_wconf 84' lang='lat' dir='ltr'><strong>occurrat</strong></span> <span class='ocrx_word' id='word_1_385' title='bbox 1785 2928 1817 2987; x_wconf 92' lang='lat' dir='ltr'><strong>in</strong></span> 
     </span>
     <span class='ocr_line' id='line_1_32' title="bbox 259 3002 1817 3089; baseline -0.001 -18"><span class='ocrx_word' id='word_1_386' title='bbox 259 3023 376 3084; x_wconf 76' lang='lat' dir='ltr'><strong>artat,</strong></span> <span class='ocrx_word' id='word_1_387' title='bbox 390 3015 530 3084; x_wconf 78' lang='lat' dir='ltr'><strong>quamvis</strong></span> <span class='ocrx_word' id='word_1_388' title='bbox 546 3009 565 3073; x_wconf 81' lang='lat' dir='ltr'><strong>si</strong></span> <span class='ocrx_word' id='word_1_389' title='bbox 585 3011 641 3075; x_wconf 88' lang='lat' dir='ltr'><strong>hoc</strong></span> <span class='ocrx_word' id='word_1_390' title='bbox 652 3007 836 3088; x_wconf 83' lang='lat' dir='ltr'><strong>praevidisser</strong></span> <span class='ocrx_word' id='word_1_391' title='bbox 845 3055 855 3087; x_wconf 91' lang='lat'><strong>,</strong></span> <span class='ocrx_word' id='word_1_392' title='bbox 871 3002 1016 3071; x_wconf 85' lang='lat' dir='ltr'><strong>nonsuis·</strong></span> <span class='ocrx_word' id='word_1_393' title='bbox 1050 3003 1307 3089; x_wconf 77' lang='lat' dir='ltr'><strong>demonstratione</strong></span> <span class='ocrx_word' id='word_1_394' title='bbox 1321 3002 1616 3085; x_wconf 87' lang='lat' dir='ltr'><strong>circasubllantiam‚</strong></span> <span class='ocrx_word' id='word_1_395' title='bbox 1631 3006 1731 3071; x_wconf 81' lang='lat' dir='ltr'><strong>nullus</strong></span> <span class='ocrx_word' id='word_1_396' title='bbox 1747 3005 1817 3070; x_wconf 89' lang='lat' dir='ltr'><strong>sane</strong></span> 
     </span>
     <span class='ocr_line' id='line_1_33' title="bbox 242 3080 1816 3173; baseline 0.001 -25"><span class='ocrx_word' id='word_1_397' title='bbox 242 3080 290 3149; x_wconf 84' lang='lat' dir='ltr'><strong>set</strong></span> <span class='ocrx_word' id='word_1_398' title='bbox 308 3083 457 3165; x_wconf 77' lang='lat' dir='ltr'><strong>daturus,</strong></span> <span class='ocrx_word' id='word_1_399' title='bbox 474 3091 638 3166; x_wconf 76' lang='lat' dir='ltr'><strong>quietum</strong></span> <span class='ocrx_word' id='word_1_400' title='bbox 657 3090 787 3155; x_wconf 87' lang='lat' dir='ltr'><strong>donatio</strong></span> <span class='ocrx_word' id='word_1_401' title='bbox 805 3086 1015 3164; x_wconf 86' lang='lat' dir='ltr'><strong>principaliter</strong></span> <span class='ocrx_word' id='word_1_402' title='bbox 1048 3086 1092 3173; x_wconf 74' lang='lat' dir='ltr'><strong>eli</strong></span> <span class='ocrx_word' id='word_1_403' title='bbox 1117 3084 1302 3164; x_wconf 84' lang='lat' dir='ltr'><strong>consensus,</strong></span> <span class='ocrx_word' id='word_1_404' title='bbox 1330 3107 1388 3153; x_wconf 87' lang='lat' dir='ltr'><strong>uec</strong></span> <span class='ocrx_word' id='word_1_405' title='bbox 1415 3084 1609 3167; x_wconf 70' lang='lat' dir='ltr'><strong>contradus,</strong></span> <span class='ocrx_word' id='word_1_406' title='bbox 1628 3089 1710 3151; x_wconf 82' lang='lat' dir='ltr'><strong>secur</strong></span> <span class='ocrx_word' id='word_1_407' title='bbox 1737 3083 1757 3149; x_wconf 87' lang='lat' dir='ltr'><strong>sr</strong></span> <span class='ocrx_word' id='word_1_408' title='bbox 1779 3085 1816 3150; x_wconf 87' lang='lat' dir='ltr'><strong>srt</strong></span> 
     </span>
     <span class='ocr_line' id='line_1_34' title="bbox 241 3162 1815 3245; baseline 0 -16"><span class='ocrx_word' id='word_1_409' title='bbox 241 3162 414 3245; x_wconf 78' lang='lat' dir='ltr'><strong>tuucsasla</strong></span> <span class='ocrx_word' id='word_1_410' title='bbox 430 3166 467 3233; x_wconf 77' lang='grc' dir='ltr'><strong>ιιι</strong></span> <span class='ocrx_word' id='word_1_411' title='bbox 488 3172 524 3235; x_wconf 87' lang='lat' dir='ltr'><strong>ad</strong></span> <span class='ocrx_word' id='word_1_412' title='bbox 544 3172 738 3238; x_wconf 88' lang='lat' dir='ltr'><strong>alliciendum</strong></span> <span class='ocrx_word' id='word_1_413' title='bbox 757 3171 895 3231; x_wconf 88' lang='lat' dir='ltr'><strong>animum</strong></span> <span class='ocrx_word' id='word_1_414' title='bbox 914 3204 925 3242; x_wconf 51' lang='grc' dir='ltr'>ι</span> <span class='ocrx_word' id='word_1_415' title='bbox 949 3180 1014 3231; x_wconf 88' lang='lat' dir='ltr'><strong>non</strong></span> <span class='ocrx_word' id='word_1_416' title='bbox 1048 3167 1147 3232; x_wconf 89' lang='lat' dir='ltr'><strong>losum</strong></span> <span class='ocrx_word' id='word_1_417' title='bbox 1161 3168 1194 3231; x_wconf 87' lang='grc' dir='ltr'><strong>ιιι</strong></span> <span class='ocrx_word' id='word_1_418' title='bbox 1205 3167 1423 3233; x_wconf 85' lang='lat' dir='ltr'><strong>accidentibus·</strong></span> <span class='ocrx_word' id='word_1_419' title='bbox 1448 3166 1588 3245; x_wconf 89' lang='lat' dir='ltr'><strong>Utraque</strong></span> <span class='ocrx_word' id='word_1_420' title='bbox 1606 3188 1674 3245; x_wconf 84' lang='lat' dir='ltr'><strong>pars</strong></span> <span class='ocrx_word' id='word_1_421' title='bbox 1693 3164 1815 3230; x_wconf 87' lang='lat' dir='ltr'><strong>constat</strong></span> 
     </span>
     <span class='ocr_line' id='line_1_35' title="bbox 242 3238 1814 3330; baseline -0.002 -19"><span class='ocrx_word' id='word_1_422' title='bbox 242 3260 324 3311; x_wconf 76' lang='lat' dir='ltr'><strong>vero</strong></span> <span class='ocrx_word' id='word_1_423' title='bbox 342 3245 382 3310; x_wconf 85' lang='lat' dir='ltr'><strong>ab</strong></span> <span class='ocrx_word' id='word_1_424' title='bbox 401 3248 619 3330; x_wconf 79' lang='lat' dir='ltr'><strong>obligandum,</strong></span> <span class='ocrx_word' id='word_1_425' title='bbox 632 3250 733 3316; x_wconf 87' lang='lat' dir='ltr'><strong>caussa</strong></span> <span class='ocrx_word' id='word_1_426' title='bbox 750 3238 849 3312; x_wconf 83' lang='lat' dir='ltr'><strong>finalis</strong></span> <span class='ocrx_word' id='word_1_427' title='bbox 865 3243 1016 3325; x_wconf 81' lang='lat' dir='ltr'><strong>subsistit,</strong></span> <span class='ocrx_word' id='word_1_428' title='bbox 1047 3267 1087 3311; x_wconf 84' lang='lat' dir='ltr'><strong>ex</strong></span> <span class='ocrx_word' id='word_1_429' title='bbox 1107 3250 1169 3310; x_wconf 91' lang='lat' dir='ltr'><strong>iam</strong></span> <span class='ocrx_word' id='word_1_430' title='bbox 1188 3242 1288 3325; x_wconf 68' lang='lat' dir='ltr'><strong>distis,</strong></span> <span class='ocrx_word' id='word_1_431' title='bbox 1314 3247 1364 3312; x_wconf 91' lang='lat' dir='ltr'><strong>ubi</strong></span> <span class='ocrx_word' id='word_1_432' title='bbox 1384 3248 1422 3309; x_wconf 89' lang='lat' dir='ltr'><strong>de</strong></span> <span class='ocrx_word' id='word_1_433' title='bbox 1441 3265 1554 3311; x_wconf 79' lang='lat' dir='ltr'><strong>‚errore</strong></span> <span class='ocrx_word' id='word_1_434' title='bbox 1582 3262 1759 3312; x_wconf 87' lang='lat' dir='ltr'><strong>occurrente</strong></span> <span class='ocrx_word' id='word_1_435' title='bbox 1781 3248 1814 3308; x_wconf 89' lang='lat' dir='ltr'><strong>in</strong></span> 
     </span>
     <span class='ocr_line' id='line_1_36' title="bbox 241 3321 1815 3405; baseline 0 -16"><span class='ocrx_word' id='word_1_436' title='bbox 241 3321 277 3389; x_wconf 75' lang='grc' dir='ltr'>ἀ</span> <span class='ocrx_word' id='word_1_437' title='bbox 295 3341 372 3389; x_wconf 88' lang='lat' dir='ltr'><strong>tunc</strong></span> <span class='ocrx_word' id='word_1_438' title='bbox 387 3325 515 3394; x_wconf 89' lang='lat' dir='ltr'><strong>donatio</strong></span> <span class='ocrx_word' id='word_1_439' title='bbox 531 3331 633 3396; x_wconf 80' lang='lat' dir='ltr'><strong>valida</strong></span> <span class='ocrx_word' id='word_1_440' title='bbox 654 3329 715 3394; x_wconf 82' lang='lat' dir='ltr'><strong>est.</strong></span> <span class='ocrx_word' id='word_1_441' title='bbox 740 3331 821 3392; x_wconf 88' lang='lat' dir='ltr'><strong>Nam</strong></span> <span class='ocrx_word' id='word_1_442' title='bbox 838 3331 1013 3391; x_wconf 90' lang='lat' dir='ltr'><strong>tacitacoo·</strong></span> <span class='ocrx_word' id='word_1_443' title='bbox 1047 3324 1248 3391; x_wconf 80' lang='lat' dir='ltr'><strong>coutraslibus</strong></span> <span class='ocrx_word' id='word_1_444' title='bbox 1270 3324 1366 3391; x_wconf 78' lang='lat' dir='ltr'><strong>adium</strong></span> <span class='ocrx_word' id='word_1_445' title='bbox 1386 3326 1455 3390; x_wconf 84' lang='lat' dir='ltr'><strong>cll.</strong></span> <span class='ocrx_word' id='word_1_446' title='bbox 1484 3328 1565 3392; x_wconf 88' lang='lat' dir='ltr'><strong>Hinc</strong></span> <span class='ocrx_word' id='word_1_447' title='bbox 1586 3326 1608 3391; x_wconf 88' lang='lat' dir='ltr'><strong>sr</strong></span> <span class='ocrx_word' id='word_1_448' title='bbox 1633 3328 1700 3404; x_wconf 85' lang='lat' dir='ltr'><strong>quis</strong></span> <span class='ocrx_word' id='word_1_449' title='bbox 1731 3326 1815 3405; x_wconf 81' lang='lat' dir='ltr'><strong>legat</strong></span> 
     </span>
     <span class='ocr_line' id='line_1_37' title="bbox 241 3401 1814 3486; baseline 0 -19"><span class='ocrx_word' id='word_1_450' title='bbox 241 3402 321 3469; x_wconf 85' lang='lat' dir='ltr'><strong>ditio</strong></span> <span class='ocrx_word' id='word_1_451' title='bbox 340 3401 443 3469; x_wconf 85' lang='lat' dir='ltr'><strong>facere</strong></span> <span class='ocrx_word' id='word_1_452' title='bbox 460 3413 563 3486; x_wconf 89' lang='lat' dir='ltr'><strong>nequit</strong></span> <span class='ocrx_word' id='word_1_453' title='bbox 579 3409 769 3476; x_wconf 68' lang='lat' dir='ltr'><strong>contrafium</strong></span> <span class='ocrx_word' id='word_1_454' title='bbox 787 3409 907 3471; x_wconf 91' lang='lat' dir='ltr'><strong>irritum</strong></span> <span class='ocrx_word' id='word_1_455' title='bbox 922 3405 1013 3483; x_wconf 89' lang='lat' dir='ltr'><strong>,alias</strong></span> <span class='ocrx_word' id='word_1_456' title='bbox 1048 3424 1175 3469; x_wconf 88' lang='lat' dir='ltr'><strong>centurn</strong></span> <span class='ocrx_word' id='word_1_457' title='bbox 1192 3410 1320 3483; x_wconf 80' lang='lat' dir='ltr'><strong>aureos,¹</strong></span> <span class='ocrx_word' id='word_1_458' title='bbox 1338 3424 1413 3485; x_wconf 84' lang='lat' dir='ltr'><strong>quos</strong></span> <span class='ocrx_word' id='word_1_459' title='bbox 1429 3407 1478 3472; x_wconf 89' lang='lat' dir='ltr'><strong>vel</strong></span> <span class='ocrx_word' id='word_1_460' title='bbox 1500 3408 1611 3473; x_wconf 81' lang='lat' dir='ltr'><strong>Paulus</strong></span> <span class='ocrx_word' id='word_1_461' title='bbox 1630 3404 1680 3483; x_wconf 80' lang='lat' dir='ltr'><strong>ipsi</strong></span> <span class='ocrx_word' id='word_1_462' title='bbox 1701 3403 1814 3480; x_wconf 88' lang='lat' dir='ltr'><strong>debet,</strong></span> 
     </span>
     <span class='ocr_line' id='line_1_38' title="bbox 241 3482 1814 3645; baseline -0.001 -18"><span class='ocrx_word' id='word_1_463' title='bbox 241 3482 1012 3645; x_wconf 57' lang='lat' dir='ltr'><strong>illstfritillisilluditis?</strong></span> <span class='ocrx_word' id='word_1_464' title='bbox 1049 3483 1368 3642; x_wconf 59' lang='lat' dir='ltr'><strong>sitilillililii</strong></span> <span class='ocrx_word' id='word_1_465' title='bbox 1385 3487 1663 3631; x_wconf 67' lang='lat' dir='ltr'><strong>illib‘i‘ill?</strong></span> <span class='ocrx_word' id='word_1_466' title='bbox 1685 3482 1814 3627; x_wconf 61' lang='lat' dir='ltr'><strong>sissi</strong></span> 
     </span>
     <span class='ocr_line' id='line_1_39' title="bbox 557 3594 1674 3647; baseline -0.004 -1"><span class='ocrx_word' id='word_1_467' title='bbox 557 3594 603 3647; x_wconf 70' lang='lat' dir='ltr'><strong>tq</strong></span> <span class='ocrx_word' id='word_1_468' title='bbox 668 3594 677 3631; x_wconf 77' lang='lat'>¹</span> <span class='ocrx_word' id='word_1_469' title='bbox 998 3594 1013 3612; x_wconf 70' lang='lat'><em>⁶</em></span> <span class='ocrx_word' id='word_1_470' title='bbox 1240 3605 1242 3609; x_wconf 87' lang='lat'>&#39;</span> <span class='ocrx_word' id='word_1_471' title='bbox 1665 3611 1674 3642; x_wconf 77' lang='lat' dir='ltr'><strong>r</strong></span> 
     </span>
     <span class='ocr_line' id='line_1_40' title="bbox 241 3643 1814 3725; baseline -0.001 -20"><span class='ocrx_word' id='word_1_472' title='bbox 241 3644 396 3720; x_wconf 78' lang='lat' dir='ltr'><strong>tingentia</strong></span> <span class='ocrx_word' id='word_1_473' title='bbox 413 3649 613 3725; x_wconf 78' lang='lat' dir='ltr'><strong>praevideret,</strong></span> <span class='ocrx_word' id='word_1_474' title='bbox 632 3649 729 3712; x_wconf 87' lang='lat' dir='ltr'><strong>vellet</strong></span> <span class='ocrx_word' id='word_1_475' title='bbox 749 3643 858 3711; x_wconf 89' lang='lat' dir='ltr'><strong>consen</strong></span> <span class='ocrx_word' id='word_1_476' title='bbox 875 3648 942 3709; x_wconf 83' lang='lat' dir='ltr'><strong>ire.</strong></span> <span class='ocrx_word' id='word_1_477' title='bbox 973 3646 1012 3707; x_wconf 90' lang='lat' dir='ltr'><strong>E·</strong></span> <span class='ocrx_word' id='word_1_478' title='bbox 1048 3646 1102 3710; x_wconf 88' lang='lat' dir='ltr'><strong>tali</strong></span> <span class='ocrx_word' id='word_1_479' title='bbox 1121 3663 1191 3708; x_wconf 85' lang='lat' dir='ltr'><strong>arca</strong></span> <span class='ocrx_word' id='word_1_480' title='bbox 1211 3645 1296 3709; x_wconf 85' lang='lat' dir='ltr'><strong>nulla</strong></span> <span class='ocrx_word' id='word_1_481' title='bbox 1310 3660 1409 3711; x_wconf 84' lang='lat' dir='ltr'><strong>&#39;extet</strong></span> <span class='ocrx_word' id='word_1_482' title='bbox 1430 3646 1573 3723; x_wconf 88' lang='lat' dir='ltr'><strong>pecunia,</strong></span> <span class='ocrx_word' id='word_1_483' title='bbox 1593 3647 1727 3725; x_wconf 81' lang='lat' dir='ltr'><strong>legatum</strong></span> <span class='ocrx_word' id='word_1_484' title='bbox 1747 3643 1814 3705; x_wconf 91' lang='lat' dir='ltr'><strong>nul·</strong></span> 
     </span>
     <span class='ocr_line' id='line_1_41' title="bbox 241 3718 1912 3804; baseline 0.004 -20"><span class='ocrx_word' id='word_1_485' title='bbox 241 3718 380 3799; x_wconf 69' lang='lat' dir='ltr'><strong>piscopos</strong></span> <span class='ocrx_word' id='word_1_486' title='bbox 395 3743 426 3787; x_wconf 85' lang='lat' dir='ltr'><strong>v.</strong></span> <span class='ocrx_word' id='word_1_487' title='bbox 463 3747 548 3790; x_wconf 86' lang='lat' dir='ltr'><strong>.nec</strong></span> <span class='ocrx_word' id='word_1_488' title='bbox 568 3728 744 3804; x_wconf 86' lang='lat' dir='ltr'><strong>ordinaret,</strong></span> <span class='ocrx_word' id='word_1_489' title='bbox 763 3744 817 3787; x_wconf 89' lang='lat' dir='ltr'><strong>nec</strong></span> <span class='ocrx_word' id='word_1_490' title='bbox 890 3724 1013 3789; x_wconf 84' lang='lat' dir='ltr'><strong>elicium</strong></span> <span class='ocrx_word' id='word_1_491' title='bbox 1047 3726 1112 3791; x_wconf 86' lang='lat' dir='ltr'><strong>lum</strong></span> <span class='ocrx_word' id='word_1_492' title='bbox 1134 3724 1204 3803; x_wconf 82' lang='lat' dir='ltr'><strong>eli,</strong></span> <span class='ocrx_word' id='word_1_493' title='bbox 1228 3747 1299 3788; x_wconf 87' lang='lat' dir='ltr'><strong>cum</strong></span> <span class='ocrx_word' id='word_1_494' title='bbox 1321 3746 1408 3791; x_wconf 88' lang='lat' dir='ltr'><strong>error</strong></span> <span class='ocrx_word' id='word_1_495' title='bbox 1432 3725 1486 3789; x_wconf 84' lang='lat' dir='ltr'><strong>ille</strong></span> <span class='ocrx_word' id='word_1_496' title='bbox 1504 3726 1642 3791; x_wconf 86' lang='lat' dir='ltr'><strong>versetur</strong></span> <span class='ocrx_word' id='word_1_497' title='bbox 1668 3727 1747 3788; x_wconf 84' lang='lat' dir='ltr'><strong>circa</strong></span> <span class='ocrx_word' id='word_1_498' title='bbox 1768 3725 1813 3786; x_wconf 85' lang='lat' dir='ltr'><strong>rei</strong></span> <span class='ocrx_word' id='word_1_499' title='bbox 1908 3781 1912 3790; x_wconf 93' lang='lat'><em>.</em></span> 
     </span>
     <span class='ocr_line' id='line_1_42' title="bbox 241 3748 1812 3884; baseline 0 -21"><span class='ocrx_word' id='word_1_500' title='bbox 241 3798 420 3879; x_wconf 75' lang='lat' dir='ltr'><strong>conferret,</strong></span> <span class='ocrx_word' id='word_1_501' title='bbox 438 3748 461 3865; x_wconf 60' lang='lat' dir='ltr'><strong>b</strong></span> <span class='ocrx_word' id='word_1_502' title='bbox 480 3803 572 3869; x_wconf 91' lang='lat' dir='ltr'><strong>sciret</strong></span> <span class='ocrx_word' id='word_1_503' title='bbox 584 3807 731 3871; x_wconf 86' lang='lat' dir='ltr'><strong>clericum</strong></span> <span class='ocrx_word' id='word_1_504' title='bbox 752 3847 763 3884; x_wconf 85' lang='lat'><strong>,</strong></span> <span class='ocrx_word' id='word_1_505' title='bbox 785 3823 874 3880; x_wconf 84' lang='lat' dir='ltr'><strong>quern</strong></span> <span class='ocrx_word' id='word_1_506' title='bbox 893 3825 1013 3882; x_wconf 89' lang='lat' dir='ltr'><strong>promo·</strong></span> <span class='ocrx_word' id='word_1_507' title='bbox 1047 3805 1262 3871; x_wconf 87' lang='lat' dir='ltr'><strong>subslantiam.</strong></span> <span class='ocrx_word' id='word_1_508' title='bbox 1285 3806 1315 3867; x_wconf 89' lang='lat' dir='ltr'><strong>Si</strong></span> <span class='ocrx_word' id='word_1_509' title='bbox 1334 3826 1409 3871; x_wconf 86' lang='lat' dir='ltr'><strong>vero</strong></span> <span class='ocrx_word' id='word_1_510' title='bbox 1423 3805 1534 3868; x_wconf 80' lang='lat' dir='ltr'><strong>Paulus</strong></span> <span class='ocrx_word' id='word_1_511' title='bbox 1554 3801 1665 3870; x_wconf 89' lang='lat' dir='ltr'><strong>debeat</strong></span> <span class='ocrx_word' id='word_1_512' title='bbox 1685 3819 1812 3867; x_wconf 88' lang='lat' dir='ltr'><strong>tantum</strong></span> 
     </span>
     <span class='ocr_line' id='line_1_43' title="bbox 241 3882 1811 3966; baseline -0.001 -19"><span class='ocrx_word' id='word_1_513' title='bbox 241 3898 317 3956; x_wconf 75' lang='lat' dir='ltr'><strong>vet,</strong></span> <span class='ocrx_word' id='word_1_514' title='bbox 337 3884 464 3957; x_wconf 85' lang='lat' dir='ltr'><strong>pietatis</strong></span> <span class='ocrx_word' id='word_1_515' title='bbox 483 3882 585 3948; x_wconf 84' lang='lat' dir='ltr'><strong>officia</strong></span> <span class='ocrx_word' id='word_1_516' title='bbox 602 3886 834 3950; x_wconf 81' lang='lat' dir='ltr'><strong>derelidlurum·</strong></span> <span class='ocrx_word' id='word_1_517' title='bbox 1046 3888 1179 3966; x_wconf 81' lang='lat' dir='ltr'><strong>viginti,</strong></span> <span class='ocrx_word' id='word_1_518' title='bbox 1196 3886 1248 3950; x_wconf 89' lang='lat' dir='ltr'><strong>vel</strong></span> <span class='ocrx_word' id='word_1_519' title='bbox 1272 3904 1340 3962; x_wconf 79' lang='lat' dir='ltr'><strong>pars</strong></span> <span class='ocrx_word' id='word_1_520' title='bbox 1362 3882 1484 3949; x_wconf 81' lang='lat' dir='ltr'><strong>summae</strong></span> <span class='ocrx_word' id='word_1_521' title='bbox 1504 3883 1541 3959; x_wconf 87' lang='lat' dir='ltr'><strong>srt</strong></span> <span class='ocrx_word' id='word_1_522' title='bbox 1557 3889 1668 3948; x_wconf 87' lang='lat' dir='ltr'><strong>inarca</strong></span> <span class='ocrx_word' id='word_1_523' title='bbox 1685 3882 1811 3946; x_wconf 87' lang='lat' dir='ltr'><strong>demon·</strong></span> 
     </span>
     <span class='ocr_line' id='line_1_44' title="bbox 277 3960 1810 4046; baseline 0.001 -23"><span class='ocrx_word' id='word_1_524' title='bbox 277 3960 464 4027; x_wconf 79' lang='lat' dir='ltr'><strong>Contradlur</strong></span> <span class='ocrx_word' id='word_1_525' title='bbox 482 3964 518 4027; x_wconf 89' lang='lat' dir='ltr'><strong>ad</strong></span> <span class='ocrx_word' id='word_1_526' title='bbox 544 3965 684 4041; x_wconf 91' lang='lat' dir='ltr'><strong>modum,</strong></span> <span class='ocrx_word' id='word_1_527' title='bbox 708 3963 759 4029; x_wconf 87' lang='lat' dir='ltr'><strong>seu</strong></span> <span class='ocrx_word' id='word_1_528' title='bbox 778 3962 831 4027; x_wconf 86' lang='lat' dir='ltr'><strong>sub</strong></span> <span class='ocrx_word' id='word_1_529' title='bbox 852 3961 944 4028; x_wconf 88' lang='lat' dir='ltr'><strong>modo</strong></span> <span class='ocrx_word' id='word_1_530' title='bbox 959 3963 1014 4027; x_wconf 89' lang='lat' dir='ltr'><strong>ille·</strong></span> <span class='ocrx_word' id='word_1_531' title='bbox 1045 3968 1159 4046; x_wconf 86' lang='lat' dir='ltr'><strong>llrata,</strong></span> <span class='ocrx_word' id='word_1_532' title='bbox 1182 3965 1319 4044; x_wconf 79' lang='lat' dir='ltr'><strong>legatum</strong></span> <span class='ocrx_word' id='word_1_533' title='bbox 1339 3980 1425 4029; x_wconf 86' lang='lat' dir='ltr'><strong>tenet</strong></span> <span class='ocrx_word' id='word_1_534' title='bbox 1439 4011 1448 4042; x_wconf 93' lang='lat'><strong>,</strong></span> <span class='ocrx_word' id='word_1_535' title='bbox 1460 3970 1532 4041; x_wconf 86' lang='lat' dir='ltr'><strong>quia</strong></span> <span class='ocrx_word' id='word_1_536' title='bbox 1546 3976 1631 4028; x_wconf 85' lang='lat' dir='ltr'><strong>error</strong></span> <span class='ocrx_word' id='word_1_537' title='bbox 1649 3960 1810 4027; x_wconf 87' lang='lat' dir='ltr'><strong>elisolum·</strong></span> 
     </span>
     <span class='ocr_line' id='line_1_45' title="bbox 241 4038 1808 4124; baseline -0.001 -19"><span class='ocrx_word' id='word_1_538' title='bbox 241 4038 280 4105; x_wconf 82' lang='lat' dir='ltr'><strong>rll</strong></span> <span class='ocrx_word' id='word_1_539' title='bbox 302 4043 352 4104; x_wconf 91' lang='lat' dir='ltr'><strong>cui</strong></span> <span class='ocrx_word' id='word_1_540' title='bbox 378 4042 502 4108; x_wconf 88' lang='lat' dir='ltr'><strong>additur</strong></span> <span class='ocrx_word' id='word_1_541' title='bbox 516 4044 625 4109; x_wconf 71' lang='lat' dir='ltr'><strong>modus</strong></span> <span class='ocrx_word' id='word_1_542' title='bbox 642 4043 693 4109; x_wconf 90' lang='lat' dir='ltr'><strong>sub</strong></span> <span class='ocrx_word' id='word_1_543' title='bbox 712 4065 776 4124; x_wconf 91' lang='lat' dir='ltr'><strong>quo</strong></span> <span class='ocrx_word' id='word_1_544' title='bbox 796 4043 867 4109; x_wconf 85' lang='lat' dir='ltr'><strong>talir</strong></span> <span class='ocrx_word' id='word_1_545' title='bbox 889 4059 1013 4108; x_wconf 71' lang='lat' dir='ltr'><strong>contra*</strong></span> <span class='ocrx_word' id='word_1_546' title='bbox 1044 4048 1135 4119; x_wconf 84' lang='lat' dir='ltr'><strong>modo</strong></span> <span class='ocrx_word' id='word_1_547' title='bbox 1154 4051 1186 4111; x_wconf 91' lang='grc' dir='ltr'><strong>ιιι</strong></span> <span class='ocrx_word' id='word_1_548' title='bbox 1206 4048 1381 4110; x_wconf 85' lang='lat' dir='ltr'><strong>accidente.</strong></span> <span class='ocrx_word' id='word_1_549' title='bbox 1403 4044 1433 4105; x_wconf 87' lang='lat' dir='ltr'><strong>Si</strong></span> <span class='ocrx_word' id='word_1_550' title='bbox 1463 4059 1567 4109; x_wconf 88' lang='lat' dir='ltr'><strong>autem</strong></span> <span class='ocrx_word' id='word_1_551' title='bbox 1596 4045 1662 4120; x_wconf 81' lang='lat' dir='ltr'><strong>quis</strong></span> <span class='ocrx_word' id='word_1_552' title='bbox 1690 4042 1774 4106; x_wconf 89' lang='lat' dir='ltr'><strong>dicat</strong></span> <span class='ocrx_word' id='word_1_553' title='bbox 1795 4086 1808 4119; x_wconf 91' lang='lat'><strong>,</strong></span> 
     </span>
     <span class='ocr_line' id='line_1_46' title="bbox 241 4116 1809 4206; baseline -0.001 -21"><span class='ocrx_word' id='word_1_554' title='bbox 241 4116 506 4202; x_wconf 72' lang='lat' dir='ltr'><strong>Pors·obli3et‚ut</strong></span> <span class='ocrx_word' id='word_1_555' title='bbox 527 4122 547 4186; x_wconf 90' lang='lat' dir='ltr'><strong>sr</strong></span> <span class='ocrx_word' id='word_1_556' title='bbox 568 4129 634 4202; x_wconf 83' lang='lat' dir='ltr'><strong>quis</strong></span> <span class='ocrx_word' id='word_1_557' title='bbox 666 4126 759 4191; x_wconf 88' lang='lat' dir='ltr'><strong>alicui</strong></span> <span class='ocrx_word' id='word_1_558' title='bbox 786 4126 919 4201; x_wconf 87' lang='lat' dir='ltr'><strong>cupienti</strong></span> <span class='ocrx_word' id='word_1_559' title='bbox 941 4143 1011 4199; x_wconf 92' lang='lat' dir='ltr'><strong>pro-</strong></span> <span class='ocrx_word' id='word_1_560' title='bbox 1045 4127 1114 4206; x_wconf 82' lang='lat' dir='ltr'><strong>lego</strong></span> <span class='ocrx_word' id='word_1_561' title='bbox 1137 4125 1235 4192; x_wconf 87' lang='lat' dir='ltr'><strong>Paulo</strong></span> <span class='ocrx_word' id='word_1_562' title='bbox 1262 4142 1368 4190; x_wconf 84' lang='lat' dir='ltr'><strong>aureos</strong></span> <span class='ocrx_word' id='word_1_563' title='bbox 1388 4124 1492 4188; x_wconf 85' lang='lat' dir='ltr'><strong>decem</strong></span> <span class='ocrx_word' id='word_1_564' title='bbox 1519 4166 1529 4201; x_wconf 89' lang='lat'><strong>,</strong></span> <span class='ocrx_word' id='word_1_565' title='bbox 1553 4143 1627 4201; x_wconf 85' lang='lat' dir='ltr'><strong>quos</strong></span> <span class='ocrx_word' id='word_1_566' title='bbox 1660 4121 1734 4185; x_wconf 90' lang='lat' dir='ltr'><strong>mibi</strong></span> <span class='ocrx_word' id='word_1_567' title='bbox 1759 4120 1809 4184; x_wconf 88' lang='lat' dir='ltr'><strong>de·</strong></span> 
     </span>
     <span class='ocr_line' id='line_1_47' title="bbox 241 4203 1808 4284; baseline -0.002 -19"><span class='ocrx_word' id='word_1_568' title='bbox 241 4204 360 4265; x_wconf 80' lang='lat' dir='ltr'><strong>moveri</strong></span> <span class='ocrx_word' id='word_1_569' title='bbox 385 4204 420 4264; x_wconf 85' lang='lat' dir='ltr'><strong>ad</strong></span> <span class='ocrx_word' id='word_1_570' title='bbox 450 4203 652 4269; x_wconf 77' lang='lat' dir='ltr'><strong>Dodloratum</strong></span> <span class='ocrx_word' id='word_1_571' title='bbox 672 4206 776 4281; x_wconf 83' lang='lat' dir='ltr'><strong>dicat,</strong></span> <span class='ocrx_word' id='word_1_572' title='bbox 798 4206 836 4267; x_wconf 95' lang='lat' dir='ltr'><strong>do</strong></span> <span class='ocrx_word' id='word_1_573' title='bbox 858 4203 912 4267; x_wconf 92' lang='lat' dir='ltr'><strong>tibi</strong></span> <span class='ocrx_word' id='word_1_574' title='bbox 937 4223 1011 4268; x_wconf 77' lang='lat' dir='ltr'><strong>ceu⁴</strong></span> <span class='ocrx_word' id='word_1_575' title='bbox 1043 4206 1097 4272; x_wconf 84' lang='lat' dir='ltr'><strong>bet</strong></span> <span class='ocrx_word' id='word_1_576' title='bbox 1117 4252 1136 4284; x_wconf 86' lang='lat'><strong>,·</strong></span> <span class='ocrx_word' id='word_1_577' title='bbox 1153 4228 1222 4273; x_wconf 88' lang='lat' dir='ltr'><strong>curn</strong></span> <span class='ocrx_word' id='word_1_578' title='bbox 1252 4210 1282 4272; x_wconf 85' lang='lat' dir='ltr'><strong>ei</strong></span> <span class='ocrx_word' id='word_1_579' title='bbox 1301 4205 1410 4270; x_wconf 83' lang='lat' dir='ltr'><strong>debeat</strong></span> <span class='ocrx_word' id='word_1_580' title='bbox 1433 4220 1574 4281; x_wconf 88' lang='lat' dir='ltr'><strong>centum,</strong></span> <span class='ocrx_word' id='word_1_581' title='bbox 1603 4224 1678 4266; x_wconf 90' lang='lat' dir='ltr'><strong>num</strong></span> <span class='ocrx_word' id='word_1_582' title='bbox 1700 4221 1808 4267; x_wconf 80' lang='lat' dir='ltr'><strong>omnes</strong></span> 
     </span>
     <span class='ocr_line' id='line_1_48' title="bbox 241 4280 1807 4373; baseline -0.001 -29"><span class='ocrx_word' id='word_1_583' title='bbox 241 4296 308 4345; x_wconf 89' lang='lat' dir='ltr'><strong>tum</strong></span> <span class='ocrx_word' id='word_1_584' title='bbox 335 4302 473 4348; x_wconf 77' lang='lat' dir='ltr'><strong>nummos</strong></span> <span class='ocrx_word' id='word_1_585' title='bbox 497 4334 505 4363; x_wconf 96' lang='lat'><strong>,</strong></span> <span class='ocrx_word' id='word_1_586' title='bbox 530 4303 565 4350; x_wconf 92' lang='lat' dir='ltr'><strong>ut</strong></span> <span class='ocrx_word' id='word_1_587' title='bbox 585 4283 732 4364; x_wconf 80' lang='lat' dir='ltr'><strong>expensas</strong></span> <span class='ocrx_word' id='word_1_588' title='bbox 747 4286 786 4352; x_wconf 93' lang='lat' dir='ltr'><strong>ad</strong></span> <span class='ocrx_word' id='word_1_589' title='bbox 810 4280 1012 4349; x_wconf 80' lang='lat' dir='ltr'><strong>Dodloratunr</strong></span> <span class='ocrx_word' id='word_1_590' title='bbox 1042 4304 1167 4352; x_wconf 84' lang='lat' dir='ltr'><strong>centum</strong></span> <span class='ocrx_word' id='word_1_591' title='bbox 1187 4283 1471 4362; x_wconf 81' lang='lat' dir='ltr'><strong>aurelintelligendi</strong></span> <span class='ocrx_word' id='word_1_592' title='bbox 1491 4280 1571 4373; x_wconf 76' lang='lat' dir='ltr'><strong>sint,</strong></span> <span class='ocrx_word' id='word_1_593' title='bbox 1587 4281 1807 4347; x_wconf 87' lang='lat' dir='ltr'><strong>attendendum</strong></span> 
     </span>
     <span class='ocr_line' id='line_1_49' title="bbox 241 4358 1808 4445; baseline -0.001 -20"><span class='ocrx_word' id='word_1_594' title='bbox 241 4358 451 4439; x_wconf 83' lang='lat' dir='ltr'><strong>capessendum</strong></span> <span class='ocrx_word' id='word_1_595' title='bbox 470 4363 801 4431; x_wconf 84' lang='lat' dir='ltr'><strong>necessariassullirrere</strong></span> <span class='ocrx_word' id='word_1_596' title='bbox 817 4364 1011 4441; x_wconf 65' lang='lat' dir='ltr'><strong>tueraCon·</strong></span> <span class='ocrx_word' id='word_1_597' title='bbox 1042 4364 1086 4431; x_wconf 89' lang='lat' dir='ltr'><strong>ell</strong></span> <span class='ocrx_word' id='word_1_598' title='bbox 1107 4386 1180 4439; x_wconf 86' lang='lat' dir='ltr'><strong>num</strong></span> <span class='ocrx_word' id='word_1_599' title='bbox 1199 4364 1417 4431; x_wconf 85' lang='lat' dir='ltr'><strong>demonstratio</strong></span> <span class='ocrx_word' id='word_1_600' title='bbox 1438 4365 1576 4443; x_wconf 78' lang='lat' dir='ltr'><strong>apposita</strong></span> <span class='ocrx_word' id='word_1_601' title='bbox 1623 4382 1643 4445; x_wconf 76' lang='lat' dir='ltr'><strong>p</strong></span> <span class='ocrx_word' id='word_1_602' title='bbox 1664 4383 1734 4425; x_wconf 88' lang='lat' dir='ltr'><strong>cum</strong></span> <span class='ocrx_word' id='word_1_603' title='bbox 1753 4381 1808 4425; x_wconf 84' lang='lat' dir='ltr'><strong>ex·</strong></span> 
     </span>
     <span class='ocr_line' id='line_1_50' title="bbox 241 4436 1807 4529; baseline -0.001 -24"><span class='ocrx_word' id='word_1_604' title='bbox 241 4436 356 4505; x_wconf 70' lang='lat' dir='ltr'><strong>ruilus</strong></span> <span class='ocrx_word' id='word_1_605' title='bbox 376 4442 558 4509; x_wconf 84' lang='lat' dir='ltr'><strong>admodum</strong></span> <span class='ocrx_word' id='word_1_606' title='bbox 578 4444 692 4525; x_wconf 79' lang='lat' dir='ltr'><strong>obligat</strong></span> <span class='ocrx_word' id='word_1_607' title='bbox 708 4445 811 4512; x_wconf 89' lang='lat' dir='ltr'><strong>llatim</strong></span> <span class='ocrx_word' id='word_1_608' title='bbox 824 4492 832 4521; x_wconf 91' lang='lat'><strong>,</strong></span> <span class='ocrx_word' id='word_1_609' title='bbox 845 4442 882 4509; x_wconf 74' lang='lat' dir='ltr'><strong>&#39;dc</strong></span> <span class='ocrx_word' id='word_1_610' title='bbox 898 4443 1009 4509; x_wconf 87' lang='lat' dir='ltr'><strong>nonest</strong></span> <span class='ocrx_word' id='word_1_611' title='bbox 1042 4445 1197 4527; x_wconf 80' lang='lat' dir='ltr'><strong>preffione·</strong></span> <span class='ocrx_word' id='word_1_612' title='bbox 1219 4447 1358 4518; x_wconf 88' lang='lat' dir='ltr'><strong>numeri,</strong></span> <span class='ocrx_word' id='word_1_613' title='bbox 1380 4444 1413 4507; x_wconf 82' lang='lat' dir='ltr'><strong>dt</strong></span> <span class='ocrx_word' id='word_1_614' title='bbox 1435 4463 1509 4508; x_wconf 90' lang='lat' dir='ltr'><strong>tunc</strong></span> <span class='ocrx_word' id='word_1_615' title='bbox 1530 4463 1589 4519; x_wconf 85' lang='lat' dir='ltr'><strong>qua</strong></span> <span class='ocrx_word' id='word_1_616' title='bbox 1708 4439 1807 4529; x_wconf 83' lang='lat' dir='ltr'><strong>solum</strong></span> 
     </span>
     <span class='ocr_line' id='line_1_51' title="bbox 241 4518 1805 4606; baseline 0.001 -23"><span class='ocrx_word' id='word_1_617' title='bbox 241 4518 368 4603; x_wconf 84' lang='lat' dir='ltr'><strong>irritur&#39;,</strong></span> <span class='ocrx_word' id='word_1_618' title='bbox 383 4521 708 4589; x_wconf 78' lang='lat' dir='ltr'><strong>etiamli‘modus-non</strong></span> <span class='ocrx_word' id='word_1_619' title='bbox 729 4526 921 4604; x_wconf 86' lang='lat' dir='ltr'><strong>impleatur,</strong></span> <span class='ocrx_word' id='word_1_620' title='bbox 936 4522 1007 4588; x_wconf 83' lang='lat' dir='ltr'><strong>nili</strong></span> <span class='ocrx_word' id='word_1_621' title='bbox 1044 4526 1114 4592; x_wconf 88' lang='lat' dir='ltr'><strong>talis</strong></span> <span class='ocrx_word' id='word_1_622' title='bbox 1137 4530 1256 4606; x_wconf 80' lang='lat' dir='ltr'><strong>pomeri</strong></span> <span class='ocrx_word' id='word_1_623' title='bbox 1287 4523 1494 4600; x_wconf 88' lang='lat' dir='ltr'><strong>consequenda</strong></span> <span class='ocrx_word' id='word_1_624' title='bbox 1514 4526 1556 4587; x_wconf 81' lang='lat' dir='ltr'><strong>eli</strong></span> <span class='ocrx_word' id='word_1_625' title='bbox 1580 4545 1597 4586; x_wconf 88' lang='lat' dir='ltr'><strong>a</strong></span> <span class='ocrx_word' id='word_1_626' title='bbox 1680 4524 1805 4596; x_wconf 84' lang='lat' dir='ltr'><strong>aterio,</strong></span> 
     </span>
     <span class='ocr_line' id='line_1_52' title="bbox 241 4597 1805 4682; baseline -0.001 -17"><span class='ocrx_word' id='word_1_627' title='bbox 241 4601 392 4679; x_wconf 83' lang='lat' dir='ltr'><strong>tpposrtus</strong></span> <span class='ocrx_word' id='word_1_628' title='bbox 407 4597 446 4665; x_wconf 80' lang='lat' dir='ltr'><strong>stt</strong></span> <span class='ocrx_word' id='word_1_629' title='bbox 462 4600 515 4667; x_wconf 88' lang='lat' dir='ltr'><strong>sub</strong></span> <span class='ocrx_word' id='word_1_630' title='bbox 534 4605 746 4670; x_wconf 83' lang='lat' dir='ltr'><strong>annullatione</strong></span> <span class='ocrx_word' id='word_1_631' title='bbox 761 4607 946 4682; x_wconf 71' lang='lat' dir='ltr'><strong>donationis,</strong></span> <span class='ocrx_word' id='word_1_632' title='bbox 955 4605 1006 4669; x_wconf 89' lang='lat' dir='ltr'><strong>vel</strong></span> <span class='ocrx_word' id='word_1_633' title='bbox 1044 4608 1096 4671; x_wconf 87' lang='lat' dir='ltr'><strong>vel</strong></span> <span class='ocrx_word' id='word_1_634' title='bbox 1118 4604 1297 4682; x_wconf 86' lang='lat' dir='ltr'><strong>donatario,</strong></span> <span class='ocrx_word' id='word_1_635' title='bbox 1312 4602 1347 4668; x_wconf 89' lang='lat'>&amp;</span> <span class='ocrx_word' id='word_1_636' title='bbox 1362 4624 1423 4669; x_wconf 88' lang='lat' dir='ltr'><strong>non</strong></span> <span class='ocrx_word' id='word_1_637' title='bbox 1444 4602 1528 4681; x_wconf 82' lang='lat' dir='ltr'><strong>plus,</strong></span> <span class='ocrx_word' id='word_1_638' title='bbox 1547 4624 1617 4667; x_wconf 86' lang='lat' dir='ltr'><strong>cum</strong></span> <span class='ocrx_word' id='word_1_639' title='bbox 1638 4618 1713 4667; x_wconf 90' lang='lat' dir='ltr'><strong>tunc</strong></span> <span class='ocrx_word' id='word_1_640' title='bbox 1730 4621 1805 4678; x_wconf 57' lang='lat' dir='ltr'><strong>conr</strong></span> 
     </span>
     <span class='ocr_line' id='line_1_53' title="bbox 241 4670 1810 4764; baseline -0.002 -19"><span class='ocrx_word' id='word_1_641' title='bbox 241 4680 360 4763; x_wconf 70' lang='lat' dir='ltr'><strong>legati3</strong></span> <span class='ocrx_word' id='word_1_642' title='bbox 378 4701 415 4745; x_wconf 87' lang='lat' dir='ltr'><strong>ut</strong></span> <span class='ocrx_word' id='word_1_643' title='bbox 434 4681 538 4761; x_wconf 77' lang='lat' dir='ltr'><strong>siquis</strong></span> <span class='ocrx_word' id='word_1_644' title='bbox 559 4681 836 4761; x_wconf 79' lang='lat' dir='ltr'><strong>legaveritcertam</strong></span> <span class='ocrx_word' id='word_1_645' title='bbox 851 4684 1012 4763; x_wconf 75' lang='lat' dir='ltr'><strong>summam,</strong></span> <span class='ocrx_word' id='word_1_646' title='bbox 1042 4682 1103 4752; x_wconf 82' lang='lat' dir='ltr'><strong>stet</strong></span> <span class='ocrx_word' id='word_1_647' title='bbox 1118 4704 1255 4751; x_wconf 87' lang='lat' dir='ltr'><strong>mentem</strong></span> <span class='ocrx_word' id='word_1_648' title='bbox 1272 4685 1419 4764; x_wconf 79' lang='lat' dir='ltr'><strong>legantis,</strong></span> <span class='ocrx_word' id='word_1_649' title='bbox 1444 4683 1492 4745; x_wconf 84' lang='lat' dir='ltr'><strong>vel</strong></span> <span class='ocrx_word' id='word_1_650' title='bbox 1514 4670 1660 4752; x_wconf 61' lang='lat' dir='ltr'><strong>donantu</strong></span> <span class='ocrx_word' id='word_1_651' title='bbox 1687 4678 1775 4745; x_wconf 87' lang='lat' dir='ltr'><strong>fuisse</strong></span> <span class='ocrx_word' id='word_1_652' title='bbox 1797 4724 1810 4757; x_wconf 87' lang='lat'><strong>,</strong></span> 
     </span>
    </p>
   </div>
   <div class='ocr_carea' id='block_1_2' title="bbox 241 4758 1815 5087">
    <p class='ocr_par' dir='ltr' id='par_1_2' title="bbox 241 4758 1815 5087">
     <span class='ocr_line' id='line_1_54' title="bbox 241 4758 1810 4845; baseline -0.002 -20"><span class='ocrx_word' id='word_1_653' title='bbox 241 4780 272 4827; x_wconf 84' lang='lat' dir='ltr'><strong>rt</strong></span> <span class='ocrx_word' id='word_1_654' title='bbox 294 4760 395 4825; x_wconf 80' lang='lat' dir='ltr'><strong>Milsae</strong></span> <span class='ocrx_word' id='word_1_655' title='bbox 413 4763 605 4828; x_wconf 82' lang='lat' dir='ltr'><strong>celebrentur</strong></span> <span class='ocrx_word' id='word_1_656' title='bbox 616 4763 778 4844; x_wconf 64' lang='lat' dir='ltr'><strong>,paredo</strong></span> <span class='ocrx_word' id='word_1_657' title='bbox 798 4767 928 4845; x_wconf 77' lang='lat' dir='ltr'><strong>legantir</strong></span> <span class='ocrx_word' id='word_1_658' title='bbox 944 4787 1006 4829; x_wconf 92' lang='lat' dir='ltr'><strong>non</strong></span> <span class='ocrx_word' id='word_1_659' title='bbox 1043 4783 1159 4832; x_wconf 87' lang='lat' dir='ltr'><strong>utnon</strong></span> <span class='ocrx_word' id='word_1_660' title='bbox 1179 4767 1243 4843; x_wconf 85' lang='lat' dir='ltr'><strong>plus</strong></span> <span class='ocrx_word' id='word_1_661' title='bbox 1259 4763 1315 4828; x_wconf 89' lang='lat' dir='ltr'><strong>tali</strong></span> <span class='ocrx_word' id='word_1_662' title='bbox 1336 4761 1471 4840; x_wconf 78' lang='lat' dir='ltr'><strong>personat</strong></span> <span class='ocrx_word' id='word_1_663' title='bbox 1490 4763 1675 4840; x_wconf 73' lang='lat' dir='ltr'><strong>donatetur,</strong></span> <span class='ocrx_word' id='word_1_664' title='bbox 1696 4782 1718 4823; x_wconf 88' lang='lat' dir='ltr'><strong>v</strong></span> <span class='ocrx_word' id='word_1_665' title='bbox 1739 4758 1810 4823; x_wconf 84' lang='lat' dir='ltr'><strong>lde·</strong></span> 
     </span>
     <span class='ocr_line' id='line_1_55' title="bbox 241 4780 1806 4931; baseline -0.004 -24"><span class='ocrx_word' id='word_1_666' title='bbox 241 4840 359 4917; x_wconf 81' lang='lat' dir='ltr'><strong>possunt</strong></span> <span class='ocrx_word' id='word_1_667' title='bbox 376 4845 417 4905; x_wconf 90' lang='lat' dir='ltr'><strong>rei</strong></span> <span class='ocrx_word' id='word_1_668' title='bbox 436 4842 546 4922; x_wconf 78' lang='lat' dir='ltr'><strong>legatae</strong></span> <span class='ocrx_word' id='word_1_669' title='bbox 568 4841 774 4931; x_wconf 82' lang='lat' dir='ltr'><strong>possessiouem</strong></span> <span class='ocrx_word' id='word_1_670' title='bbox 793 4842 845 4908; x_wconf 85' lang='lat' dir='ltr'><strong>irbi</strong></span> <span class='ocrx_word' id='word_1_671' title='bbox 863 4842 1008 4911; x_wconf 84' lang='lat' dir='ltr'><strong>vendica·</strong></span> <span class='ocrx_word' id='word_1_672' title='bbox 1043 4846 1222 4911; x_wconf 87' lang='lat' dir='ltr'><strong>moollratio</strong></span> <span class='ocrx_word' id='word_1_673' title='bbox 1241 4843 1377 4922; x_wconf 81' lang='lat' dir='ltr'><strong>appofita</strong></span> <span class='ocrx_word' id='word_1_674' title='bbox 1400 4843 1444 4908; x_wconf 88' lang='lat' dir='ltr'><strong>est</strong></span> <span class='ocrx_word' id='word_1_675' title='bbox 1475 4780 1806 4907; x_wconf 53' lang='lat' dir='ltr'><strong>demonstrativeban-</strong></span> 
     </span>
     <span class='ocr_line' id='line_1_56' title="bbox 241 4920 1815 5007; baseline -0.005 -19"><span class='ocrx_word' id='word_1_676' title='bbox 241 4942 268 4988; x_wconf 70' lang='lat' dir='ltr'><strong>u</strong></span> <span class='ocrx_word' id='word_1_677' title='bbox 305 4942 344 4986; x_wconf 86' lang='lat' dir='ltr'><strong>eo</strong></span> <span class='ocrx_word' id='word_1_678' title='bbox 360 4940 518 4999; x_wconf 68' lang='lat' dir='ltr'><strong>pretextu</strong></span> <span class='ocrx_word' id='word_1_679' title='bbox 536 4925 615 5003; x_wconf 85' lang='lat' dir='ltr'><strong>quod</strong></span> <span class='ocrx_word' id='word_1_680' title='bbox 637 4944 700 4989; x_wconf 88' lang='lat' dir='ltr'><strong>non</strong></span> <span class='ocrx_word' id='word_1_681' title='bbox 718 4920 859 4989; x_wconf 86' lang='lat' dir='ltr'><strong>servetur</strong></span> <span class='ocrx_word' id='word_1_682' title='bbox 876 4923 1007 5002; x_wconf 74' lang='lat' dir='ltr'><strong>modus,</strong></span> <span class='ocrx_word' id='word_1_683' title='bbox 1043 4926 1181 5007; x_wconf 84' lang='lat' dir='ltr'><strong>tum,&amp;</strong></span> <span class='ocrx_word' id='word_1_684' title='bbox 1207 4943 1281 4988; x_wconf 88' lang='lat' dir='ltr'><strong>tuuc</strong></span> <span class='ocrx_word' id='word_1_685' title='bbox 1309 4942 1413 4990; x_wconf 90' lang='lat' dir='ltr'><strong>totum</strong></span> <span class='ocrx_word' id='word_1_686' title='bbox 1438 4920 1564 4986; x_wconf 85' lang='lat' dir='ltr'><strong>debetur</strong></span> <span class='ocrx_word' id='word_1_687' title='bbox 1590 4922 1669 4999; x_wconf 89' lang='lat' dir='ltr'><strong>quod</strong></span> <span class='ocrx_word' id='word_1_688' title='bbox 1690 4920 1815 4983; x_wconf 64' lang='lat' dir='ltr'><strong>demon*</strong></span> 
     </span>
     <span class='ocr_line' id='line_1_57' title="bbox 241 4970 1254 5087; baseline -0.004 -18"><span class='ocrx_word' id='word_1_689' title='bbox 241 4970 289 5069; x_wconf 70' lang='lat' dir='ltr'><strong>Ted</strong></span> <span class='ocrx_word' id='word_1_690' title='bbox 304 5018 428 5067; x_wconf 87' lang='lat' dir='ltr'><strong>tantum</strong></span> <span class='ocrx_word' id='word_1_691' title='bbox 445 5002 555 5069; x_wconf 87' lang='lat' dir='ltr'><strong>babent</strong></span> <span class='ocrx_word' id='word_1_692' title='bbox 577 5009 624 5070; x_wconf 79' lang='lat' dir='ltr'><strong>ius</strong></span> <span class='ocrx_word' id='word_1_693' title='bbox 648 5005 686 5069; x_wconf 82' lang='lat' dir='ltr'><strong>ad</strong></span> <span class='ocrx_word' id='word_1_694' title='bbox 705 5004 871 5087; x_wconf 74' lang='lat' dir='ltr'><strong>cogendum</strong></span> <span class='ocrx_word' id='word_1_695' title='bbox 892 5004 1013 5083; x_wconf 73' lang='lat' dir='ltr'><strong>legrra-</strong></span> <span class='ocrx_word' id='word_1_696' title='bbox 1043 5004 1173 5072; x_wconf 82' lang='lat' dir='ltr'><strong>slratum</strong></span> <span class='ocrx_word' id='word_1_697' title='bbox 1187 5003 1254 5067; x_wconf 53' lang='lat' dir='ltr'><strong>est«</strong></span> 
     </span>
    </p>
   </div>
   <div class='ocr_carea' id='block_1_3' title="bbox 241 5076 1816 5225">
    <p class='ocr_par' dir='ltr' id='par_1_3' title="bbox 241 5076 1816 5225">
     <span class='ocr_line' id='line_1_58' title="bbox 241 5076 1816 5225; baseline -0.004 -76"><span class='ocrx_word' id='word_1_698' title='bbox 241 5086 314 5149; x_wconf 77' lang='lat' dir='ltr'><strong>rium</strong></span> <span class='ocrx_word' id='word_1_699' title='bbox 333 5132 344 5164; x_wconf 93' lang='lat'><strong>,</strong></span> <span class='ocrx_word' id='word_1_700' title='bbox 375 5102 411 5148; x_wconf 89' lang='lat' dir='ltr'><strong>ut</strong></span> <span class='ocrx_word' id='word_1_701' title='bbox 431 5084 539 5151; x_wconf 77' lang='lat' dir='ltr'><strong>Missae</strong></span> <span class='ocrx_word' id='word_1_702' title='bbox 551 5084 722 5193; x_wconf 60' lang='lat' dir='ltr'><strong>folcbret,</strong></span> <span class='ocrx_word' id='word_1_703' title='bbox 743 5104 799 5152; x_wconf 87' lang='lat' dir='ltr'><strong>aut</strong></span> <span class='ocrx_word' id='word_1_704' title='bbox 822 5101 909 5151; x_wconf 83' lang='lat' dir='ltr'><strong>curet</strong></span> <span class='ocrx_word' id='word_1_705' title='bbox 927 5084 1011 5149; x_wconf 56' lang='lat' dir='ltr'><strong>cele‘</strong></span> <span class='ocrx_word' id='word_1_706' title='bbox 1056 5132 1062 5141; x_wconf 87' lang='lat'><em>.</em></span> <span class='ocrx_word' id='word_1_707' title='bbox 1076 5084 1133 5159; x_wconf 69' lang='lat' dir='ltr'><strong>Ad</strong></span> <span class='ocrx_word' id='word_1_708' title='bbox 1151 5083 1383 5165; x_wconf 75' lang='lat' dir='ltr'><strong>dignoscendum</strong></span> <span class='ocrx_word' id='word_1_709' title='bbox 1403 5102 1569 5225; x_wconf 63' lang='lat' dir='ltr'><strong>ueroLnum</strong></span> <span class='ocrx_word' id='word_1_710' title='bbox 1587 5096 1694 5146; x_wconf 81' lang='lat' dir='ltr'><strong>taxare</strong></span> <span class='ocrx_word' id='word_1_711' title='bbox 1706 5076 1816 5221; x_wconf 51' lang='lat' dir='ltr'><strong>lolerrlrn,</strong></span> 
     </span>
    </p>
   </div>
   <div class='ocr_carea' id='block_1_4' title="bbox 0 0 2218 6000">
    <p class='ocr_par' dir='ltr' id='par_1_4' title="bbox 0 0 2218 6000">
     <span class='ocr_line' id='line_1_59' title="bbox 0 0 2218 6000; baseline 0 5"><span class='ocrx_word' id='word_1_712' title='bbox 0 0 2218 6000; x_wconf 95' lang='lat' dir='ltr'><strong> </strong></span> 
     </span>
    </p>
   </div>
  </div>
 </body>
</html>
