4425 6000
482 541 489 557 Ο
544 400 1489 571 0Tarcr.oe(Journaor.Crr.sl,
1678 408 1751 561 ,Β

230 544 337 629 potest
353 561 394 611 ert
414 540 529 622 sindro,
543 540 690 609 rnduslrra
708 541 780 625 ,vel
801 539 904 605 labore
919 559 1001 605 circa

231 624 373 693 eamdem
392 623 544 702 adhibito,
568 622 658 690 &sic
675 628 706 686 in
726 622 783 689 tali
797 619 866 686 casu
881 638 943 683 non
954 637 1002 684 te·
1366 630 1395 697 §-
1436 626 1475 691 γ,

231 724 331 775 netur
362 725 434 770 eum
462 704 630 846 admonet?
659 704 697 823 ‘se
726 704 836 799 ,ΜῙΨῙ
865 699 974 845 νᾶιοὶξ
990 740 1001 775 ”
1037 746 1079 807 De
1097 734 1214 821 cirrffir,
1234 760 1298 821 quae
1314 740 1413 824 poffirrl
1435 741 1591 827 excusare,
1603 688 1803 835 fi'rcsplurr'a

229 806 324 881 quem
344 804 392 873 rea
411 804 452 850 ex
467 806 533 851 ems
548 804 607 859 ‘1⁰³
623 802 699 850 ΠΜ
724 805 755 847 ¹⁰
780 802 845 847 0¹¹⁸
864 800 946 871 Μ’
967 801 1001 845 ⁰⁵
1111 822 1285 898 mudantur
1322 822 1374 889 ircl
1387 820 1488 889 minus
1507 846 1597 905 quam
1617 833 1727 901 valent

233 882 392 949 acqurrere
413 862 531 945 potest.
1294 871 1303 903 ’

180 949 216 997 Ὀ·
275 948 367 1011 Circa
387 965 434 1011 res
455 963 531 1013 vero
546 968 613 1024 quae
635 942 812 1012 venduntur
828 940 881 1009 sub
897 940 1007 1025 hasla,
1339 916 1495 976 ‘'nam'‘

180 1016 334 1115 {mvulgo
352 1024 406 1091 all*
425 1024 563 1105 lacento,
587 1028 687 1105 pretio
706 1023 813 1089 oblato
832 1022 871 1088 ab
886 1039 1002 1115 empto·
1077 1016 1217 1084 Tametsi
1240 1040 1395 1115 nunquam
1415 1020 1511 1091 liceat
1527 1044 1591 1093 rem
1610 1026 1706 1107 plutis
1724 1052 1803 1099 ven.

180 1128 213 1183 rb
232 1110 316 1176 ribus
338 1122 399 1183 ,ut
420 1102 458 1171 fit
476 1109 507 1171 in
519 1106 643 1185 publicio
663 1102 867 1181 auslionibut,
886 1122 947 1167 emi
967 1097 1002 1167 dt
1035 1098 1127 1176 dere,
1148 1101 1196 1165 vel
1217 1122 1341 1165 minoris
1361 1121 1463 1169 emere
1483 1124 1573 1183 quam
1592 1105 1641 1175 hie
1665 1108 1700 1177 dt
1718 1131 1802 1179 nunc

180 1226 185 1247 ·
230 1186 331 1257 vendi
352 1186 475 1263 possunt
494 1187 595 1267 insta,
611 1186 662 1252 vel
683 1184 770 1262 supra
780 1186 913 1261 pretium
932 1181 1002 1245 vul·
1035 1180 1174 1245 omnibus
1192 1178 1330 1258 inspeslir
1347 1182 1454 1262 valet,
1475 1184 1551 1249 aliar
1575 1207 1639 1253 non
1668 1188 1803 1258 servare·

232 1287 327 1353 gare,
342 1267 414 1343 quia
429 1286 533 1331 entent
547 1265 582 1332 δι
600 1264 734 1331 vendens
750 1259 1001 1339 sufficienterhoc
1036 1274 1087 1323 tur
1107 1261 1269 1337 equalitas
1291 1258 1417 1329 iussitiae
1436 1266 1518 1328 inter
1533 1286 1664 1337 mercem
1678 1270 1714 1337 ἃ
1733 1294 1803 1349 pre·

257 1348 338 1414 retio
357 1347 499 1411 contenti
520 1342 784 1425 sunt,tumquia
802 1340 932 1420 poteslas
948 1362 1001 1419 pu·
1037 1342 1117 1404 tium
1158 1340 1269 1418 aliquae
1298 1360 1427 1421 tamen,
1446 1341 1480 1410 dt
1505 1348 1603 1417 rariz
1623 1346 1693 1415 lunt
1715 1350 1802 1417 taul-

256 1430 314 1493 lica
344 1423 419 1487 illud
449 1446 502 1503 pro
525 1424 605 1490 iulio
633 1426 733 1511 pretio
760 1420 999 1489 extraordinarii
1035 1388 1150 1495 saesob
1164 1441 1237 1498 quar
1254 1419 1349 1498 pluria
1368 1425 1483 1499 vendi,
1502 1423 1538 1489 dt
1557 1428 1658 1491 minus
1677 1450 1726 1495 rer
1741 1437 1802 1495 emi

233 1502 360 1573 huiusce
377 1498 438 1569 sori
466 1502 609 1571 aestimari
639 1502 771 1582 censet,
797 1502 875 1581 quod
895 1502 928 1565 in
948 1522 1001 1576 pu·
1037 1498 1132 1577 potest
1157 1522 1248 1577 quam
1269 1500 1407 1579 alioquin
1428 1504 1516 1569 valet
1536 1511 1635 1581 pretio
1656 1510 1803 1589 vulgari,

231 1587 317 1653 blico
336 1600 510 1661 emptorum
525 1585 674 1651 concursu
702 1600 848 1661 tanquam
873 1582 907 1645 in
926 1600 1001 1658 quo·
1036 1583 1109 1657 quin
1125 1578 1165 1644 ob
1192 1580 1260 1645 illat
1278 1580 1391 1665 pluris,
1410 1583 1463 1650 vel
1491 1586 1617 1657 minoris
1636 1586 1804 1655 estimatur

233 1666 305 1733 dam
315 1664 457 1730 examine
472 1665 672 1746 approbatum
688 1659 799 1728 fuerit.
821 1660 1002 1728 Cavendum
1038 1658 1171 1738 quamsi
1190 1680 1253 1725 non
1272 1662 1386 1730 essent.

233 1764 371 1821 cirinen,
390 1764 429 1807 ne
449 1746 662 1810 interveniant
680 1740 762 1808 fraus
782 1790 792 1823 ,
818 1760 873 1807 aut
889 1740 975 1804 dolus
991 1787 1000 1817 ,
1075 1739 1195 1806 Caussae
1214 1759 1319 1805 autern
1335 1742 1427 1818 plu'rir
1448 1744 1597 1809 vendendi
1618 1747 1803 1816 iuxtacom·
1848 1761 1947 1817 crolle

233 1846 305 1905 quae
327 1826 358 1889 in
379 1821 458 1889 hisce
475 1823 702 1891 venditionibus
721 1824 825 1889 multis
847 1818 998 1887 modirad·
1035 1841 1177 1900 munem,
1199 1820 1247 1885 hae
1266 1820 1357 1886 sunt:
1383 1826 1480 1899 prima
1496 1830 1579 1889 ratio
1595 1825 1671 1891 lucri
1687 1828 1803 1894 celsan-
1819 1826 1946 1878 utrim-

231 1908 298 1972 elie
312 1902 431 1982 solent,
451 1921 487 1968 ut
508 1903 528 1967 sr
550 1904 696 1971 venditor
715 1902 851 1968 occultos
870 1894 1001 1995 deseflur
1037 1904 1097 1995 tis,
1117 1899 1151 1966 bc
1171 1899 1273 1995 damni
1288 1908 1489 1983 emergentis,
1507 1904 1801 1974 deducitededncen·
1818 1904 1944 2003 ffi‘e‘·

233 1988 280 2051 rei
300 1978 449 2061 exposite
464 1983 571 2064 celer3
591 1984 611 2047 sr
632 1988 741 2049 mittat
761 1981 845 2047 fiilos
862 1982 1001 2045 lrcrtato-
1035 1981 1098 2058 drr,
1118 1997 1193 2058 puta
1218 1978 1240 2043 sr
1265 1985 1445 2059 ingratiam
1473 1984 1600 2049 alterins
1617 2033 1628 2064 ,
1648 2004 1684 2051 ut
1704 2008 1800 2057 antea
1811 2014 1911 2079 κῆρι...

229 2082 305 2143 rer,
326 2069 379 2141 qui
401 2059 430 2128 se
450 2082 601 2142 emptores
621 2064 681 2129 esse
702 2063 865 2136 simulent,
885 2078 921 2125 ut
934 2078 999 2137 pre·
1035 2062 1096 2125 iam
1116 2062 1292 2147 attigimus,
1312 2061 1428 2156 yendar
1451 2084 1603 2141 mercem,
1628 2087 1720 2143 quant
1739 2068 1796 2135 lla·
1810 2084 1844 2130 nr
1860 2094 1942 2144 ann

235 2147 318 2211 tium
338 2162 507 2227 rupertum
529 2143 743 2222 srproxenetae
765 2163 810 2207 rer
830 2160 868 2205 eo
885 2158 1000 2217 rempo-
1036 2158 1138 2206 tueras
1167 2140 1288 2205 serrare
1312 2161 1346 2203 rn
1370 2141 1453 2205 alind
1479 2161 1596 2222 ternpus
1618 2167 1705 2224 ,quo
1732 2148 1800 2225 plur
1815 2142 1938 2199 nient·

233 2242 270 2291 re
292 2222 466 2289 vendendas
482 2241 654 2303 proponant
673 2272 684 2303 ,
708 2242 769 2301 quo
797 2217 998 2299 praesentiunt
1035 2219 1231 2312 probabiliter
1252 2218 1391 2286 valitura
1412 2221 1469 2299 sit,
1488 2244 1527 2289 err
1543 2242 1605 2304 rap.
1622 2224 1805 2306 aledeasu-

230 2322 347 2381 pautoe
367 2300 486 2370 futuror
505 2323 657 2381 emptores
677 2353 685 2382 ,
711 2320 746 2368 ut
761 2322 809 2392 rer
829 2302 865 2363 iir
885 2297 999 2365 adiudi·
1033 2320 1100 2377 ru,
1119 2298 1212 2364 autsr
1233 2300 1348 2364 vendas
1361 2321 1512 2379 mercem,
1531 2324 1622 2381 quam
1642 2306 1803 2382 polleaca·

232 2400 348 2449 centur
370 2384 479 2461 quibus
496 2380 601 2448 favere
621 2384 733 2450 volunt
751 2404 762 2462 3
788 2383 808 2443 ir
825 2379 998 2456 monopolia
1036 2384 1098 2445 riur
1122 2399 1222 2445 emere
1252 2384 1392 2457 cogeris,
1418 2386 1488 2458 quia
1514 2402 1588 2449 tunc
1608 2402 1720 2463 praeter
1735 2406 1801 2464 pre·

226 2458 373 2542 ¹saciant,
393 2462 541 2541 simulque
560 2466 775 2541 conveniant,
793 2458 999 2526 neullurtale
1035 2463 1114 2526 tium
1145 2462 1188 2524 rei
1218 2481 1342 2524 currens
1364 2460 1465 2539 potest
1491 2467 1572 2543 exigi
1591 2465 1800 2543 compensatio

204 2617 206 2621 ¹
229 2543 368 2621 pretium
387 2541 595 2622 transcendat,
619 2561 654 2608 ut
677 2563 723 2609 rer
740 2542 796 2607 vili
816 2543 915 2618 pretio
923 2559 999 2602 ven·
1035 2538 1159 2605 iasturar
1173 2540 1250 2605 lucri
1267 2537 1400 2619 sperati,
1415 2540 1450 2607 ἀ
1466 2542 1587 2621 damni,
1602 2545 1683 2620 quod
1702 2564 1743 2611 ex
1755 2548 1799 2609 rei

232 2622 343 2688 datur.
362 2622 436 2688 Non
456 2621 562 2689 desunt
583 2641 687 2689 tamen
708 2626 759 2700 qui
779 2618 999 2695 conprensam,
1035 2621 1222 2685 alienatione
1244 2618 1407 2697 sequitur.
1435 2622 1539 2687 Nemo
1565 2627 1648 2689 enim
1673 2640 1801 2689 tenetur

232 2702 286 2779 qui
306 2720 416 2782 rogant
438 2706 549 2767 amicos
591 2723 630 2767 ne
650 2703 715 2783 plui
735 2719 821 2767 certa
841 2701 999 2778 quantita·
1034 2721 1074 2765 ex
1094 2698 1208 2765 iullitia
1240 2700 1375 2765 vendere
1401 2723 1472 2766 cum
1498 2698 1554 2766 suo
1581 2703 1710 2784 damno,
1728 2724 1799 2768 cum

232 2796 269 2847 te
290 2778 443 2863 offerant,
464 2801 500 2847 ut
520 2751 572 2859 ips
590 2780 667 2855 iusso
685 2785 805 2860 pretio,
825 2778 931 2843 infimo
951 2796 998 2841 ta·
1035 2800 1140 2843 tamen
1159 2798 1178 2842 a
1197 2779 1361 2844 venditore
1387 2782 1497 2845 mercii
1517 2783 1687 2859 anticipata
1707 2784 1800 2858 pretii

232 2880 326 2939 men,
347 2878 402 2927 aut
417 2862 559 2927 mediocri
578 2882 642 2925 rern
659 2860 800 2937 consequi
822 2856 949 2935 possint.
1034 2861 1154 2921 maioris
1175 2861 1336 2923 taxatione
1351 2858 1533 2925 deducenda
1553 2858 1614 2924 sint
1633 2858 1799 2939 expensae,

180 2972 211 3012 u·
275 2940 420 3012 Vendens
444 2943 526 3007 ultra
549 2944 682 3019 pretium
721 2938 831 3005 iulium
858 2956 922 3002 non
946 2954 998 3006 ex·
1033 2958 1106 3015 quas
1135 2935 1197 3018 ipse
1225 2934 1323 3002 faeere
1349 2936 1498 3006 debuisset
1525 2938 1563 3006 ad
1579 2938 1709 3006 'nrercer
1737 2939 1799 3006 ser·

181 3043 193 3078 r
223 3021 356 3094 cusator
376 3041 417 3086 eo
441 3021 521 3099 quod
543 3011 648 3106 enlm
668 3019 753 3084 ultro
780 3017 845 3088 tale
865 3015 1010 3098 pretium
1034 3016 1150 3082 vendas
1167 3014 1262 3094 usque
1283 3017 1321 3082 ad
1342 3035 1479 3098 tempus,
1503 3019 1729 3099 &computati
1749 3022 1798 3088 de·

180 3103 198 3139 ¹⁸
227 3105 257 3166 ei
276 3101 407 3168 osserar.
431 3099 481 3164 Eli
500 3103 690 3178 cornminus,
709 3101 778 3177 quia
793 3113 914 3174 emptor
934 3114 996 3157 non
1031 3097 1102 3161 beat
1118 3094 1182 3162 aelli
1237 3098 1515 3177 tiodiminutionir,
1527 3101 1797 3181 deteriorationis,

180 3229 196 3265 2
229 3181 307 3250 vult
326 3181 490 3246 liberaliter
505 3180 621 3244 donare
641 3179 794 3244 excessum
809 3171 997 3254 pretiiiulli,
1031 3176 1066 3241 ἀ
1085 3175 1211 3256 periculi
1251 3177 1351 3242 uiusce
1370 3178 1526 3244 mercirad
1546 3179 1604 3244 hoc
1620 3181 1801 3260 usipuetem·

224 3257 280 3332 sed
301 3255 396 3326 solum
419 3280 522 3325 emere
543 3307 552 3339 ,
583 3259 616 3325 ἀ
646 3256 765 3324 solvere
794 3256 903 3320 iulium
933 3273 996 3329 pre·
1034 3278 1085 3333 pus
1106 3253 1282 3334 servandae,
1298 3257 1374 3322 alias
1393 3279 1456 3322 non
1476 3257 1653 3330 servaretur
1672 3261 1802 3340 aequali·

180 3355 208 3392 ω
226 3341 330 3406 tiron.
360 3341 467 3415 Quare
495 3360 556 3403 non
585 3337 678 3404 offert
704 3337 858 3404 excessum
886 3333 940 3397 nisi
957 3353 996 3396 ex
1033 3356 1100 3414 tar,
1120 3357 1156 3401 ac
1180 3339 1305 3414 proinde
1334 3340 1470 3417 exigeret
1491 3339 1574 3406 ultra
1603 3335 1688 3407 suam
1713 3341 1799 3406 inde-

180 3435 182 3442 ‘
225 3433 337 3488 errore
354 3420 487 3484 tollente
507 3419 719 3484 voluntarium
738 3466 746 3495 ,
767 3417 818 3480 vel
838 3436 878 3479 ex
894 3409 995 3478 neces·
1031 3419 1212 3495 multarem,
1233 3437 1269 3480 ac
1292 3416 1364 3482 ideo
1387 3418 1561 3496 plusquam
1586 3419 1641 3497 ipsi
1660 3420 1798 3488 debitum

225 3497 343 3578 srtate,
362 3517 418 3564 aut
438 3497 545 3563 affeetu
562 3502 708 3577 emptoris
724 3516 794 3575 erga
816 3515 880 3560 rem
904 3493 997 3568 illam,
1032 3495 1134 3574 esset,
1158 3499 1229 3572 qula
1248 3498 1387 3573 erigeret
1409 3515 1512 3564 torum
1535 3500 1654 3564 lucrum
1681 3499 1798 3566 cedant

180 3575 189 3588 “
227 3597 300 3657 quae
320 3598 430 3660 augere
452 3594 608 3656 nequeunt
623 3581 753 3657 pretium
773 3579 880 3640 rnercir
897 3573 995 3664 quoad
1032 3595 1093 3638 non
1108 3572 1334 3655 compensando
1348 3577 1513 3657 damnum,
1533 3597 1587 3643 aut
1607 3580 1801 3657 periculum,

230 3657 426 3726 venditorem
446 3707 454 3738 ,
475 3681 546 3725 curn
566 3655 624 3723 srnt
644 3674 816 3734 exparte,
843 3652 878 3719 ἀ
895 3653 996 3717 condr·
1030 3656 1079 3720 cui
1101 3651 1329 3733 succumberet,
1347 3654 1369 3720 si
1386 3677 1501 3723 merces
1520 3658 1571 3723 sua
1589 3655 1710 3724 servata
1726 3655 1801 3726 suis·

230 3741 322 3806 tione
338 3741 502 3817 emptoria.
530 3739 560 3802 Si
591 3756 695 3803 tamen
724 3736 877 3800 conllaret
900 3735 996 3814 mapi-
1033 3735 1097 3811 set,
1118 3753 1228 3810 errquo
1245 3737 1385 3799 immunir
1404 3736 1447 3800 esi
1467 3757 1536 3801 eam
1556 3736 1737 3804 vendendo.

230 3815 308 3886 sesso
321 3819 473 3884 excessum
489 3818 578 3882 illum
607 3818 776 3882 liberaliter
795 3815 901 3879 donari
924 3859 933 3890 ,
959 3831 995 3877 ut
1072 3814 1151 3878 ltern
1164 3820 1200 3884 ,ir
1223 3818 1273 3889 qui
1296 3816 1404 3880 vendit
1424 3833 1497 3880 ante
1524 3835 1641 3894 tempor
1653 3865 1663 3896 ,
1679 3833 1716 3882 ut
1735 3818 1799 3884 iani

230 3895 354 3966 faciunt
373 3898 539 3975 aliquando
559 3900 745 3976 Principes-3
764 3898 846 3959 licite
870 3895 996 3957 retineri
1033 3913 1125 3959 antea
1142 3893 1289 3972 diximus,
1310 3916 1371 3971 quo
1383 3895 1516 3961 vendere
1532 3895 1703 3974 statuerat,
1722 3917 1797 3962 con·

224 3977 328 4058 posset
349 4001 358 4044 r
383 3998 455 4042 nam
475 3977 611 4044 liberalis
632 3978 762 4044 donatio
777 3975 819 4040 esl
842 3971 935 4039 iulius
956 3976 997 4037 ti·
1032 3977 1140 4040 venire
1170 3975 1268 4051 potell
1295 3996 1365 4038 cum
1395 3993 1564 4054 emptore,
1592 3995 1630 4042 ut
1659 3976 1802 4043 solvatur

226 4059 332 4136 tulur,
350 4057 390 4125 ob
409 4078 500 4135 quem
519 4077 642 4138 emptor
660 4075 784 4135 quoque
800 4053 995 4132 poffitmino·
1034 4049 1166 4132 pretium
1190 4051 1252 4118 live
1274 4057 1393 4132 maior,
1411 4053 1474 4119 srve
1495 4059 1624 4135 minut,
1672 4057 1732 4123 uod
1752 4076 1801 4124 rer

225 4143 416 4204 ricemere.
445 4139 513 4203 Hoc
545 4156 650 4204 tamen
673 4157 830 4216 nunqnam
856 4132 898 4197 est
923 4153 997 4210 prae·
1032 4132 1149 4198 valebit
1170 4152 1211 4197 eo
1238 4147 1395 4211 tempore,
1414 4155 1474 4211 quo
1498 4137 1632 4202 vendere
1650 4080 1799 4202 decreve-

230 4217 428 4294 sumendum‚
447 4215 502 4282 nisr
522 4215 618 4284 absint
642 4220 817 4297 ignorantia
837 4213 908 4278 iulii
930 4232 996 4291 pre·
1032 4231 1109 4278 rat.
1140 4212 1219 4278 stem
1240 4215 1361 4289 quando
1388 4210 1426 4278 srt
1449 4217 1540 4296 copia
1560 4216 1661 4282 muita
1680 4234 1800 4293 empto·

226 4301 290 4377 rii,
306 4295 469 4364 neceffitas
488 4301 519 4361 in
543 4316 681 4379 emptore
729 4293 809 4362 fraus
831 4314 866 4357 ac
882 4289 998 4359 cortilio
1032 4315 1117 4372 rum,
1137 4291 1470 4370 temerariarum&
1485 4301 1615 4374 penuria
1631 4299 1797 4374 mercium,

221 4382 260 4442 r'n
282 4377 463 4458 venditore,
481 4379 630 4454 &aliqua
650 4345 725 4442 adsit
742 4374 844 4442 cauli'a
867 4371 905 4436 ad
923 4395 997 4449 pre·
1032 4391 1067 4440 ut
1087 4372 1240 4463 contingit
1263 4373 1296 4464 in
1318 4373 1455 4438 adventu
1482 4379 1642 4452 repentino
1669 4375 1798 4440 aliculur

226 4453 456 4537 sumptionem,
476 4475 551 4536 puta
566 4455 835 4535 consanguinitas,
850 4451 997 4536 affinitas,
1031 4453 1134 4532 magni
1172 4452 1341 4542 Principia,
1361 4451 1412 4518 ves
1440 4459 1613 4529 exercitur,
1632 4453 1691 4521 &o
1714 4454 1798 4520 Nam

231 4540 391 4615 amicitia,
408 4538 461 4602 vel
483 4538 674 4603 liberalitas.
1033 4533 1104 4596 illud
1129 4529 1194 4610 plus
1213 4527 1399 4620 aeslrmatur,
1416 4533 1497 4608 quod
1518 4554 1536 4597 a
1558 4532 1691 4610 pluribus
1710 4555 1797 4612 quae·
1840 4551 1844 4564 ³

1033 4616 1137 4689 ritur,
1154 4609 1188 4674 ἃ
1209 4610 1286 4684 quod
1307 4609 1478 4689 difliciliur,
1498 4613 1548 4678 vel
1570 4617 1686 4696 minore
1701 4633 1801 4691 quan·

1034 4697 1129 4758 ritate
1148 4691 1324 4756 invenitur.
1345 4688 1423 4757 ltern
1451 4688 1591 4758 stadsrnt
1620 4691 1763 4772 impensae
1789 4741 1801 4773 ,

1034 4772 1168 4854 laborer,
1188 4770 1321 4848 pericula
1353 4773 1383 4837 in
1404 4769 1450 4835 his
1470 4769 1559 4838 rebur
1587 4772 1801 4851 inquirendir,

1033 4851 1247 4926 conservandis
1262 4895 1272 4926 ,
1290 4845 1527 4928 transferendis,
1549 4849 1610 4918 &o
1626 4854 1800 4918 communi·

1035 4952 1083 4997 ter
1105 4933 1312 5008 recurrentia,
1336 4933 1406 5004 quia
1432 4929 1498 4997 haec
1517 4927 1587 4996 suut
1605 4935 1707 5012 pretio
1721 4931 1802 5000 aelli·

1033 5007 1183 5088 mabilia,
1207 5009 1367 5078 dummodo
1391 5027 1495 5076 tanren
1522 5029 1635 5078 mercer
1662 5011 1802 5158 gonobo-
