4425 6000
601 544 810 615 Tener.
839 562 905 613 ne
931 539 1261 613 Contract.
1288 538 1405 611 Cae.
1434 538 1537 616 illu.
1741 544 1815 637 267

292 646 394 730 giosut
412 661 476 709 non
497 639 597 719 potest
622 660 774 717 exponere
802 639 873 705 ludo
900 635 956 701 nist
982 638 1065 701 illam
1110 639 1173 699 erit
1192 654 1369 715 recuperet·
1387 637 1419 700 Si
1446 660 1522 703 vero
1537 636 1665 706 iniustus
1687 640 1795 709 ludens
1817 648 1869 713 vi·

294 746 427 807 patvatu
447 726 671 800 quantitatem,
692 741 786 795 quam
809 717 861 796 ipsi
883 716 952 782 suut
973 718 1064 794 Supe·
1098 719 1197 791 cetit,
1214 735 1288 782 tunc
1309 716 1359 781 vel
1381 715 1510 783 babebat
1524 718 1587 782 alia
1604 717 1704 801 bona,
1723 723 1868 799 quibussi

293 812 358 873 rior
376 808 557 883 permittere
583 798 695 878 potest,
717 817 753 861 ut
784 800 854 863 ludo
875 798 1063 871 moderato,
1101 795 1291 875 perdidisset,
1312 815 1435 874 poterat
1464 797 1573 864 viliori
1600 796 1744 880 solvere,
1770 804 1804 870 dt
1832 809 1865 872 in

293 885 329 955 dt
348 884 436 949 licito
451 886 483 946 in
503 882 613 946 debitis
637 877 871 943 circumstantiis
890 878 966 955 loci,
985 896 1061 939 tem·
1102 876 1159 940 tali
1178 872 1248 940 calu
1264 879 1399 941 retinere
1419 881 1533 953 poterit
1562 880 1642 955 quod
1664 885 1794 962 vicerit,
1813 887 1866 952 vel

338 968 398 1041 rit,
413 963 447 1029 ἃ
463 961 656 1040 personarum
676 964 811 1023 animum
828 974 962 1031 recreet,
985 955 1064 1020 &lb
1100 975 1163 1020 non
1191 956 1350 1034 babebat,
1379 975 1435 1021 aut
1465 955 1655 1038 findebat,
1683 963 1787 1027 deerat
1815 965 1868 1041 ipfi

309 1042 484 1110 iussamilias
504 1063 565 1106 non
584 1038 682 1117 potest
700 1039 772 1102 ludo
781 1056 934 1115 exponere
954 1033 1008 1098 nisi
1030 1035 1064 1097 il·
1102 1038 1237 1098 intentio
1257 1035 1411 1110 solvendi,
1426 1035 1461 1101 dt
1482 1056 1629 1104 tuncnon
1641 1041 1737 1118 potell
1755 1048 1870 1111 retine·

293 1123 357 1188 lam
374 1124 611 1188 determinatam
637 1121 873 1194 quantitatem,
898 1136 991 1193 quani
1020 1116 1063 1178 illi
1102 1134 1133 1178 re
1152 1114 1230 1190 quod
1253 1120 1354 1189 vicit,
1375 1117 1445 1190 quia
1465 1115 1545 1180 deell
1565 1122 1724 1194 aequalitas
1753 1119 1789 1184 ab
1809 1123 1868 1191 hoc

314 1221 383 1269 ater
408 1199 571 1277 conceffit,
593 1198 644 1261 vel
671 1217 761 1275 eam,
792 1217 885 1274 quam
912 1215 951 1258 eit
977 1195 1063 1260 lucro
1099 1192 1258 1290 contgadlu
1278 1193 1406 1272 exadla,
1431 1195 1465 1262 &
1491 1202 1563 1274 quia
1588 1218 1639 1274 per
1660 1196 1799 1266 iniullam
1819 1204 1871 1267 de·

326 1281 396 1346 rsan
409 1280 462 1345 sibi
484 1277 660 1357 acquisivit.-
681 1281 727 1342 ita
742 1280 886 1355 exigente
902 1275 1062 1340 urbanita·
1099 1291 1271 1349 ceptionem
1291 1273 1366 1338 illud
1385 1275 1543 1342 obtinuit.
1566 1274 1713 1358 Idemque
1728 1282 1823 1347 dicito
1833 1284 1869 1350 de

292 1379 416 1441 teerga
435 1361 662 1439 colludentem,
688 1357 792 1421 nebic
811 1352 1009 1432 offendatur,
1041 1355 1061 1416 li
1100 1355 1222 1417 ludente
1264 1356 1372 1419 ecunia
1393 1355 1490 1421 aliena
1508 1374 1563 1421 aut
1579 1377 1703 1424 moneta
1720 1357 1869 1430 latialia

290 1461 313 1508 ι
338 1441 408 1508 ludo
428 1437 641 1517 intempestive
669 1434 698 1499 se
726 1453 900 1500 removeat.
926 1433 1062 1509 Quodsi
1099 1436 1153 1497 cit.
1174 1436 1205 1497 P·
1257 1434 1434 1514 uigentius,
1461 1439 1513 1512 qui
1548 1451 1650 1503 tamen
1683 1437 1868 1509 sententiam

291 1519 384 1585 finito
403 1523 465 1585 iani
485 1519 557 1583 ludo
577 1517 675 1582 vidior
691 1535 816 1581 centum
833 1512 973 1591 recedat,
990 1536 1063 1578 num
1101 1513 1179 1579 banc
1199 1511 1377 1591 sapientiori
1399 1520 1534 1580 remittit
1554 1519 1686 1583 iudicio.

290 1597 356 1677 poli
382 1600 501 1676 aliquot
525 1597 587 1662 dies
602 1593 702 1674 ¹possit
724 1594 787 1659 sine
816 1598 912 1672 patris
941 1595 1061 1658 licentia
1139 1592 1355 1661 Communiter
1376 1594 1485 1659 docent
1506 1594 1651 1662 notiores
1672 1596 1816 1666 viliorem
1834 1604 1865 1665 in

291 1683 407 1744 itemm
425 1679 528 1744 ludere
546 1700 616 1743 erim
636 1675 746 1741 eodeni
765 1696 784 1738 a
803 1695 863 1751 quo
891 1675 988 1751 vicit,
1009 1675 1060 1739 vel
1100 1673 1172 1738 ludo
1198 1676 1300 1738 teneri
1327 1673 1367 1739 ad
1395 1673 1620 1740 restitutionem
1646 1697 1721 1743 ante
1758 1679 1866 1746 iudicia

291 1759 396 1824 ludere
409 1781 480 1824 euin
495 1760 558 1822 alio
570 1756 753 1835 exponendo
771 1773 919 1834 centum,
933 1774 1001 1831 qnae
1014 1758 1063 1819 vi·
1100 1752 1313 1830 sententiam,
1342 1751 1363 1816 si
1393 1753 1489 1818 vidior
1512 1776 1574 1820 non
1606 1756 1735 1822 habebat
1768 1759 1865 1824 domi-

290 1842 336 1904 eit
355 1837 419 1903 sine
434 1841 560 1904 licentia
580 1840 694 1916 patrie,
714 1835 764 1900 alii
787 1837 900 1899 volunt
916 1837 1003 1899 licite
1016 1834 1062 1898 lu·
1099 1836 1210 1909 nium,
1229 1833 1263 1898 &
1293 1833 1421 1899 liberam
1448 1833 1670 1912 dispositionem
1686 1884 1695 1899 .
1716 1857 1744 1899 a.
1763 1840 1797 1901 Si
1815 1844 1864 1905 ui·

288 1919 362 1984 dere
384 1919 464 1997 polle
483 1940 555 1982 cuni
570 1916 694 1994 eodem,
715 1938 732 1980 a
757 1934 819 1991 quo
836 1917 914 1978 vicit
934 1912 972 1978 de
991 1933 1062 1979 con·
1097 1912 1161 1978 dior
1181 1916 1290 1992 minis,
1311 1914 1400 1992 dolo,
1420 1916 1585 1992 convitiis,
1605 1919 1656 1983 vel
1673 1915 1865 1985 simulatione

291 1995 378 2063 sensit
398 2001 639 2073 interpretation
657 1999 779 2072 patris,
805 2014 869 2057 non
895 2015 971 2060 vero
991 2015 1063 2059 cum
1098 1995 1261 2070 imperitiae
1292 1996 1413 2071 impulit
1438 1996 1573 2059 alterum
1599 1997 1638 2060 ad
1670 1995 1864 2080 ludendum,

291 2079 354 2142 alio
375 2077 438 2141 sine
456 2076 595 2154 expresso
623 2080 717 2153 patrii
743 2071 908 2151 consensu,
925 2094 962 2139 ut
982 2075 1063 2139 Bari·
1096 2078 1169 2150 quia
1188 2075 1216 2136 ei
1242 2070 1313 2139 lecit
1336 2077 1507 2152 iniuriam,
1527 2096 1564 2140 ac
1598 2075 1705 2141 iniulle
1732 2078 1814 2143 dedit
1833 2086 1864 2143 ei

289 2177 367 2222 nee.
386 2158 447 2223 Alii
469 2177 546 2221 vero
564 2156 735 2221 concedunt
757 2149 852 2233 ipsum
868 2155 948 2231 posse
978 2155 1060 2219 lude·
1098 2150 1287 2217 occasionem
1307 2154 1428 2217 damni:
1451 2152 1598 2219 litamen
1621 2156 1742 2220 condius
1765 2159 1865 2222 lutre-

290 2256 325 2300 te
340 2236 404 2302 sive
422 2259 493 2301 cuni
520 2236 647 2310 eodem,
668 2233 731 2299 sive
753 2255 824 2299 cuin
844 2236 906 2299 alio
925 2233 988 2298 sine
1010 2255 1061 2310 pa·
1099 2252 1178 2307 tut,
1207 2252 1270 2296 non
1297 2250 1423 2297 tenetur
1444 2233 1482 2298 ad
1511 2234 1587 2299 lucri
1615 2233 1865 2318 restitutionem,

290 2320 348 2381 trit
367 2316 521 2393 licentia,
543 2315 571 2379 id
588 2313 725 2382 absolute
745 2321 877 2394 negante
899 2313 1032 2377 Armilla
1054 2361 1062 2390 ,
1096 2316 1168 2390 quia
1189 2312 1276 2376 ludus
1291 2332 1331 2377 ex
1351 2331 1441 2390 parte
1461 2310 1550 2391 ipsius
1571 2312 1615 2380 est
1631 2312 1742 2394 iulius,
1769 2315 1803 2381 dt
1830 2337 1864 2382 o·

289 2417 358 2472 qun
376 2396 518 2462 Armille
537 2392 690 2461 sententia
705 2398 789 2460 Patri
811 2394 972 2474 Fulgentio
990 2413 1059 2470 pro·
1097 2411 1200 2455 mnem
1218 2393 1461 2469 inequalitatem
1475 2396 1556 2460 cirea
1576 2395 1657 2472 lpein
1674 2397 1749 2460 lueri
1764 2394 1864 2462 sustu·

287 2473 418 2541 habilior
438 2477 561 2542 videtur
598 2474 633 2541 ἃ
652 2476 725 2538 mibi
744 2477 839 2539 etiarn
868 2476 963 2554 magii
984 2476 1061 2538 arti·
1099 2474 1135 2536 lit
1160 2474 1271 2536 iniuria
1296 2472 1486 2552 coadiionis,
1512 2472 1548 2539 ἃ
1578 2471 1677 2538 vidior
1700 2474 1806 2553 sponte
1827 2481 1863 2541 in
1903 2532 1911 2557 ‚

289 2555 345 2619 det
357 2603 367 2634 ,
379 2577 448 2621 etim
463 2561 544 2620 tatio
563 2522 849 2627 Mnifestum,
871 2555 1060 2630 nempequia
1097 2552 1155 2615 hot
1175 2553 1342 2630 perieulum
1362 2550 1393 2619 se
1411 2556 1564 2620 coniecit,
1607 2556 1667 2618 ..si
1687 2551 1791 2620 fraude
1808 2558 1864 2621 all·

289 2634 344 2700 illa
362 2653 490 2700 centum
515 2634 633 2700 lucrata
653 2635 858 2703 recensentur·
878 2634 984 2713 procul
1005 2633 1060 2698 du·
1095 2653 1154 2708 qua
1175 2648 1284 2697 contra
1304 2632 1384 2711 leges
1400 2633 1463 2697 ludi
1485 2630 1556 2716 usus
1575 2571 1635 2711 ist,
1649 2652 1723 2713 puta
1740 2633 1760 2698 si
1776 2635 1863 2701 cbar-

290 2711 891 2791 bi'oi'nseriebonommprosedlitiotum,
912 2733 1059 2800 quaepro·
1096 2728 1144 2776 tat
1164 2711 1248 2791 signo
1277 2712 1378 2789 aliquo
1405 2716 1591 2790 notaverit,
1618 2733 1674 2781 aut
1697 2736 1749 2792 per
1769 2735 1861 2782 nutus

290 2794 361 2858 inde
376 2792 491 2858 cadunt
513 2792 705 2858 subdominio
725 2798 842 2871 patris,
860 2794 1000 2858 acideoli
1014 2792 1060 2855 lu·
1094 2788 1363 2870 circumstantias,
1392 2793 1444 2855 vel
1463 2811 1504 2855 ex
1525 2793 1671 2862 industria
1695 2795 1859 2874 agnoscat,

255 2871 259 2879 '
289 2873 364 2936 dum
383 2872 564 2954 praesentem
589 2872 871 2948 dilcontinuet,&
890 2870 1059 2949 postinter·
1096 2871 1148 2934 vel
1180 2867 1341 2935 artificiose
1368 2873 1413 2934 ita
1440 2889 1630 2952 componat,
1655 2889 1697 2940 ut
1723 2873 1862 2945 meliores

286 2952 409 3020 vallum
420 2950 569 3017 sufficiens
591 2953 751 3019 reassuniet
772 2953 915 3021 liveciirn
933 2951 1062 3028 eodem,
1095 2947 1146 3026 ipsi
1163 2949 1349 3029 obveniant,
1368 2950 1402 3017 dt
1423 2968 1498 3017 tunc
1517 2951 1679 3019 restituere
1707 2970 1835 3026 tenetur
1851 3005 1862 3037 ,

287 3031 353 3096 five
371 3054 441 3097 euni
450 3034 567 3110 altera,
588 3051 650 3097 non
674 3032 771 3110 potest
788 3036 836 3099 uti
856 3033 915 3096 illis
934 3047 1059 3097 centum
1097 3048 1163 3095 tuni
1189 3031 1217 3093 id
1237 3031 1318 3107 quod
1336 3028 1399 3104 ipse
1426 3031 1562 3097 lucratus
1581 3030 1644 3114 est,
1662 3055 1732 3100 cuni
1753 3035 1862 3102 iniulle

287 3111 351 3175 sine
371 3131 457 3178 novo
475 3117 568 3189 patris
587 3109 792 3189 consensu,si
814 3114 950 3178 vicinum
972 3111 1058 3174 illuni
1095 3130 1146 3188 per
1162 3112 1306 3174 iniuriam
1328 3109 1404 3174 illud
1420 3132 1456 3176 ac
1479 3110 1613 3196 uifierit,
1633 3131 1700 3180 turn
1728 3118 1756 3181 id
1780 3116 1861 3197 quod
1944 3113 1952 3129 ⁸

287 3191 420 3269 nahem
436 3192 544 3256 sivero
561 3195 649 3271 longe
660 3190 762 3257 absens
774 3192 830 3269 sit,
850 3196 955 3271 quiae.
969 3192 1057 3271 g.de·
1096 3190 1177 3254 alter
1205 3189 1281 3253 iulle
1300 3189 1436 3256 lucratus
1456 3134 1587 3273 suisset,
1635 3197 1686 3260 uia
1714 3194 1781 3264 laec
1796 3195 1860 3274 sper

287 3268 570 3349 qatfiliuasaniilias
601 3273 781 3354 inCollegio
802 3274 892 3352 longe
914 3276 1051 3351 apatria
1094 3270 1252 3334 luctietat
1272 3274 1372 3347 pretio
1392 3269 1597 3352 aellimabilir,
1662 3278 1691 3339 ei
1710 3296 1763 3354 per
1783 3280 1861 3342 iniu-

287 3348 441 3427 distante,
459 3370 536 3416 tune
552 3352 685 3431 sineere,
702 3355 736 3420 dt
755 3353 1058 3419 eoramDeoeirami·
1095 3354 1172 3414 riam
1189 3349 1304 3415 sublata
1320 3346 1396 3413 suit.
1414 3352 1916 3439 legesautemludisunteae,1.e

287 3430 388 3494 nand!
406 3428 450 3493 est
469 3433 587 3496 indoles
615 3438 712 3508 patris
742 3454 781 3500 ati
802 3433 934 3498 liberalia
964 3432 1001 3493 td
1021 3428 1057 3493 fi·
1093 3433 1335 3517 quneomnuni
1363 3430 1533 3494 ludentium
1552 3431 1904 3503 consentiendum-¹⁰
1925 3436 1953 3481 ¹·

285 3506 365 3574 bum
379 3557 389 3590 ,
404 3509 439 3576 dt
458 3508 609 3575 benevola
632 3513 689 3591 sit,
708 3534 747 3576 an
768 3512 899 3578 restridla
921 3508 957 3575 dt
972 3530 1056 3575 oeto·
1094 3527 1137 3574 tae
1154 3509 1241 3574 lunt.
1258 3507 1412 3586 Quadam
1432 3529 1508 3575 vero
1526 3506 1665 3588 fraudes,
1687 3511 1739 3579 seu
1756 3520 1861 3594 potior

286 3592 402 3653 nomia
422 3589 592 3655 domeliieae
621 3612 684 3656 non
703 3592 821 3657 modice
842 3587 959 3655 additia
984 3638 994 3666 ,
1023 3591 1057 3657 dt
1091 3589 1297 3667 calliditates,
1318 3610 1386 3665 quae
1406 3609 1447 3653 ex
1465 3595 1619 3655 coruunt
1639 3590 1860 3661 consuetudine

288 3671 380 3733 iuxta
393 3665 665 3734 lilrelolvenduni
685 3687 720 3733 ut
742 3671 780 3733 de
796 3667 943 3733 consensu
963 3673 1057 3745 patris
1094 3665 1275 3733 adhibentur
1303 3671 1350 3732 in'
1364 3670 1454 3752 lulu,
1480 3689 1543 3735 non
1563 3669 1724 3735 censentur
1751 3691 1860 3741 contra

285 3748 468 3825 prudentem
496 3751 788 3825 interpretationem
815 3747 917 3812 facete
942 3744 1057 3819 poffit.
1094 3746 1154 3812 ludi
1172 3747 1272 3825 leges,
1294 3769 1350 3813 nee
1370 3749 1440 3815 sunt
1457 3747 1597 3826 iniiillae,·
1616 3749 1694 3826 uest
1715 3756 1782 3828 quir
1807 3774 1860 3819 co·

287 3828 336 3893 Ita
351 3824 512 3905 perdoiiut
532 3828 709 3906 Theologus
727 3826 909 3892 laudatutl‘.
929 3823 1055 3904 Fulgen·
1092 3821 1239 3904 gnostent
1260 3827 1290 3890 l'e
1310 3829 1450 3895 meliores
1470 3828 1591 3893 chartas
1614 3826 1742 3911 habere,
1767 3835 1860 3899 timo·

282 3911 369 3972 tius.
455 3966 459 3973 ,
1094 3926 1157 3969 rem
1177 3903 1275 3985 fingat
1293 3928 1354 3984 quo
1370 3909 1622 3975 inducaturalter
1636 3909 1673 3976 ad
1690 3910 1859 3991 augendam

356 4024 359 4029 .
392 4002 401 4039 ;
1093 3985 1302 4061 sponsionem.
1333 4011 1362 4069 4.
1382 3989 1412 4052 Si
1437 3986 1535 4055 vidior
1559 3987 1702 4057 babuerit
1719 3993 1860 4058 animum

607 4073 640 4133 §.¹
677 4067 747 4132 tll.
1093 4086 1156 4130 non
1179 4064 1334 4147 solvendi,
1355 4068 1443 4133 velsi
1468 4088 1530 4134 non
1551 4069 1643 4147 possit
1663 4070 1800 4137 alienare
1829 4072 1859 4136 id
1931 4142 1934 4147 ,

368 4160 424 4251 ni'
436 4185 533 4253 miris
548 4172 672 4279 lirina
686 4184 820 4281 trinnis,
839 4182 880 4254 o
900 4187 977 4266 reri·-
1092 4146 1860 4297 lsslvsslffaffffifflffifflffffi

382 4381 388 4393 .
536 4277 640 4333 mmm
660 4266 790 4363 ⁰sn⁰⁸¹¹⁵
799 4312 806 4329 ·
1092 4272 1243 4397 lup'erior,
1263 4309 1308 4399 ita
1329 4324 1365 4371 nt
1386 4304 1667 4376 nioralitet'eettnt
1683 4310 1723 4376 sit
1742 4308 1789 4377 de*
1810 4312 1857 4375 vi·

281 4408 295 4441 ,ι
324 4379 390 4455 Qu
421 4378 527 4444 ludens
547 4401 611 4445 rem
632 4383 764 4448 alienam
786 4404 960 4461 exponens,
982 4401 1055 4462 puta
1089 4381 1209 4464 &otiu
1228 4406 1299 4463 quia
1319 4405 1394 4452 tune
1412 4406 1497 4453 error
1517 4388 1600 4454 dedit
1615 4390 1753 4457 caussam
1781 4404 1858 4457 bon·

241 4470 261 4483 ““
282 4455 372 4523 lutto
384 4456 552 4548 sublatam,
573 4462 625 4526 vel
634 4464 1055 4542 commodatamveldeposi·
1090 4463 1221 4542 tradiui;
1242 4464 1322 4531 alter
1341 4471 1422 4530 enim
1442 4466 1545 4533 noluit
1569 4468 1691 4548 ludere,
1714 4467 1769 4533 nisi
1785 4473 1858 4550 quia

284 4551 321 4600 to
335 4537 387 4602 fibi
403 4541 591 4606 commistam
607 4540 733 4606 nsunon
748 4543 1053 4627 consumptibilemsi
1090 4547 1281 4611 contrarium
1300 4548 1443 4623 putavit.
1464 4545 1544 4613 Hae
1561 4548 1630 4614 sunt
1646 4552 1729 4614 enim
1748 4567 1857 4616 eontra

286 4615 374 4707 illam
391 4619 500 4695 perdit
517 4668 528 4698 ,
544 4620 586 4686 dt
607 4643 626 4686 a
654 4621 829 4688 colludente
844 4624 875 4686 id
892 4628 1054 4703 ignorante
1090 4625 1238 4688 inllitiain
1263 4624 1325 4689 ludi
1348 4626 1526 4706 exipentmi
1542 4626 1608 4693 *sut
1623 4631 1706 4696 inter
1720 4628 1859 4696 tidenter

285 4696 523 4792 illamnevincat
543 4721 635 4766 verus
662 4700 804 4769 dominus
826 4703 960 4768 eiusdem
990 4709 1053 4783 rei,
1090 4704 1126 4768 sit
1146 4705 1311 4781 aequalitas
1329 4702 1453 4769 morallt
1473 4708 1504 4770 in
1523 4674 1581 4785 spe'
1591 4708 1726 4775 irritandi·
1739 4758 1749 4788 ,
1762 4706 1858 4787 &pe-

284 4793 361 4841 tunc
376 4778 486 4843 iniuste
505 4780 630 4858 perdens
646 4781 795 4848 nidorem
809 4787 1051 4865 reintegrarete·
1088 4782 1190 4850 riculo
1209 4785 1375 4862 perdendi,
1396 4806 1468 4851 eum
1493 4783 1674 4855 contradite*
1694 4786 1736 4855 lit·
1754 4792 1861 4854 utriw

284 4873 399 4935 netur,
414 4876 451 4923 ut
469 4876 576 4937 patet,-
600 4863 648 4928 ita
671 4880 708 4927 ut
733 4863 754 4925 si
778 4864 865 4927 ludus
886 4885 949 4929 non
970 4864 1009 4930 sit
1034 4885 1051 4929 a
1088 4862 1329 4940 queonerosiis.
1350 4864 1385 4929 ln
1409 4865 1467 4932 boc
1488 4871 1573 4933 enini
1592 4864 1788 4947 einltt'irlpes
1807 4868 1858 4933 lu·

283 4935 352 5014 lepe
372 4940 512 5017 vetitus,
531 4941 707 5018 perdentem
733 4963 787 5019 per
815 4942 943 5009 iudicem
970 4965 1053 5009 com·
1087 4947 1132 5008 tri
1152 4941 1288 5021 periculo
1308 4946 1471 5022 perdendi,
1490 4948 1619 5025 idemue
1634 4953 1799 5028 requiritur
1814 4969 1860 5014 ae·

284 5015 397 5093 pellere
425 5019 604 5099 poterit3si
630 5043 708 5089 vero
736 5023 824 5087 ludus
846 5022 883 5088 lit
908 5029 1052 5102 vetitus,
1087 5023 1220 5101 qualitas
1241 5025 1421 5105 interspein
1458 5025 1695 5107 &periculum
1717 5044 1743 5106 5.
1763 5028 1864 5093 ltiitta·

283 5112 359 5163 tunc
374 5098 455 5175 quod
470 5098 522 5164 sibi
540 5100 669 5168 debetur
683 5104 804 5170 meliori
816 5102 976 5183 modoque
983 5121 1052 5184 pot-
1088 5106 1205 5183 aliquoi
1224 5101 1247 5166 si
1268 5102 1364 5172 uh
1379 5074 1486 5174 turini
1507 5109 1611 5175 anitiio
1630 5105 1857 5254 repetendliuso·
