4425 6000
445 502 495 560 20
700 480 910 555 Taacr.
938 502 1004 554 nra
1033 478 1176 559 sorr.
1208 500 1270 555 rr
1298 477 1553 558 suescat.
1581 480 1640 557 11.

392 583 603 661 praediorum,
625 574 865 656 divitiarumque
894 628 903 656 ,
942 578 1013 644 dum
1038 598 1153 643 natura
1192 583 1248 647 bur
1274 578 1415 643 omnibus
1444 581 1624 646 divisionem
1652 579 1961 664 conllituilse,c'urn

392 661 535 725 omnibus
559 661 731 723 communia
759 659 813 722 illa
836 660 1014 738 relinquit,
1040 680 1096 724 uec
1114 657 1156 722 se·
1195 660 1328 741 piurima
1345 680 1424 723 nunc
1440 682 1558 739 quoque
1573 662 1632 726 siut
1652 662 1791 727 omnibus
1818 685 1968 729 commu*¹

391 741 524 805 cundum
546 734 577 800 se
597 738 633 801 ad
662 758 764 802 rerum
789 738 967 804 divisionem
996 740 1125 802 inclinat
1147 761 1157 816 ς
1195 746 1272 815 uia,
1302 755 1337 802 ut
1360 744 1420 802 viae
1435 740 1563 814 publicae
1581 792 1590 820 ,
1606 741 1754 819 flumina,
1773 765 1874 821 mare,
1896 744 1959 808 dcc.

392 841 428 884 ac
457 818 581 895 proinde
607 816 712 880 llandn
736 821 793 882 iuri
811 821 942 884 naturali
961 822 1064 883 omnia
1086 819 1156 883 sont
1194 821 1314 894 imber,
1330 839 1477 896 gemmae,
1498 820 1531 886 dt
1551 824 1772 898 quamplurima
1794 825 1872 901 alia,
1891 842 1963 901 quae

393 900 587 974 communia3
608 899 702 962 itaut
721 897 740 960 sr
758 898 850 963 slatus
866 902 1053 964 innocentie
1088 918 1159 975 pro·
1194 919 1268 964 ante
1285 901 1523 976 occupationem
1543 902 1618 965 nulli
1639 899 1709 965 suut
1726 903 1960 970 determinat&

392 977 521 1043 celsrliet
538 1025 547 1050 ,
567 977 654 1040 nulla
675 976 809 1053 prosello
836 982 1011 1059 contigisset
1040 999 1159 1042 eorum-
1193 982 1252 1043 His
1273 977 1427 1057 pramiffis
1562 1043 1567 1049 ,
1790 980 1793 987 “

393 1058 463 1121 dem
483 1056 632 1121 bonorum
653 1057 778 1122 divisio.
802 1060 875 1122 Non
897 1065 1011 1133 pariter
1033 1059 1159 1132 aDeo,
1234 1056 1352 1122 Divisio
1381 1078 1483 1123 rerum
1508 1063 1572 1137 iure
1604 1061 1755 1125 Gentium
1783 1059 1858 1127 salla
1885 1060 1965 1128 insta

391 1160 463 1202 cum
473 1136 579 1200 nullibi
596 1139 715 1214 legatur
732 1138 878 1204 indivina
894 1141 1049 1216 Scriptura
1059 1138 1159 1199 Deum
1192 1138 1259 1216 est,
1297 1135 1331 1201 dt
1358 1142 1548 1204 convenient
1576 1162 1629 1217 pro
1657 1144 1810 1204 communi
1838 1142 1922 1206 bono
1951 1188 1961 1218 ,

393 1218 472 1282 hanc
492 1212 789 1282 divisionmsecilse
818 1241 852 1282 ac
880 1215 1081 1283 iusfilseased
1102 1215 1159 1279 hoc
1193 1218 1226 1284 dc
1256 1217 1406 1282 relicitate
1438 1220 1564 1282 humani
1594 1224 1710 1299 generis
1740 1218 1804 1296 post
1842 1239 1971 1285 natura·

393 1296 508 1362 sac‘lum
524 1295 585 1360 fuit
606 1318 645 1383 err
668 1301 734 1360 iere
751 1296 904 1363 Gentium
925 1297 986 1375 poll
996 1300 1160 1374 primorum
1193 1301 1489 1375 corruptionem-pet
1505 1303 1641 1376 priorum
1662 1301 1820 1363 hominum
1847 1297 1964 1376 lapsum

416 1398 559 1442 arentum
575 1376 711 1456 laplum,
731 1383 802 1454 quia
822 1397 971 1456 corrupta
988 1399 1040 1455 per
1063 1377 1160 1440 talem
1194 1376 1408 1443 contrallam.
1438 1377 1516 1442 lulla
1537 1380 1658 1456 quidem
1682 1379 1724 1442 ell
1755 1401 1859 1444 rerum
1883 1378 1968 1442 divi⁴

393 1400 512 1535 lapsum
533 1455 692 1521 bominum
712 1476 841 1534 natura,
858 1480 893 1523 ac
919 1457 1030 1522 exinde
1059 1473 1159 1520 muta·
1195 1458 1236 1522 sro
1257 1507 1266 1535 ,
1289 1479 1357 1521 curn
1384 1459 1541 1535 Scriptura
1567 1459 1712 1535 loquatur
1745 1477 1812 1541 tum
1841 1457 1878 1522 de
1907 1459 1963 1522 tali

393 1556 430 1602 ta
457 1537 577 1600 illorum
603 1537 735 1613 indole,
763 1537 866 1602 slatim
897 1541 963 1602 iure
983 1537 1160 1612 Gentium,
1195 1537 1341 1602 divihone
1362 1533 1438 1603 falla
1459 1541 1543 1602 iuter
1561 1542 1645 1603 viros
1671 1538 1790 1617 iullos,
1819 1545 1851 1601 v.
1871 1559 1898 1616 g.
1920 1538 1966 1617 A!

393 1617 474 1694 qood
488 1614 622 1681 consrslit
640 1619 672 1679 in
693 1621 831 1682 omnium
856 1618 1036 1695 populorum
1061 1615 1160 1692 aliqua
1194 1617 1317 1683 braham
1339 1616 1372 1681 dt
1388 1617 1492 1696 Loth,
1514 1636 1580 1681 tum
1596 1619 1633 1681 de
1657 1615 1884 1696 emptionibus,
1907 1616 1964 1680 do<

393 1699 433 1760 de
449 1690 671 1774 reconseusu,
692 1698 865 1762 introdulla
885 1696 1058 1762 fuitretum
1078 1697 1160 1759 divi·
1195 1696 1397 1773 nationibus,
1426 1698 1550 1775 aliisque
1575 1695 1698 1762 huiusce
1725 1699 1872 1778 generis,
1893 1715 1969 1773 quat

395 1775 457 1854 sm,
474 1797 509 1840 ac
536 1778 661 1854 proinde
686 1773 804 1841 diversa
828 1776 996 1841 constituta
1025 1777 1159 1841 dominia
1197 1797 1297 1841 rerum
1316 1774 1497 1841 divisorem
1518 1776 1711 1854 supponunt.
1735 1779 1811 1842 ltctn
1825 1779 1898 1852 quia
1919 1780 1966 1841 io·

396 1862 432 1921 in
449 1861 552 1933 primis
585 1858 646 1921 illis
674 1855 845 1921 homiuibus
869 1858 947 1920 Cain
968 1853 1160 1929 stilicen&
1196 1856 1273 1921 llum
1289 1855 1332 1918 est
1352 1856 1433 1932 quod
1460 1860 1614 1921 communi
1640 1857 1789 1922 Gentium
1815 1844 1964 1921 consensu

393 1935 474 2002 Abel
495 1936 681 2013 perulam,
699 1935 733 2002 ἃ
755 1934 818 2014 poll
837 1937 989 2001 diluvium
1010 1936 1161 2012 peretot,
1196 1934 1351 2001 indusium
1370 1934 1436 2010 eli,
1456 1937 1542 2000 sicuti
1561 1957 1662 2001 rerum
1685 1936 1810 2011 divisio,
1831 1956 1899 2012 quae
1921 1938 1965 1999 id·

398 2021 429 2080 in
444 2016 530 2081 Filiir
550 2016 687 2093 unqu
711 2020 743 2080 in
768 2037 837 2082 eam
853 2016 1030 2081 divilionetn
1051 2019 1160 2080 unani·
1195 2019 1280 2082 circo
1305 2019 1372 2079 iure
1401 2015 1551 2080 Gentium
1580 2015 1692 2081 dieitur
1723 2016 1860 2080 indubia.
1880 2016 1965 2081 Hinc

302 2168 309 2180 ,
345 2167 352 2179 .
397 2093 603 2162 cni-consensu
622 2093 849 2174 conspirarunt.
1059 2140 1062 2145 -
1195 2094 1232 2160 ab
1248 2095 1377 2159 Ecclesia
1397 2095 1536 2160 damnati
1557 2092 1679 2162 suerunt
1695 2113 1732 2160 ut
1761 2094 1963 2173 haereticiqui

256 2167 383 2244 ‹Qu-dtur
440 2176 489 2241 lus
511 2192 615 2241 autem
630 2174 781 2241 Gentium
806 2176 849 2240 est
870 2175 1008 2252 iusquod
1034 2191 1161 2240 natura·
1196 2177 1284 2239 aliter
1300 2173 1470 2254 senserunt,
1491 2196 1524 2241 ut
1543 2176 1586 2238 illi
1607 2180 1661 2253 qui·
1680 2174 1857 2241 dicebantur
1884 2176 1968 2253 Apo·-

256 2236 438 2321 ⁰‘”¹'⁰¹²¹·lis
455 2257 538 2320 ratio
551 2253 711 2321 constituit
732 2259 814 2323 inter
830 2257 969 2320 homines
990 2305 999 2333 ,
1024 2254 1161 2333 quodque
1196 2255 1319 2319 llolici.'

396 2335 452 2401 usu
474 2338 619 2415 exigente
643 2384 653 2414 ,
678 2337 713 2401 dc
738 2336 878 2401 humanit
905 2333 1161 2412 necessitatibus,
1234 2334 1309 2399 Fuit
1329 2355 1446 2412 quoque
1459 2337 1647 2402 conveniens
1668 2334 1732 2413 post
1760 2332 1964 2416 peccatiinse·

396 2416 514 2480 Gentes
543 2413 595 2478 srbi
625 2414 877 2481 constituerunt.
898 2414 990 2479 Unde
1022 2417 1068 2479 ius
1087 2435 1162 2493 gen·
1195 2412 1326 2480 &ionem
1357 2435 1458 2478 rorum
1481 2414 1619 2494 diviho,
1647 2416 1681 2482 dt
1713 2419 1757 2478 ita
1776 2416 1883 2480 docuit
1904 2411 1952 2491 ips
1964 2454 1966 2458 ι

395 2500 475 2562 tium
494 2497 659 2582 participat
675 2493 709 2561 ἃ
725 2498 762 2562 de
783 2499 850 2560 iure
879 2495 1034 2582 naturali,
1053 2512 1169 2571 quate·-
1198 2499 1280 2559 ratio
1301 2542 1310 2572 ,
1343 2513 1377 2557 ut
1407 2516 1459 2572 per
1481 2515 1549 2559 earn
1577 2501 1642 2572 p'aci
1673 2491 1883 2560 consuleretur
1903 2543 1911 2572 ,
1931 2495 1968 2557 dt·

397 2571 1161 2654 nusabiplanatutalirationeinspiratumell,dt
1196 2573 1400 2650 concordiae,
1442 2573 1544 2638 litium
1578 2576 1739 2640 tolleretur
1764 2571 1906 2651 occasio,
1928 2572 1963 2638 dr

397 2656 436 2720 de
452 2653 605 2734 positivo,
620 2674 772 2732 quatenus
789 2658 885 2720 etiam
907 2654 1163 2723 avoluutateho-
1198 2657 1343 2733 iurgium,
1386 2673 1433 2716 uae
1455 2654 1530 2717 aliar
1550 2656 1649 2720 multo
1663 2657 1792 2719 maiora
1818 2657 1893 2719 oriri
1913 2672 1967 2729 po·

398 2738 515 2801 minum
529 2737 641 2814 pendet
655 2782 665 2812 ,
677 2755 784 2814 nempe
800 2733 1161 2800 univerlihomineruna·
1199 2733 1348 2810 tuissent,
1366 2675 1455 2796 llcuti
1486 2730 1597 2797 salium
1626 2733 1687 2799 suit
1713 2739 1796 2798 inter
1812 2732 1971 2798 Abrabam

396 2817 471 2880 nimi
488 2811 634 2889 consensu
650 2817 681 2876 in
705 2835 743 2879 ea
767 2835 837 2892 quae
869 2814 978 2879 detali
1007 2816 1073 2879 iure
1091 2808 1161 2878 sunt
1198 2810 1233 2877 dt
1260 2813 1341 2876 Loth
1364 2813 1448 2878 viros
1475 2817 1664 2890 caeteroquin
1694 2817 1788 2892 piorr
1810 2832 1848 2879 ac
1875 2810 1964 2875 srmul

395 2896 627 2973 conspiramut.
1198 2893 1424 2967 provideretur,
1448 2913 1487 2957 ne
1509 2910 1589 2957 terra
1617 2894 1732 2959 inculta
1763 2910 1964 2957 remanereta

439 2975 513 3038 Dixi
539 2972 641 3039 statim
667 2973 730 3051 poll
756 2972 902 3055 lapsum,
932 2974 1003 3051 quia
1026 2993 1066 3038 err
1082 2968 1163 3036 sallo
1198 2972 1280 3036 Nam
1309 2971 1329 3034 sr
1360 2971 1479 3050 bomo,
1506 2990 1617 3050 utpote
1643 2991 1756 3039 natura
1781 2970 1902 3052 segnis,
1928 2968 1963 3036 dt

397 3054 615 3132 comprobatur
631 3058 744 3131 primos
764 3055 884 3120 huiusce
910 3054 1007 3118 slatud
1027 3053 1163 3117 homines
1199 3054 1305 3115 tardus
1324 3050 1361 3114 ad
1375 3051 1508 3116 laborem
1528 3071 1588 3116 uon
1606 3074 1674 3118 raro
1690 3056 1808 3133 propria
1826 3073 1890 3117 nou
1910 3071 1965 3114 co·¹

398 3136 498 3209 Cain,
516 3134 549 3198 dc
570 3131 648 3198 Abel
665 3131 781 3200 fratrer
801 3136 940 3213 propria,
958 3132 1010 3196 seu
1029 3120 1163 3195 distinlla
1200 3151 1263 3208 rat,
1285 3148 1377 3194 tanto
1400 3152 1448 3194 ma
1470 3134 1495 3195 ir
1518 3136 1691 3198 communia
1705 3134 1885 3217 negligeret.
1904 3129 1966 3193 Ea-

398 3212 538 3280 habuisse
566 3212 646 3278 bona
666 3256 678 3291 ‚·
707 3215 740 3278 ἀ
756 3216 910 3280 dominia.
934 3212 1016 3276 Nam
1039 3210 1072 3276 dc
1087 3211 1163 3273 Cain
1200 3210 1268 3274 dem
1297 3213 1417 3274 ratione
1443 3152 1599 3288 svincitur
1627 3210 1776 3277 induciam
1803 3209 1974 3277 hareditas·

398 3290 513 3358 obtolit
532 3291 570 3358 de
599 3290 733 3371 frugibus
755 3314 864 3371 terrae,
882 3292 959 3364 Abel
981 3292 1019 3355 de
1041 3291 1164 3367 optimis
1201 3292 1275 3353 riam
1294 3288 1510 3354 snccetnonem.
1530 3290 1663 3356 liliorum
1697 3296 1727 3355 in
1747 3292 1827 3356 bona
1844 3290 1967 3370 petrin

398 3373 460 3439 luis
475 3371 631 3451 gregibus,
660 3376 710 3449 qui
738 3392 858 3452 propter
885 3371 988 3437 oblata
1005 3360 1166 3458 specialem
1202 3369 1325 3433 Etenim
1345 3373 1427 3433 ratio
1445 3371 1598 3454 naturalis
1615 3387 1725 3437 omues
1740 3372 1863 3435 edocuit
1895 3387 1971 3433 com·

400 3451 522 3516 laudem
535 3448 578 3515 ell
600 3451 837 3532 adeptur,quod
847 3453 913 3516 lieri
927 3450 1141 3527 nonpotuillet
1158 3492 1167 3527 ,
1199 3450 1326 3513 cordate
1341 3453 1501 3525 aequitati,
1522 3467 1558 3515 ut
1569 3449 1606 3515 ad
1620 3470 1673 3517 eor
1685 3482 1696 3531 ,-
1709 3449 1853 3528 inquibus
1869 3445 1966 3513 tranl-

398 3531 456 3595 nisr
479 3526 602 3610 quisque
620 3530 674 3596 sua
696 3530 830 3596 dillinsia
861 3528 1028 3608 possediliet
1055 3528 1162 3593 bona.
1201 3525 1263 3592 fusa
1291 3527 1391 3593 hietat
1420 3537 1532 3596 natura
1562 3549 1712 3610 patrm,
1741 3549 1849 3595 eorum
1871 3530 1972 3593 etiam

399 3609 495 3687 Quod
511 3631 587 3677 vero
601 3613 647 3675 ius
666 3610 816 3677 Gentium
837 3612 959 3675 inluxit
990 3611 1089 3686 quoad
1117 3630 1166 3672 re·
1200 3608 1278 3672 bona
1304 3606 1499 3673 haereditario
1519 3613 1584 3675 iure
1601 3628 1630 3674 tr
1662 3629 1761 3674 irent.

399 3713 468 3758 rum
484 3690 686 3770 divisionem,
703 3694 748 3754 ius
764 3711 886 3769 quoque
908 3689 1018 3766 civile,
1037 3709 1072 3751 ac
1093 3688 1165 3763 poli·
1239 3687 1287 3750 Err
1301 3686 1383 3751 diliis
1407 3686 1541 3765 sequitur
1561 3710 1588 3752 r.
1616 3692 1648 3752 in
1681 3706 1819 3758 extrema
1844 3684 1970 3751 necelli·
1984 3722 2044 3769 m,

401 3772 498 3834 ticum
515 3770 752 3849 comprobavit,
769 3770 991 3845 confirmavin,
1011 3765 1164 3832 &exten
1197 3784 1267 3831 tate
1285 3771 1388 3832 omnia
1409 3771 1468 3832 elie
1498 3771 1694 3846 communia,
1719 3788 1760 3834 eo
1786 3768 1859 3845 quia
1886 3766 2018 3833 Deuenr

401 3845 432 3916 di
451 3854 593 3914 curarit.
616 3848 699 3913 Nam
715 3854 760 3916 iot
776 3851 869 3916 civile
898 3847 1030 3913 inllituit
1057 3851 1166 3925 primo·
1200 3868 1242 3911 eo
1258 3846 1319 3910 hue
1341 3866 1387 3911 rer
1404 3843 1562 3914 infertores
1591 3849 1727 3913 condidit
1746 3898 1754 3924 ‚
1773 3848 1965 3912 tce-tonina
1980 3844 2043 3898 cent

402 3932 562 4007 genituras
585 3977 594 4005 ,
621 3933 690 3994 iura
719 3927 956 4007 prescriptionis
975 3977 984 4005 ‚
1012 3949 1047 3990 ac
1064 3929 1165 3990 multa
1199 3926 1427 3992 conservationi
1440 3926 1647 4006 subserviant,
1666 3929 1699 3996 dt
1716 3929 1823 3994 exhoc
1840 3927 1973 3991 resulta}
1986 3924 2043 4024 ἓξὲξ

316 4047 319 4054 ,
403 4009 605 4084 particularia
623 4006 759 4087 statuta,
782 4007 834 4073 seu
852 4007 1034 4087 leges,quae
1051 4010 1085 4069 in
1121 4008 1165 4069 di·
1202 4011 1247 4070 ius
1269 4009 1428 4087 naturale,
1448 4009 1527 4085 quod
1547 4009 1636 4072 habet
1655 4008 1781 4084 quilibet
1805 4006 1896 4070 homo
1925 4025 2044 4091 rerem,

403 4087 497 4151 versis
513 4086 593 4151 locis
606 4084 739 4151 diversas
753 4086 945 4152 constituunt
961 4086 1166 4171 dominiorum
1200 4088 1254 4149 but
1270 4090 1399 4164 propriae.
1420 4090 1499 4152 vitre
1531 4088 1707 4152 necesstriit
1731 4086 1858 4151 utendi.
1884 4085 1972 4164 Quo
1992 4101 2044 4152 nir.

403 4166 584 4231 divisiones.
608 4165 677 4230 Hoc
710 4180 812 4232 tamen
840 4172 886 4233 ius
908 4164 1073 4244 positivum
1092 4216 1100 4243 ,
1117 4171 1165 4230 leu
1200 4170 1280 4230 circa
1301 4166 1408 4229 divilio
1429 4187 1530 4230 rerum
1547 4170 1612 4231 iure
1634 4166 1816 4244 Gentium,
1838 4164 1892 4229 seu
1914 4166 1966 4229 ho·

402 4248 496 4311 civile
515 4243 694 4313 institutum
709 4266 772 4311 non
793 4246 835 4310 est
852 4247 905 4311 nisi
927 4244 990 4324 post
1017 4245 1165 4310 conllitu-
1200 4250 1316 4309 minum
1333 4248 1497 4309 voluntate
1520 4245 1639 4310 indubia
1660 4267 1722 4309 non
1739 4245 1813 4310 iulle
1832 4245 1901 4310 lieri
1919 4263 1971 4322 po·

362 4392 364 4396 ,
401 4346 450 4390 tas
469 4329 633 4398 civitates,
654 4341 730 4402 quas
740 4322 887 4404 praecessit
907 4343 1009 4390 rerum
1038 4326 1163 4392 diviho.
1201 4325 1304 4390 tuiliet
1324 4323 1403 4402 ,uisi
1433 4320 1519 4389 salvo
1549 4324 1691 4402 cuiusque
1710 4325 1850 4388 naturali
1878 4329 1974 4401 inre,

442 4406 724 4485 supponendum.
755 4407 851 4484 posita
874 4407 1053 4471 conditione
1070 4407 1166 4470 bouli—
1199 4405 1276 4482 quod
1296 4405 1436 4482 equidem
1451 4402 1609 4485 salvatur,
1626 4403 1746 4482 quando
1761 4409 1827 4482 quir
1857 4404 1894 4468 ad
1909 4424 1967 4468 ex-

402 4508 480 4551 num
508 4483 572 4565 post
602 4484 746 4563 lapsum,
768 4484 842 4551 idell
869 4488 1010 4551 humanat
1044 4504 1164 4550 naturae
1200 4503 1333 4549 tremam
1346 4482 1481 4547 redadlns
1503 4485 1704 4564 indigentiam
1732 4484 1898 4549 necessaria
1918 4483 1966 4547 vi⁴

403 4568 630 4643 corruptione,
658 4587 698 4629 err
719 4587 780 4642 quo
801 4571 903 4647 vigere
933 4569 1028 4640 coepit
1059 4569 1089 4627 in
1113 4566 1166 4630 ho-
1201 4584 1242 4627 tae
1262 4563 1409 4641 emendo,-
1423 4563 1735 4641 mutando‚petendo
1749 4566 1888 4640 accipere
1902 4559 1969 4639 pos·¹

403 4649 488 4709 mine
507 4643 660 4721 superbia,
676 4646 845 4721 cupiditas,
867 4649 1015 4722 avaritia,
1036 4642 1167 4722 desidia,
1199 4641 1256 4722 s1t;
1278 4644 1351 4723 alias
1373 4646 1404 4706 in
1429 4640 1499 4708 soro
1521 4662 1652 4708 externo
1672 4661 1709 4707 ut
1740 4664 1808 4708 reus
1824 4642 1861 4707 de
1882 4638 1971 4707 sotto

405 4744 531 4803 torpor,
550 4724 611 4789 dcc.
641 4722 730 4789 sicuti
759 4725 878 4792 neoell'e
897 4741 993 4796 erat,
1021 4744 1056 4789 ut
1075 4722 1165 4787 unus·
1201 4722 1397 4787 muldlaretur
1421 4763 1433 4800 ,
1455 4724 1475 4786 sr
1503 4723 1623 4801 propria
1643 4739 1766 4801 manu-,⁴
1779 4722 1813 4787 ἀ
1835 4722 1978 4788 authori*

405 4803 529 4883 quisque
552 4802 637 4868 suum
666 4806 894 4881 particulariter
920 4803 1098 4881 possideret,
1121 4806 1165 4866 ita
1200 4821 1267 4868 tate
1288 4803 1386 4868 aliena
1407 4803 1458 4867 srbi
1476 4805 1643 4879 arriperet.-
2006 4879 2009 4887 Ι

407 4889 489 4948 ratio
509 4885 701 4962 prudenter,
730 4906 765 4949 ac
786 4886 938 4964 sapienter
965 4885 1041 4947 banc
1063 4903 1165 4948 rerum
1239 4883 1383 4958 Sequitur
1405 4902 1438 4953 a.
1474 4880 1655 4946 iniustitiam
1679 4883 1875 4948 committere
1904 4876 1974 4945 nis«

406 4960 584 5029 divisionem
599 4963 778 5041 inspiravit.
1205 4960 1348 5037 ponendo
1367 4961 1404 5025 de
1420 4964 1548 5039 propriis
1565 4962 1653 5026 rebus
1669 4979 1778 5027 contra
1801 4963 1973 5036 municipa⁴

445 5045 677 5123 Supponendum
694 5059 721 5124 3⁴
741 5047 787 5111 ius
805 5044 957 5111 Gentium
976 5061 1037 5111 uon
1061 5046 1093 5109 in
1120 5051 1183 5110 πει·
1201 5043 1245 5110 lia
1274 5038 1412 5123 statuta,
1430 5038 1483 5112 seu
1505 5037 1739 5113 consuetudines
1751 5044 1912 5125 regionis,
1936 5056 1976 5110 ae

978 5181 987 5192 .
1865 5142 1938 5191 tou·
