4425 6000
471 549 544 627 352
697 528 868 602 Tancr.
897 547 955 599 oa
982 524 1241 600 Pantaenis
1271 521 1507 597 Dacicoct
1532 523 1633 600 Car.
1663 515 1709 601 V.

417 646 540 695 naturae
556 642 745 706 repugnent,
765 646 820 691 nec
840 643 970 688 mortem
986 643 1038 703 per
1058 623 1086 689 le
1106 619 1185 689 inse·
1217 625 1242 687 ti
1263 622 1399 687 mortalis
1420 622 1583 688 versantur
1596 630 1645 704 qui
1667 629 1710 692 ita
1731 625 1803 691 laxe
1818 673 1826 701 ,
1843 625 1876 693 ἃ
1898 647 1987 694 error·

417 727 511 784 rant3
531 727 593 774 non
614 725 690 770 vero
709 703 830 771 secundi
847 708 984 784 tenerit.
1218 707 1309 769 miter
1328 703 1486 782 indulgent
1508 705 1680 781 potionibus
1701 756 1709 785 ,
1734 706 1930 786 libidinibus,
1949 729 1984 772 a·

276 793 349 873 Qus!
372 804 402 859 de
459 785 661 865 Funambuli,
680 789 729 861 qui
751 789 783 849 in
798 782 871 851 sune
889 779 1037 850 excelsius
1056 781 1185 865 potenso
1217 782 1304 849 liilve
1324 780 1446 847 huiusce
1465 787 1583 862 generis
1603 785 1787 866 excessibus,
1805 805 1841 852 ut
1862 785 1984 850 morboe

276 873 402 987 sir'iima'b
419 867 553 944 saltant,
575 865 703 962 licetab
718 860 1101 1006 aliquibuzuercusentursa
1118 864 1180 928 tul·
1216 862 1345 1006 letllraler
1360 866 1577 1005 contrahentes
1587 868 1788 960 ,apoplexin
1808 865 1957 932 cachexia
1973 911 1985 962 ρ

275 1001 403 1122 5:35„
419 946 934 1115 llnlrsln‘j‘abnlzllil
952 960 1120 1088 {illari
1140 946 1184 1087 εΐῗ
1215 942 1988 1113 ἶπὲἐὲὲίἲπ,ἷξεπὶἰπ“εὲἓ’ὲεἐ“εἷὲ’πῖέπ”ἑεἐἒέῗεξὶπῖεῗῖ

277 1121 303 1174 se
326 1137 392 1191 rapo
420 1105 489 1185 plut
509 1133 524 1184 ·,
551 1103 651 1170 sanior
672 1123 776 1170 tarnen
794 1106 950 1168 sententia
977 1099 1111 1167 affirmat
1130 1122 1182 1168 eut
1216 1120 1251 1166 nr
1271 1103 1348 1167 adeo
1368 1102 1529 1181 gravibus.
1545 1104 1579 1168 dc
1598 1102 1781 1184 manisellis,
1797 1125 1918 1169 necnon
1937 1121 1988 1172 tot

277 1199 362 1244 nunt.
421 1187 578 1252 lethaliter
606 1204 731 1265 peccare
753 1232 762 1263 ,
784 1186 855 1261 quia
879 1202 909 1248 ι.
937 1199 1182 1261 quantacumque
1214 1201 1304 1246 errem
1326 1182 1363 1246 lis
1383 1183 1607 1261 comprobatis,
1624 1184 1831 1251 huiuscemodi
1851 1203 1990 1251 murtena

417 1267 555 1346 polleant
572 1266 732 1346 agilitate,
746 1262 864 1340 semper
877 1260 1004 1327 obnoxii
1025 1263 1181 1355 luntpro
1216 1204 1408 1355 probabiliter
1421 1262 1451 1325 se
1470 1257 1660 1328 incursuros.

414 1351 500 1412 ximo
523 1350 656 1421 mortis,
688 1345 739 1410 vel
759 1345 862 1423 gravis
891 1341 1027 1406 vulneris
1047 1343 1181 1417 periculo
1254 1342 1368 1405 Verum
1389 1359 1420 1404 in
1440 1341 1597 1422 proposito
1612 1343 1648 1407 de
1671 1344 1832 1411 homicidio
1845 1343 1960 1411 casuali
1970 1371 2041 1438 ,Q

413 1427 454 1492 ob
474 1427 609 1504 aliquam
628 1424 896 1505 supervenientem
912 1424 1113 1500 vertiginem,
1131 1423 1180 1487 vel
1213 1436 1247 1484 ut
1268 1417 1461 1501 dignoscatur
1480 1423 1602 1498 quando
1629 1444 1668 1490 err
1690 1443 1727 1489 eo
1750 1426 1842 1504 culpa
1864 1428 1981 1490 incurri
1997 1435 2041 1485 inl

415 1506 501 1572 aliud
519 1505 675 1581 accidens,
695 1502 776 1569 unde
797 1519 846 1568 tot
867 1497 1056 1566 sortassrt'ert
1072 1519 1110 1565 eo
1134 1503 1179 1566 lu·
1214 1506 1341 1579 potuit,
1358 1501 1546 1566 attendenda
1566 1501 1607 1565 cll
1632 1506 1753 1582 regula,
1769 1527 1865 1582 quarn
1885 1506 1983 1570 tradit
1997 1500 2040 1571 Μ,

411 1586 604 1663 deperiere,
624 1602 757 1662 qunterr
776 1582 1021 1659 torneamentis,
1044 1601 1111 1659 quae
1137 1584 1178 1644 id·
1213 1580 1378 1657 Angelicua
1410 1578 1527 1645 Dolior
1549 1599 1578 1643 a.
1601 1600 1630 1644 a.
1653 1605 1680 1668 q.
1711 1587 1761 1665 64.
1784 1605 1844 1649 art.
1870 1584 1903 1648 8.
1930 1584 1979 1649 ubi
2006 1578 2040 1639 ⁸⁸.

411 1668 495 1731 circo
515 1685 533 1729 a
560 1665 663 1734 Later.
689 1662 830 1728 Concilio
855 1660 911 1723 Ill.
935 1679 1001 1735 cap.
1024 1678 1053 1732 a.
1075 1659 1180 1730 severe
1212 1658 1272 1724 sic:
1293 1665 1358 1738 Ea,
1382 1680 1449 1738 que
1468 1658 1624 1750 usualiter
1641 1661 1734 1741 sunt,
1746 1664 1922 1748 simpliciter
1941 1666 1981 1728 lu·
1997 1691 2018 1741 ,ε
2030 1705 2041 1758 l

411 1743 572 1811 interdilla
592 1747 681 1824 l'unt;
701 1745 819 1821 nquit
840 1741 927 1816 plura
944 1739 1023 1804 ludia
1046 1737 1105 1802 suit
1125 1743 1180 1803 mi·
1211 1739 1342 1830 quenda,
1363 1762 1419 1803 non
1441 1737 1516 1819 sane
1545 1753 1678 1806 inmte.
1700 1744 1851 1824 Contingit
1878 1757 1986 1810 cirin

411 1822 496 1890 scent
524 1823 688 1890 obscona.
712 1821 764 1888 Sit
788 1823 931 1898 Pontac,
963 1816 1083 1886 Tourn,
1107 1841 1178 1885 curn
1210 1820 1354 1909 quadra,
1378 1821 1457 1897 quod
1472 1841 1529 1884 non
1552 1822 1590 1902 est
1608 1826 1676 1888 aliu
1698 1824 1797 1904 perse
1816 1825 1948 1890 uolitant

412 1905 498 1971 aliis.
1210 1901 1264 1988 uel
1282 1911 1433 1964 intentum
1455 1946 1465 1975 ,
1491 1902 1532 1978 fit
1554 1915 1606 1979 per
1623 1901 1755 1967 accidens
1769 1905 1906 1971 taliter·
1923 1871 1982 1969 ves

452 1984 604 2063 lmrnuner
627 2002 704 2050 vero
725 1979 888 2048 censentur
908 2000 926 2044 a
955 1978 1046 2057 culpa
1072 1979 1123 2058 qui
1139 1998 1176 2044 ut
1191 2035 1195 2098 1
1209 1991 1374 2069 irritatum,
1388 1978 1641 2068 secundunarrod
1658 1981 1752 2062 trulla
1768 2001 1821 2063 per
1846 1985 1982 2050 acriam

410 2063 558 2131 theriacae
578 2062 640 2130 suar
654 2066 806 2130 virtutem
824 2058 1061 2136 commendent,
1085 2077 1177 2127 venc-
1209 2059 1318 2128 dicitur
1337 2077 1497 2123 removens
1515 2107 1524 2137 ,
1544 2059 1714 2138 proludens.
1738 2066 1824 2130 Unde
1844 2066 1895 2142 qur·
1915 2075 1980 2128 lton

410 2163 482 2209 nun
505 2145 670 2221 hauriunt,
686 2141 737 2208 uel
795 2133 1174 2218 rmittuntatdperanior·
1208 2150 1340 2204 removet
1362 2158 1397 2202 ea
1417 2158 1456 2203 ex
1474 2136 1577 2228 quidus
1586 2137 1722 2218 sequitur
1739 2142 1981 2221 homicidium

412 2225 500 2303 deri,
516 2221 538 2285 si
557 2238 741 2289 concurrant
780 2221 1025 2298 aetonditiones,
1048 2239 1075 2283 1.
1092 2219 1177 2284 vide·
1209 2218 1289 2283 deber
1308 2237 1456 2308 remouere
1473 2265 1481 2293 ‚
1499 2232 1558 2282 ern
1569 2220 1775 2298 quodammodo
1786 2224 1978 2290 umnam

399 2305 487 2370 {tet
504 2300 524 2365 fi
541 2303 689 2370 theriaca
713 2298 876 2366 fabricator
895 2298 933 2363 sit
950 2302 1001 2363 vir
1017 2303 1092 2364 artic
1114 2296 1174 2363 sure
1208 2299 1432 2363 talamannia.
1452 2303 1515 2363 Hoc
1533 2311 1631 2363 cutem
1650 2301 1773 2383 emergit
1791 2303 1976 2383 dupliciter,

407 2388 541 2464 peritus,
563 2402 592 2445 a.
614 2381 635 2444 fi
656 2384 722 2472 vigo
741 2380 886 2444 theriacae
906 2382 938 2441 in
958 2378 1050 2445 bruto
1068 2398 1174 2457 exper-
1208 2401 1266 2442 ωηο
1280 2379 1364 2467 modo
1378 2379 1493 2458 quando
1506 2379 1583 2442 dans
1596 2395 1712 2457 optram
1726 2382 1948 2449 redur‘illirr'lis
1964 2429 1976 2462 ,

408 2483 458 2529 tut
477 2462 536 2540 sit,
557 2477 583 2540 3.
606 2460 730 2527 srcerto
745 2458 850 2523 credat
872 2457 946 2521 nibil
967 2458 1080 2523 lubelle
1097 2461 1175 2538 peri·
1189 2503 1193 2548 ,
1207 2471 1390 2538 qrarvrtare
1409 2455 1541 2533 deheim
1554 2459 1743 2527 homicidium
1756 2462 1897 2540 incurrit,
1915 2463 1976 2534 alit

336 2580 338 2584 <
405 2543 466 2607 culi
485 2539 577 2620 ,4ss
598 2537 681 2606 sorte
689 2537 803 2603 sentiat
824 2536 992 2625 theriacam
1012 2529 1100 2604 suam
1110 2541 1192 2612 vimy'
1206 2539 1287 2602 moda
1306 2540 1422 2617 quando
1438 2560 1494 2602 non
1518 2538 1641 2603 rdbibet
1661 2539 1790 2604 debiam
1807 2541 1975 2624 soliciwrle'·

405 2639 527 2688 antam
548 2627 610 2684 norl
627 2618 736 2684 habete
759 2617 795 2682 ad
826 2616 1059 2693 propulsandum
1078 2637 1172 2681 vene·
1207 2637 1301 2682 nem.
1329 2617 1454 2697 Regulo
1482 2619 1589 2695 Angel.
1613 2618 1752 2685 Dodlorit
1780 2627 1917 2688 advertit
1940 2623 1982 2687 1³.-

404 2723 513 2845 πῆε
531 2693 1172 2853 ⁶“aaut‘lilrlrululllll‘
1206 2697 1383 2842 ἓῆῆξῆῆ
1398 2696 1568 2842 uult
1582 2700 1982 2848 εῆξπῆῆῆῆῆῆῆ

395 2802 436 2846 re
506 2802 585 2845 rum·
632 2802 669 2843 cu
1124 2820 1131 2837 .
1579 2800 1589 2841 r
1743 2801 1792 2847 ern
1856 2802 1875 2846 a
1981 2837 1984 2844 ,

441 2863 506 2939 Qui
529 2827 669 2936 ieit‘rniit,
692 2824 825 2936 sigiliis,
842 2823 967 2933 aliisque
995 2852 1173 2922 asflidladu·
1205 2874 1241 2922 ut
1261 2875 1335 2933 opus
1360 2797 1502 2921 sllicitusit
1524 2856 1674 2924 iudicetur
1697 2802 1981 2936 ’cmssap'eindiresln

404 2942 492 3006 nibus
511 2938 673 3018 consulto,
694 2957 729 3003 ac
759 2937 855 3003 etiam
882 2936 1102 3013 advertenter,
1126 2932 1172 3002 sa·
1206 2935 1382 3013 homicidii,
1400 2934 1452 3002 scu
1472 2958 1523 3013 per
1543 2939 1698 3025 accident,
1713 2942 1832 3007 neceffe
1846 2941 1971 3021 clle,ut

314 3038 319 3048 ·
402 3027 534 3087 nitatem
553 3018 656 3098 suam,
676 3038 711 3083 ac
740 3019 841 3083 vitain
861 3016 1059 3083 immoderate
1079 3016 1171 3081 laede·
1204 3015 1318 3082 lrabeat
1338 3017 1471 3095 aliquem
1493 3016 1601 3083 saltem
1620 3021 1780 3096 relpellum
1795 3023 1833 3086 ad
1845 3022 1973 3087 homici-

334 3132 339 3141 ,
402 3119 472 3179 ret,
492 3103 632 3179 graviter
651 3115 809 3177 peccaret,
845 3098 898 3161 uia
927 3092 1046 3162 iaceret
1066 3098 1170 3176 gravi·
1203 3097 1304 3174 diurn,
1330 3100 1373 3162 ita
1393 3114 1447 3176 ut,
1468 3095 1489 3161 sr
1514 3119 1555 3163 err
1574 3119 1666 3187 opere
1687 3100 1798 3166 illicito
1818 3120 1875 3167 aut
1895 3122 1974 3166 nun·

405 3198 454 3245 rer
479 3192 591 3246 contra
620 3118 883 3264 charitatemusrbi
913 3173 1048 3265 debitam
1076 3180 1108 3239 in
1135 3196 1170 3266 re
1202 3197 1322 3253 quam,
1352 3193 1407 3242 aot
1426 3175 1571 3243 rarisfime
1592 3181 1735 3256 sequatur
1759 3180 1979 3262 homicidium,

403 3258 615 3403 graui,th
634 3273 763 3401 caphera.
785 3255 849 3396 dist.
859 3274 908 3401 ἰοὶ
922 3254 959 3318 de
983 3253 1170 3399 consecratrr‘o·
1198 3255 1260 3399 ¹bug
1279 3276 1350 3398 non
1366 3259 1427 3320 erit
1448 3259 1666 3404 imputandugrd
1681 3261 1801 3402 {9¹⁸³st
1829 3261 1971 3404 opusdil·

401 3356 539 3499 π”ῑεὶῗεπ
558 3353 685 3482 arilli,
704 3336 1050 3498 „rllxnr‘l‘flll
1066 3355 1169 3479 bird
1201 3354 1631 3507 eltrlaffilal‘clllissl
1649 3357 1970 3499 ,stillanti

276 3498 283 3510 '
398 3498 527 3580 penuria
543 3514 645 3576 corpur
664 3496 855 3560 immoderate
881 3493 1010 3577 aflligit.
1032 3495 1095 3570 Qui
1117 3515 1168 3561 ve·
1202 3496 1248 3560 dit
1265 3493 1376 3560 scalam
1398 3496 1434 3561 ad
1451 3493 1629 3576 suranduru,
1650 3520 1690 3564 err
1709 3501 1760 3564 illa
1781 3502 1904 3567 decidat
1921 3500 1970 3568 su·

400 3600 436 3645 ro
455 3580 613 3644 moderate
629 3576 762 3654 carnem
776 3571 861 3640 suam
880 3572 1069 3653 mortificat,
1089 3566 1168 3640 facit
1222 3595 1256 3639 ra
1265 3595 1392 3652 puerum
1408 3574 1570 3641 casualiter
1579 3595 1620 3642 eo
1636 3599 1794 3645 momento
1803 3574 1878 3646 inuc
1886 3600 1970 3647 tran·

399 3679 475 3736 opus
496 3659 638 3736 pietatis,
660 3659 730 3735 quia
756 3655 786 3718 id
813 3652 907 3733 facit,
931 3655 1015 3732 quod
1032 3652 1167 3720 faciebat
1214 3673 1341 3719 euntem
1353 3703 1363 3734 ,
1381 3656 1445 3720 tale
1466 3656 1660 3723 homicidium
1680 3656 1899 3736 prosedlonon
1924 3661 1974 3727 es··

400 3736 586 3816 Apostolus,
605 3740 655 3813 qui
680 3756 706 3800 r.
729 3734 870 3800 Corinth.
886 3752 916 3814 9.
935 3735 1057 3799 aiebat:
1079 3733 1167 3815 casti·
1201 3730 1246 3799 set
1264 3738 1323 3798 luri
1345 3737 1585 3814 imputandum,
1615 3743 1686 3815 quia
1715 3740 1887 3816 praevidere
1909 3738 1972 3807 boo¹

394 3840 431 3899 go
450 3838 549 3901 corpur
572 3837 689 3894 meum,
708 3814 749 3882 (ἲ
768 3816 802 3903 in
815 3812 994 3895 seruitutem
1015 3815 1168 3895 rediga&
1200 3813 1303 3879 debuit
1325 3815 1404 3895 quod
1420 3816 1475 3880 illa
1501 3816 1592 3895 bora,
1612 3840 1681 3894 quae
1700 3822 1762 3883 iam
1791 3816 1970 3898 supponitur

399 3898 486 3962 limul
502 3894 660 3963 confilium
681 3900 746 3959 eius
767 3896 901 3972 sequitur
919 3895 1030 3958 Colnll.
1053 3896 1167 3974 abdon
1202 3894 1347 3960 nodlurna
1361 3941 1369 3968 ,
1385 3895 1456 3959 dum
1478 3896 1654 3963 versaretur
1671 3903 1702 3962 in
1717 3898 1772 3964 tali
1794 3898 1879 3977 astu,
1895 3918 1968 3981 puer

399 3978 509 4056 tificm
523 3973 651 4041 membra
670 3977 784 4054 vestra,
805 3979 875 4051 quia
897 3973 1167 4052 viri&poeniten·
1201 3974 1275 4038 illuc
1293 3973 1455 4051 transiret,
1478 3974 1538 4052 ipse
1562 3996 1681 4057 rueret,
1706 3977 1789 4051 &in
1806 3981 1861 4048 tali
1881 3982 1968 4047 ruint

398 4062 473 4131 tia,
503 4053 725 4132 &asperitate
755 4053 886 4118 celebrer
905 4052 956 4117 diu
986 4056 1133 4121 vixerunt
1154 4080 1165 4120 r
1201 4050 1413 4129 transeuntem
1433 4058 1645 4126 interimeret.

398 4141 468 4217 quia
492 4136 619 4235 tandem
640 4153 705 4201 tarn
725 4135 797 4199 licet
814 4136 950 4214 ieiunio,
964 4132 998 4198 dt
1015 4134 1166 4200 abstinen-

395 4223 441 4286 tia
458 4219 557 4360 virgin
573 4219 752 4357 imminulere¹
769 4233 893 4291 propter
901 4212 1165 4358 Chrillumflquam
1314 4281 1316 4285 ,
1504 4227 1546 4295 a,
1587 4220 1649 4288 ῃ,

394 4300 467 4364 lieet
488 4318 510 4361 o
549 4313 613 4360 tem
636 4313 720 4358 orae
753 4315 861 4359 ucrurn
881 4312 963 4360 artes
994 4298 1165 4372 proteri,
1377 4333 1382 4347 ·
1412 4335 1443 4348 .·
1740 4340 1745 4353 .
1795 4338 1801 4353 .

393 4399 461 4457 quae
491 4373 597 4439 sensrm
615 4317 723 4441 pvitnn
753 4372 929 4441 insumunt.
962 4374 1033 4437 Non
1059 4392 1163 4438 tamen
1308 4332 1537 4416 „mamas”
1558 4339 1646 4421 'psus
1665 4340 1895 4433 mmmm&

392 4457 483 4522 debet
500 4457 558 4531 elle
574 4458 710 4518 intentio
726 4454 827 4518 nollra
844 4455 999 4518 minuendi
1016 4456 1095 4530 quod
1108 4477 1162 4519 no·
1239 4450 1344 4516 Homo
1360 4451 1447 4519 scuti
1464 4475 1525 4518 non
1542 4451 1586 4518 esl
1609 4454 1747 4521 dominus
1764 4461 1896 4537 propriae
1919 4457 1962 4521 vi·
1981 4447 2040 4529 lid

391 4536 485 4602 slrum
505 4535 656 4608 nonest,
683 4538 728 4597 ita
750 4549 785 4596 ut
806 4534 855 4609 qui
876 4534 975 4610 diem,
994 4539 1163 4599 autetiam
1198 4549 1260 4606 tae,
1275 4535 1323 4595 ita
1344 4553 1399 4597 nec
1415 4533 1456 4596 cll
1472 4535 1612 4598 dominus
1633 4536 1966 4603 men-brorumsuicor·
1989 4530 2029 4570 ἀ’

389 4620 495 4682 boram
520 4618 596 4679 vitae
618 4614 668 4678 libi
690 4610 845 4685 auferret,
868 4611 944 4676 ellct
965 4611 1008 4677 sui
1028 4611 1162 4679 occisor.
1198 4615 1294 4689 poris,
1312 4608 1359 4674 sed
1383 4612 1472 4677 babet
1494 4616 1647 4680 duntaxat
1666 4621 2041 4705 convenientemeoppn

387 4698 426 4762 In
443 4694 492 4760 hit
514 4697 627 4775 igitur,
648 4710 684 4756 ut
700 4691 1162 4785 advertitTourneleiut,llan·
1197 4711 1265 4756 rum
1286 4687 1391 4768 usum,
1411 4692 1444 4757 dr
1474 4692 1768 4763 administrationem
1795 4698 1834 4761 ad
1854 4695 2041 4764 hommem

390 4780 463 4843 dum
482 4774 525 4840 esi
546 4774 704 4852 prudentia
719 4771 862 4835 consilio.
1081 4820 1084 4825 -
1196 4772 1294 4838 totiur
1311 4770 1371 4835 suae
1393 4771 1549 4850 pecinnae,⁸
1570 4770 1641 4839 hinc
1660 4777 1712 4852 ipli
1733 4798 1794 4840 non
1817 4778 1891 4842 licet
1913 4775 2041 4850 saldra-r

426 4856 508 4921 Cum
529 4873 606 4920 vero
626 4851 692 4933 plus
708 4846 780 4914 insit
808 4850 934 4928 periculi
955 4853 1031 4916 vitae
1054 4853 1086 4916 in
1107 4852 1160 4943 usu
1197 4873 1235 4916 va
1262 4848 1439 4915 necessitate
1460 4853 1497 4918 ad
1524 4853 1565 4917 lui
1587 4860 1726 4932 corporis·
1745 4854 1894 4934 salutem,
1915 4841 2041 4921 alienlm

391 4932 613 5011 liquorum&
640 4931 782 5008 crapula,
809 4949 1044 5007 propterquam
1069 4934 1158 4996 multi
1195 4933 1275 5008 quod
1295 4931 1455 5006 corporale
1475 4931 1641 4998 membrum
1662 4932 1847 5001 fibimutila
1883 4935 1971 5001 .Un·

391 5017 512 5092 obiere,
531 5006 702 5078 Ecclesiast.
726 5026 774 5088 37.
805 5009 876 5074 hinc
896 5015 927 5072 in
947 5015 1096 5076 continuo
1116 5010 1158 5076 sui
1195 5011 1232 5076 de
1253 5032 1315 5077 non
1341 5010 1413 5075 licet
1441 5011 1471 5074 se
1490 5013 1619 5076 caslrare
1640 5013 1679 5078 ad
1693 5014 1838 5082 vitandae
1899 5035 1971 5084 nta-

392 5093 578 5183 ltonricidio‚
595 5110 631 5160 ac
651 5088 720 5161 idtu
739 5095 937 5172 inperpetuo
956 5090 1038 5163 statu
1054 5112 1160 5173 pecca·
1194 5094 1295 5163 tionet
1314 5137 1326 5171 ‚
1354 5086 1591 5173 servandamque
1606 5090 1813 5177 >castitatem
1846 5095 1970 5245 ἀπεαπ
