4425 6000
318 524 394 603 266
598 523 806 598 Trici.-
840 548 904 598 οε
935 527 1261 600 courtier.
1287 527 1404 600 Chr.
1431 527 1529 600 XIV.

189 662 216 714 in
266 625 353 688 niurn
367 675 377 702 ,
392 643 426 689 ac
438 623 564 690 liberam
587 621 817 700 dispositionem
827 646 954 704 eorum,
973 645 1039 700 quae
1076 627 1181 700 nium,
1202 623 1363 701 industria,
1385 647 1432 688 ars
1455 625 1516 690 &n
1534 623 1580 691 sed
1597 621 1783 703 intelligitur
1803 623 1845 688 lu·

172 739 231 779 η...
266 723 451 783 exponunt,
472 705 505 770 dt
526 705 649 770 aliunde
666 705 802 769 babeant
825 706 931 782 ,unde
951 706 1040 769 alant
1077 705 1132 768 diis
1148 704 1219 781 ille,
1234 708 1283 779 qui
1300 702 1363 769 five
1379 709 1515 784 chartis,
1531 706 1595 772 five
1607 705 1732 771 taxillis
1751 752 1761 782 ,
1783 701 1843 767 sive

179 791 254 848 iudi.
270 779 438 861 familiam,
458 785 560 849 debita
577 784 718 861 solvant,
733 786 960 867 eleemosynam
972 805 1041 849 cro·
1076 786 1184 859 quovis
1204 783 1272 870 alio
1289 783 1492 850 instrumento
1504 803 1669 850 exercetur
1689 833 1698 862 ,
1718 779 1841 846 vitum

270 883 346 943 gent
362 913 371 943 ,
395 867 513 929 caeteris
527 864 636 929 officiis
653 886 721 941 quae
733 865 907 930 ludentibus
924 884 1040 930 conve·
1078 883 1155 928 vero
1172 859 1240 926 casu
1257 869 1386 929 fortuito
1405 864 1585 930 obtinetur.
1606 867 1655 927 Sic
1670 867 1842 926 enimcum-

272 949 382 1020 iiiunt,
398 940 604 1009 satisfaciant.
628 945 708 1008 Hinc
731 946 1040 1010 ludenicumdamno
1077 943 1212 1006 munitet
1228 939 1340 1028 semper
1361 943 1513 1009 intelledia
1534 943 1591 1008 fuit
1608 965 1672 1008 vox
1688 943 1785 1019 aleae;
1806 940 1838 1004 ἀ

272 1024 401 1089 notabili
420 1020 545 1088 familiae
557 1020 1041 1102 suae,autsamiliaecolludentis,
1075 1040 1184 1087 contra
1202 1020 1369 1086 huiusmodi
1388 1026 1474 1089 ludos
1501 1026 1681 1089 coiillitutae
1698 1019 1786 1086 fuere
1802 1020 1841 1083 le·

238 1140 241 1147 -
271 1101 518 1179 aureumquibus
528 1105 652 1188 dubitat
663 1104 823 1179 pt'iidenter
832 1125 870 1170 aii
879 1109 914 1169 de
925 1109 1043 1181 proprio
1076 1119 1206 1181 gestam
1224 1105 1330 1166 civiles
1350 1125 1441 1180 quam
1461 1103 1671 1169 ecclesiasticae
1693 1100 1756 1177 ,dt
1776 1120 1843 1179 gra·

272 1185 409 1260 ludant,
437 1184 538 1260 quales
564 1185 632 1247 lunt
661 1180 868 1262 filiifamiliae,
898 1203 953 1249 aut
973 1206 1042 1248 cum
1077 1200 1131 1247 ves
1148 1199 1247 1256 poeuae
1275 1181 1398 1248 statuto:
1421 1182 1507 1248 fuere
1530 1202 1639 1248 contra
1667 1183 1843 1254 aleatores,

272 1263 379 1340 quibus
399 1262 453 1326 scit
474 1283 536 1327 non
554 1264 664 1326 habere
688 1263 724 1326 de
756 1270 878 1341 proprio
892 1265 970 1340 quod
991 1284 1042 1326 cx·
1075 1282 1145 1326 cum
1176 1261 1253 1324 tales
1281 1263 1343 1325 ludi
1370 1268 1504 1327 maxime
1532 1267 1655 1327 irritent
1681 1262 1846 1325 humanam

271 1362 411 1421 ponant,
429 1338 594 1406 cuiusmodi
613 1340 682 1407 sunt
703 1343 843 1422 Religiosi
862 1342 979 1421 professi
990 1391 999 1421 ,
1020 1341 1040 1405 si
1077 1340 1318 1405 imbecillitatem
1340 1347 1375 1407 ad
1397 1342 1651 1421 prorumpendum
1662 1346 1694 1404 iii
1712 1339 1845 1417 blasphe-

272 1426 482 1499 quantitatem
496 1419 659 1500 respeiiive
679 1421 844 1486 notabilem
861 1441 1042 1502 exponant,
1076 1425 1152 1484 mias
1175 1440 1285 1484 eontra
1309 1422 1446 1488 divinam
1471 1422 1733 1498 Providentiam,
1760 1420 1845 1484 cuius

271 1502 429 1567 lethaliter
450 1520 554 1577 peccat
576 1549 585 1580 ,
609 1505 680 1578 quia
699 1522 881 1577 cooperatur
915 1522 1042 1583 peccato
1076 1519 1157 1564 nutu
1174 1504 1269 1565 etiam
1287 1501 1372 1565 nobis
1391 1501 1520 1568 fortuita
1548 1500 1627 1564 iullo
1648 1501 1779 1564 consilio
1793 1493 1846 1561 dis·

273 1581 329 1645 illo
356 1584 503 1657 mortali,
525 1581 560 1646 &
587 1581 745 1647 ieslitiieie
769 1601 910 1647 tenerur.
935 1604 962 1644 a.
996 1581 1040 1645 Ut
1076 1597 1247 1654 ponuntur.
1271 1579 1368 1659 Igitur
1389 1586 1602 1658 quicumque,
1631 1580 1846 1657 etiaiulaiti,

273 1660 388 1726 lumina
398 1660 468 1725 ludo
477 1658 611 1738 exposita
621 1663 737 1727 modica
747 1661 782 1727 sit
795 1668 881 1728 iuxta
891 1665 1042 1731 conditio·
1077 1659 1191 1722 talibus
1212 1662 1288 1724 ludis
1310 1665 1437 1724 nomine
1452 1662 1527 1726 aleae
1542 1660 1689 1737 expolitis
1707 1657 1844 1736 frequen·

272 1762 343 1804 nem
357 1740 391 1805 &
408 1738 574 1806 facultates
590 1739 735 1817 cuiusque
751 1744 905 1820 ludentis,
925 1745 958 1809 &
979 1764 1041 1806 non
1077 1760 1126 1803 ter
1141 1736 1321 1805 deserviunt
1341 1789 1350 1818 ,
1371 1745 1507 1820 graviter
1524 1760 1652 1817 peccant
1673 1787 1682 1817 ,
1711 1757 1749 1803 ur
1765 1743 1844 1801 inter

271 1823 371 1884 maior
386 1840 561 1901 quamopiis
578 1817 615 1883 sit
627 1821 662 1884 ad
679 1823 1042 1888 excitandumcumoble·
1076 1820 1151 1882 alios
1172 1820 1330 1906 concludit
1349 1821 1377 1882 S.
1400 1819 1597 1902 Raymundus
1631 1817 1683 1882 lib.
1701 1839 1730 1880 2.
1760 1822 1853 1885 Sum

271 1898 407 1965 {latione
423 1906 574 1976 animum,
593 1899 874 1980 &impediendum
894 1924 932 1967 ne
954 1904 1040 1967 ludus
1074 1920 1131 1960 mae
1149 1911 1200 1962 ut.
1218 1920 1246 1959 a.
1266 1918 1334 1963 tuin
1352 1920 1391 1963 ex
1411 1904 1568 1979 gravitate
1586 1919 1748 1976 poenarum
1768 1902 1844 1963 aiu·

274 1977 468 2059 languescat.
501 1995 528 2058 3.
552 1979 603 2043 Ne
624 1981 751 2044 ludatur
780 1984 986 2061 principaliter
1001 1984 1042 2047 ob
1076 2000 1108 2041 re
1126 1977 1309 2041 inflidiarum
1330 1981 1536 2055 aleatoribus,
1558 1998 1625 2042 tum
1646 1998 1686 2042 ex
1698 1979 1846 2055 periculo,

272 2058 409 2135 lucrum,
428 2082 499 2121 cum
514 2059 746 2134 hnisproximus
763 2060 823 2126 ludi
841 2061 877 2126 sit
896 2064 988 2126 animi
1000 2063 1040 2127 le·
1076 2060 1124 2120 cui
1148 2055 1177 2120 se
1196 2076 1357 2134 exponunt
1389 2065 1542 2124 aleatores
1569 2055 1720 2123 irascendi
1738 2076 1846 2123 contra

272 2158 408 2213 vimen,
437 2139 471 2204 dt
500 2139 690 2215 obletlatio,
715 2159 751 2204 ut
778 2148 921 2222 vegetior
949 2142 985 2208 lit
1006 2144 1039 2208 dt
1074 2138 1194 2200 Deum·

272 2220 380 2294 aptior
399 2218 436 2283 ad
463 2221 611 2281 exercitia
641 2239 763 2295 propter
783 2222 881 2286 Deum
904 2226 964 2285 rite
987 2221 1040 2286 ob-
1114 2216 1222 2291 Qare
1238 2220 1374 2294 graviter
1396 2237 1519 2294 peccare
1540 2215 1704 2280 censentur
1721 2219 1767 2290 ii,
1795 2219 1845 2293 qui
1874 2215 1914 2266 &l

271 2297 372 2360 cunda
391 2295 458 2374 ,dt
480 2297 568 2362 ludus
584 2298 711 2362 ulterius
741 2320 804 2364 non
822 2302 907 2378 posht
925 2304 987 2366 elie
1006 2301 1039 2365 fi·
1074 2295 1196 2360 domum
1213 2293 1341 2361 suamad
1349 2298 1511 2362 ludendum
1519 2299 1715 2361 commodant
1729 2294 1845 2361 aleato-
1874 2280 1914 2332 ¹⁸¹*

271 2379 318 2440 nis
341 2375 498 2441 bonellus.
526 2401 554 2455 4
577 2375 624 2440 Ut
647 2378 723 2441 abiit
746 2384 847 2444 omnis
872 2381 982 2461 fraus,
1005 2381 1038 2448 dc
1074 2374 1179 2450 ribus,
1213 2393 1323 2453 utpote
1351 2381 1401 2454 qui
1431 2396 1523 2456 agant
1541 2395 1649 2441 contra
1676 2377 1777 2455 legum
1795 2398 1847 2441 au·

256 2460 400 2530 iniuria.
432 2475 459 2534 5.
483 2455 528 2521 Ut
561 2454 597 2518 sit
614 2459 775 2534 aequalitas
805 2463 927 2524 moralis
943 2464 1038 2537 quoad
1073 2453 1544 2532 dioritatem,quaelirisiillime
1565 2455 1914 2523 huiuscemodilocaenli

241 2539 379 2598 ‘omnes
399 2537 431 2597 in
446 2534 496 2612 spe
512 2537 716 2613 lucrandi,&
739 2540 1038 2619 periculoperdendi,·
1074 2535 1310 2599 vetantaddiris
1331 2541 1428 2600 etiam
1444 2542 1541 2613 poenis
1570 2536 1680 2600 eadem
1713 2536 1907 2600 locate-¹⁸¹·

272 2616 329 2679 boc
346 2618 427 2677 enim
447 2619 612 2693 requiritur
627 2618 665 2680 ad
685 2616 832 2683 iustitiam
862 2619 950 2684 huius
965 2642 1038 2684 cou-
1074 2616 1215 2678 uentibus
1239 2616 1295 2691 ,ἃ
1315 2621 1383 2690 quia
1405 2617 1544 2694 praebent
1566 2616 1635 2679 aliis
1655 2619 1687 2678 in
1704 2614 1844 2680 huiusce·

272 2691 474 2772 rrauus,qui
496 2701 642 2773 utrinque
658 2694 700 2759 est
716 2700 889 2777 onerosus,
920 2721 991 2764 cum
1007 2705 1038 2764 in
1074 2695 1154 2757 modi
1170 2696 1395 2758 conventiculis
1418 2694 1606 2760 occasionem
1637 2696 1840 2771 plurimorum

272 2775 330 2837 hoc
349 2793 470 2838 ematur
492 2777 555 2852 lpes
575 2777 712 2840 lucrandi
734 2782 870 2855 periculo
879 2781 1035 2857 perdendi.
1073 2779 1215 2851 gravium
1234 2793 1456 2853 peccatorum,
1484 2776 1518 2840 &
1539 2778 1691 2850 praecipue
1708 2774 1842 2850 plurium

271 2859 300 2915 ⁶.
319 2852 365 2917 Ut
381 2852 459 2918 absit
477 2851 615 2933 coadlio,
631 2876 740 2934 nempe
761 2877 796 2923 ut
814 2860 893 2924 alter
908 2863 1038 2924 alterum
1074 2853 1262 2918 familiarum
1291 2858 1421 2918 extremi
1444 2857 1574 2919 excidii.
1605 2852 1727 2918 Idcirco
1755 2857 1844 2919 iuxta

272 2935 311 2998 aid
333 2933 441 2999 ludum
456 2935 507 3000 vel
527 2938 732 3012 incipiendum
753 2987 760 3014 ,
779 2940 830 3002 vel
851 2947 1038 3006 continiian·
1073 2931 1240 2998 dostrinam
1271 2935 1423 3009 seraphici
1444 2932 1581 2999 Seffesssss
1611 2935 1707 2996 serm·
1740 2949 1788 3015 33·
1817 2937 1849 2996 ¹¹¹

271 3013 343 3077 dum
362 3034 426 3079 non
448 3016 553 3081 trahat
575 3036 627 3092 per
649 3019 1038 3097 iniurias,fraudes,con·
1073 3016 1195 3079 Domin.
1224 3016 1377 3093 Qiadrag.
1411 3015 1559 3079 absolutio
1598 3013 1641 3078 his
1669 3014 1847 3097 deneganda

271 3096 374 3166 vicia,
396 3098 557 3178 preterita
578 3100 788 3173 importunas,
817 3116 852 3162 ut
878 3106 964 3164 malit
988 3122 1038 3173 po·
1073 3092 1142 3170 eu,
1170 3096 1257 3159 donec
1272 3095 1454 3160 removerint
1479 3096 1598 3159 domum
1619 3117 1638 3157 a
1663 3092 1723 3159 iali'
1733 3092 1848 3174 peffiino

272 3175 334 3235 tius
354 3193 420 3235 rem
435 3179 518 3238 luam·
537 3177 705 3252 periclitari
724 3199 819 3254 quam·
844 3184 940 3246 tantis
957 3180 1037 3245 affici
1073 3174 1127 3253 usu
1146 3173 1269 3239 ludendi
1277 3218 1288 3237 .-

272 3251 439 3315 molestiis.
1113 3258 1245 3319 Peccant
1265 3259 1381 3332 pariter
1400 3273 1469 3321 tum
1485 3256 1596 3320 Clerici
1622 3251 1766 3319 ludentes
1782 3271 1844 3316 non

190 3345 195 3354 “
1075 3331 1170 3398 solum
1187 3334 1282 3410 aleae,
1297 3334 1344 3400 sed
1364 3341 1461 3402 etiam
1483 3338 1545 3400 alio
1562 3333 1638 3399 lusui
1658 3381 1669 3412 ,
1696 3340 1747 3412 qui
1764 3332 1850 3396 inde«

601 3421 627 3479 §.
672 3412 719 3477 ll.
1075 3419 1210 3509 centiam
1232 3417 1367 3492 aliquam
1386 3423 1515 3483 mixtam
1530 3415 1731 3509 haheat,vel
1753 3408 1841 3506 sific-

480 3531 523 3595 ¹³⁶
540 3532 637 3598 Μὴ
653 3531 829 3610 vulve
1075 3497 1843 3651 llllllalh¹l’?³¹l{l”h{¹¹tiletgllhlt

311 3637 381 3730 lure
401 3644 509 3740 divino
529 3697 538 3722 ,
558 3665 595 3713 ac
614 3653 746 3714 naturali
771 3655 863 3716 veriti
885 3650 957 3718 suot
974 3651 1038 3716 ludi
1076 3657 1106 3717 in
1127 3655 1275 3731 oflicinis,
1297 3625 1420 3732 aliisque
1437 3658 1528 3730 locis,
1544 3675 1610 3731 qiiae
1633 3652 1841 3717 laicorumob·

269 3736 308 3785 tx
325 3725 354 3817 le
374 3726 449 3789 mali
470 3749 505 3791 ac
526 3746 646 3805 turpes,
667 3730 700 3795 dt
720 3732 875 3811 indecori,
896 3753 932 3797 ac
949 3735 1040 3798 adlu·
1074 3734 1244 3799 servationi
1263 3754 1391 3813 patent.
1420 3738 1543 3801 clericis
1566 3736 1649 3797 enim
1665 3730 1841 3797 interdilius

269 3818 388 3868 xuiiam
404 3827 610 3882 provocantes
630 3858 639 3886 ,
664 3812 716 3873 vel
736 3816 788 3888 qui
811 3813 879 3878 siint
898 3819 1054 3887 proxima
1074 3815 1116 3877 est
1136 3813 1338 3879 huiuscemodi
1363 3817 1498 3880 alearum
1522 3815 1607 3878 ludus
1640 3813 1678 3876 ab
1704 3813 1842 3875 omnibus

268 3883 388 3947 occasio
405 3892 550 3966 peccari,
581 3908 635 3954 aut
661 3891 728 3953 aliis
745 3891 939 3956 scandalum.
969 3893 1041 3958 lure
1075 3892 1136 3959 fere
1152 3896 1299 3958 Conciliis
1320 3915 1387 3958 tum
1403 3894 1595 3972 generalibus
1617 3916 1651 3957 ac
1670 3894 1843 3967 provincia·

270 3979 373 4055 autem
400 3963 534 4032 humano
562 3986 627 4033 tam
664 3971 749 4033 civili
774 3995 864 4047 quam
891 3977 1041 4037 canonico
1075 3976 1169 4052 libus,
1190 3995 1281 4051 quam
1309 3972 1526 4050 Dioecelanis,
1552 3978 1584 4035 in
1611 3970 1722 4048 quibus
1748 3970 1843 4060 sermo

271 4057 390 4105 vetitus
410 4043 454 4107 est
480 4045 567 4111 ludus
601 4050 676 4113 aleae
706 4053 830 4115 ratione
857 4050 954 4115 ssatus
975 4057 1040 4129 qui·
1076 4057 1204 4119 habetur
1227 4055 1263 4117 de
1288 4052 1540 4119 Reforiuatione.
1572 4054 1611 4116 Et
1640 4047 1843 4115 huiuscemodi

270 4118 613 4214 busdampersonis,ut
635 4126 978 4211 Clericis,Religiosis,
1005 4133 1039 4199 &
1076 4135 1299 4213 prohibitiones
1337 4139 1505 4201 innovavit
1543 4133 1716 4198 Concilium
1756 4129 1842 4193 Trid.

269 4218 395 4294 ratione
412 4201 495 4280 ludi,
512 4208 561 4271 vel
577 4210 705 4274 alicuius
725 4213 900 4288 periculosae
911 4216 1041 4278 circum·
1068 4212 1132 4297 sels.
1153 4234 1201 4279 aa.
1222 4226 1281 4277 art.
1305 4235 1332 4279 i.
1356 4217 1394 4279 de
1407 4214 1557 4298 reformat.
1579 4216 1668 4276 cuius
1689 4207 1843 4274 reitrusab

269 4277 391 4345 slanriae
409 4287 507 4348 etiam
526 4287 611 4377 laicis
633 4312 642 4359 3
673 4295 747 4369 Leg.
771 4312 799 4356 i.
815 4290 856 4358 (θ’
876 4313 903 4353 a..
926 4297 986 4358 rod.
1004 4296 1040 4359 dc
1074 4294 1216 4360 omnibus
1236 4297 1386 4373 Synodis,
1405 4319 1473 4372 quae
1497 4294 1598 4370 pollea
1616 4292 1772 4356 celebrata
1784 4285 1847 4351 fue·

271 4362 358 4424 oleat.
377 4361 417 4429 (5
435 4368 465 4429 C.
484 4366 609 4460 Episcop
630 4372 692 4452 dist.
715 4388 760 4449 35.
776 4393 814 4438 tx
829 4375 1038 4450 caii.Apollol.
1075 4398 1133 4455 re,
1150 4379 1238 4440 citari
1255 4376 1419 4440 consuevit
1436 4424 1445 4452 ,
1472 4376 1507 4441 dt
1526 4376 1601 4437 lolet
1630 4372 1680 4435 ubi
1709 4368 1800 4434 huius
1831 4396 1845 4413 ·

271 4438 313 4502 Et
329 4459 411 4535 ratio
431 4446 502 4510 talis
524 4449 736 4524 prohibitionis
751 4450 795 4517 est
811 4450 1040 4533 frequeririalu·
1074 4457 1154 4521 modi
1183 4455 1401 4534 prohibitiones
1424 4473 1535 4520 contra
1561 4455 1701 4516 Clericus
1731 4448 1845 4514 inslau·

271 4516 319 4582 s¹1⁵
339 4524 505 4595 Periculum
525 4528 558 4593 dt
586 4529 705 4594 oceaho
735 4534 904 4600 multorum
933 4551 1040 4612 pecca·
1076 4554 1171 4601 tant.
1837 4605 1845 4620 ⁸

276 4602 447 4692 toruni,&
468 4609 647 4684 malorum,
674 4628 708 4673 ut
738 4616 790 4676 irae
811 4663 819 4689 ,
844 4619 982 4679 rixarum
1005 4617 1039 4677 li·
1113 4616 1193 4681 ltem
1210 4634 1339 4692 peccaut
1358 4618 1409 4692 qui
1433 4613 1543 4680 ludunt
1558 4636 1627 4679 eum
1653 4612 1779 4689 aliquo,
1797 4625 1846 4684 qui

205 4725 207 4730 ¹
276 4695 374 4772 tium,
393 4680 601 4777 blasphemiae,
620 4676 762 4769 periurii,
779 4693 903 4760 iadiurae
922 4712 1040 4773 tempo·
1075 4717 1135 4761 non
1153 4694 1248 4772 potest
1269 4698 1403 4761 alienare
1433 4699 1586 4775 praecipue
1611 4693 1710 4769 quoad
1729 4706 1845 4755 certaria

274 4781 335 4853 ris,
351 4759 524 4829 officiorum
541 4767 888 4852 debitorumneglediio,
910 4776 1041 4846 eversio·
1075 4777 1240 4855 summam,
1259 4797 1294 4841 ut
1315 4775 1337 4839 si
1359 4775 1468 4841 ludant
1494 4799 1563 4841 cum
1583 4770 1757 4852 Religioso,
1774 4789 1845 4834 cum

273 4857 320 4903 nis
342 4837 535 4909 fortunarum
553 4847 617 4914 &o
1074 4855 1299 4935 filiofamilias,
1328 4856 1390 4922 &o
1419 4861 1492 4933 quia
1506 4876 1581 4921 ruric
1609 4855 1745 4917 alienum
1763 4850 1843 4914 obti-

287 5002 290 5008 .
312 4922 372 4985 Pro
394 4924 465 4989 ludo
480 4947 556 5015 vero
575 4931 652 4995 aleae
680 4951 742 4997 non
769 4935 955 5014 intelligitur
973 4938 1041 5014 qui·
1074 4957 1149 5001 nere
1164 4937 1276 5003 volunt
1296 4934 1358 5000 sine
1375 4938 1492 5016 titulo,
1509 4934 1588 5013 quod
1617 4933 1766 4997 iniustum
1783 4926 1843 5004 esi,

258 4996 348 5088 liber
363 5001 443 5069 lusui
465 5055 473 5082 ,
500 5030 550 5081 qui
571 5009 686 5075 chartis
710 5011 826 5078 lusoriis
856 5014 1007 5092 perficitur
1029 5067 1039 5097 ,
1073 5017 1336 5094 &cooperantur
1358 5016 1486 5080 alterius
1509 5014 1687 5092 iiiiullitlae,
1719 5010 1845 5076 acideo

273 5099 306 5140 ¹²¹
337 5104 398 5157 vno
421 5107 562 5165 magnam
586 5110 704 5167 partein
721 5092 770 5157 sibi
789 5096 933 5162 vendicat
957 5101 1038 5177 inge-
1074 5115 1220 5164 tenentur
1236 5098 1274 5163 ad
1293 5090 1542 5163 restitutionem.
1564 5095 1690 5159 Etenim
1704 5092 1740 5160 dt
1760 5092 1844 5184 iteh-

1743 5192 1809 5252 gio·
