4425 6000
547 531 720 608 Tutor.
743 550 802 604 ur
829 524 1084 603 assessus
1114 515 1343 606 Euentus
1370 519 1475 599 Cur.
1499 520 1547 599 ll.
1692 543 1775 625 439

260 651 335 706 ante
349 631 480 714 sestam,
498 630 533 701 ἁ
551 633 652 698 multo
671 631 771 694 minus
791 625 857 710 ipso
876 626 925 690 die
952 622 1018 689 sessi
1055 621 1105 688 sed
1130 618 1244 716 sufficit
1267 625 1364 716 etiam
1390 623 1558 700 periculum
1577 622 1678 703 pravis
1703 627 1822 691 socom·

259 734 402 798 tempore
420 732 557 792 congruo
571 710 715 790 implendi
736 724 937 787 ptaeocptum.
954 703 1024 769 Un-
1055 699 1157 797 φάη
1177 701 1211 768 &
1227 705 1259 765 in
1275 700 1366 768 dubio
1385 703 1423 766 de
1440 704 1573 797 periculo
1604 708 1635 768 in
1659 704 1823 770 deserendo

258 799 299 863 de
327 798 378 874 qui
402 795 553 873 ptaevidet
573 790 653 869 quod
676 805 767 869 agere
792 786 904 853 debeat
930 803 1023 864 nego·
1056 779 1199 860 infirmo,
1227 780 1330 847 censet
1357 781 1565 849 Tournelerus
1594 804 1656 848 non
1684 782 1823 850 deserem

258 882 340 942 tium
354 872 503 954 aliquod,
519 890 592 950 pota
609 868 664 936 sust
685 868 820 938 medium
836 868 925 931 ltuina
945 881 1023 929 tem·
1054 862 1148 940 dum,
1168 862 1256 928 sicuti
1274 864 1307 926 in
1328 860 1420 929 dubio
1436 884 1475 930 an
1490 864 1706 936 convalescens
1724 883 1823 943 capa:

260 959 363 1035 poris,
383 954 475 1020 debet
498 953 687 1031 prevenire,
704 945 824 1015 sacrum
848 942 1023 1011 autento,
1057 939 1095 1008 stt
1115 941 1207 1008 officii
1235 943 1406 1037 recitandi,
1422 943 1516 1010 satius
1535 942 1577 1010 est
1598 944 1672 1011 illud
1695 948 1825 1016 omitte·

258 1036 357 1114 Quod
385 1032 408 1096 st
437 1030 518 1100 assio
542 1034 641 1098 etiam
664 1027 801 1095 homst:
829 1026 1025 1093 recreationis
1055 1023 1210 1090 recitem
1225 1021 1440 1118 sciscendum
1459 1025 1700 1120 extinguendum
1714 1045 1824 1091 occur·

261 1118 364 1211 qratia
388 1113 558 1179 assumatur
585 1108 706 1187 aliquot
729 1108 1025 1253 qu‘emgssssp:
1055 1103 1558 1263 {a,eumlfflv{ragcnszl;m
1573 1104 1824 1252 rmgffliengumg

263 1189 928 1358 sigetftstrsescssnptrslsitsrrcaecdsltilglssusugrff
948 1281 1025 1346 tunc
1056 1263 1286 1357 discurrendum
1299 1266 1332 1326 in
1346 1264 1416 1360 aliis
1431 1208 1576 1360 ssfifflffibs’
1596 1234 1728 1344 casrlru’s,
1747 1280 1825 1343 puta

263 1375 340 1423 vere
365 1353 459 1418 homo
479 1354 580 1417 utitur
608 1352 676 1413 iure
695 1345 777 1426 suo,
803 1349 836 1412 dt
862 1366 903 1411 ne
920 1365 951 1408 ur
968 1344 1025 1409 hoc
1059 1341 1249 1410 succurrendi
1266 1363 1408 1437 prontmo
1429 1365 1461 1410 rn
1485 1346 1619 1423 periculo
1639 1350 1746 1434 vitre,
1768 1344 1827 1410 bo·

263 1436 429 1579 is⁰¹“*·⁰³⁸‘
455 1429 600 1576 imm
620 1423 779 1572 '‘sm“
800 1424 1027 1571 slliu‘siui}
1058 1445 1170 1570 listis
1187 1420 1387 1570 &usta
1401 1421 1826 1572 trssnslszlsss!

261 1531 458 1671 tesggomrun'te.
481 1526 638 1585 mamm,
665 1526 796 1583 mm,
1060 1590 1086 1650 ri
1119 1524 1264 1660 leqdeqei
1291 1582 1414 1649 indubie
1443 1525 1753 1664 futurampepeccaodi
1772 1604 1827 1649 oc·

303 1673 463 1751 susceptio
478 1664 606 1736 astionis
620 1663 749 1733 alicuius
768 1663 959 1745 impeditivae
974 1683 1028 1729 au·
1059 1661 1229 1741 casrooem,
1245 1660 1344 1757 potcll
1369 1663 1406 1728 ad
1421 1664 1540 1743 aliquod
1559 1683 1679 1744 tempus
1702 1662 1827 1730 Missam

262 1751 389 1819 ditionis
410 1751 504 1827 sacri,
520 1768 560 1814 ex
576 1747 755 1815 necessitate
774 1753 871 1815 etiam
891 1744 1029 1821 morali,
1059 1764 1123 1809 noo
1148 1743 1250 1809 adire.
1269 1743 1328 1805 His
1349 1741 1457 1809 caussn
1476 1744 1695 1824 alr-auditione
1724 1743 1826 1809 Missa

264 1829 391 1899 excusat
408 1831 550 1910 acospa.
573 1825 621 1894 Ad
642 1825 859 1893 necessitatem
868 1845 946 1893 vero
964 1842 1027 1889 mo·
1059 1821 1273 1896 excusantibus
1290 1824 1434 1887 accedere
1449 1823 1548 1901 potest
1561 1822 1754 1890 consuetudo
1773 1824 1827 1888 ali·

265 1913 363 1977 ralero
384 1913 541 1977 reducitur
561 1908 698 1973 debitum
727 1911 838 1985 proprii
862 1908 964 1971 oneris
987 1921 1028 1968 ex
1060 1922 1188 1980 quarum
1209 1905 1386 1981 regionum;
1405 1900 1493 1969 sicuti
1520 1901 1711 1969 consuetudo
1731 1922 1827 1982 ,que

265 1989 368 2057 officio
398 1988 585 2068 praeliandi.
612 1987 699 2051 Hinc
722 1987 812 2049 miles
836 1986 1028 2059 stationem,
1060 1981 1235 2060 quibusdam
1251 1986 1282 2044 in
1299 1979 1372 2046 locis
1389 1983 1492 2061 viget,
1512 1980 1690 2049 utsaeminae
1712 1984 1829 2063 perali·
1943 2007 1950 2018 ·

264 2074 330 2136 dux
346 2063 729 2144 milites,temporepraelii
747 2063 882 2131 deserere
892 2081 954 2128 non
964 2060 1028 2140 pos·
1061 2079 1137 2137 quot
1160 2059 1225 2137 poll
1241 2078 1363 2139 partum
1384 2060 1469 2138 diet,
1487 2061 1605 2128 etiamst
1621 2068 1829 2130 omninocon·

265 2151 336 2213 stunt
358 2170 411 2227 pro
425 2147 516 2211 Milia
535 2144 704 2221 audienda,
719 2146 758 2210 ob
772 2165 865 2222 grave
884 2145 1029 2208 damnum
1063 2142 1237 2216 valuerint,
1257 2140 1294 2205 ab
1314 2142 1445 2219 ingressu
1463 2142 1603 2209 Ecclesrae
1628 2142 1827 2218 abstineant,

264 2227 347 2304 quod
369 2227 438 2292 inde
456 2227 528 2290 oriri
555 2225 651 2302 pollet
669 2267 677 2284 .
699 2221 781 2288 Idem
803 2226 900 2289 dicito
915 2222 953 2286 de
969 2238 1028 2284 nu·
1062 2236 1100 2285 ot
1115 2219 1216 2286 vidum
1235 2239 1353 2297 quoque
1373 2220 1476 2285 llatim
1496 2221 1559 2300 poll
1580 2227 1683 2288 mariti
1706 2224 1828 2288 obitum

267 2307 396 2371 rricibus
414 2322 489 2382 quas
520 2301 599 2381 saepe
626 2322 688 2366 non
718 2304 804 2368 decet
832 2299 965 2366 inianter
990 2296 1030 2363 ad
1063 2320 1125 2364 non
1145 2317 1258 2363 exeant
1274 2319 1291 2363 e
1310 2299 1419 2364 domo.
1442 2299 1514 2364 Non
1536 2306 1622 2379 pauci
1644 2303 1829 2381 gravesDo·

267 2385 433 2450 Ecclesiam
459 2380 575 2448 deserte
596 2403 604 2446 t
625 2384 707 2445 idem
729 2380 950 2460 depulsoribus
977 2382 1028 2456 qui
1061 2379 1157 2443 diores
1189 2377 1390 2443 huiuscemodi
1416 2379 1654 2445 consuetudines
1680 2402 1745 2445 non
1773 2380 1829 2446 da·

267 2466 345 2529 nihil
362 2463 440 2540 saepc
456 2464 582 2541 pecudes
603 2458 740 2526 deserete
768 2463 911 2539 polluam
932 2460 965 2524 dc
991 2457 1031 2522 de
1063 2477 1199 2536 mnant,
1225 2476 1262 2523 ut
1278 2459 1475 2537 Caietanus,
1501 2457 1683 2545 Sylvesser,
1706 2462 1830 2525 Navar-

266 2543 424 2620 opisrcibus
444 2545 495 2620 qui
513 2546 545 2604 in
567 2534 677 2605 fusuris
693 2536 828 2606 serrariis
852 2557 910 2605 aut
933 2543 1031 2605 vitta·
1064 2560 1131 2615 rus,
1150 2541 1263 2603 Suarez
1286 2537 1347 2603 &c
1378 2537 1418 2602 Et
1439 2541 1541 2615 primis
1568 2541 1690 2619 quidem
1718 2536 1830 2608 favent

267 2627 322 2689 riis
345 2644 361 2688 a
382 2639 439 2688 unt
464 2620 502 2686 ab
525 2624 664 2698 incoepro
681 2619 835 2698 opere,sr
857 2619 918 2683 stne
943 2619 1028 2697 gravi
1064 2637 1131 2684 tnm
1156 2617 1354 2683 Innocentius
1378 2615 1430 2680 111.
1448 2640 1513 2696 cap.
1531 2625 1610 2686 unic.
1628 2622 1665 2685 de
1681 2619 1827 2701 parificat.
1941 2649 1943 2653 ¹

268 2722 338 2769 tum
362 2645 406 2766 sui
432 2719 501 2767 tum
522 2701 714 2765 dominorum
737 2699 851 2765 iadiura
879 2696 1030 2764 discedere
1064 2699 1114 2764 ubi
1130 2698 1170 2762 fic
1187 2700 1318 2777 legitur:
1335 2698 1369 2762 sr'
1385 2710 1483 2763 samen
1491 2699 1629 2780 fri-minse
1647 2722 1666 2763 a
1683 2713 1830 2779 periure.-

267 2797 444 2860 nequeant.
464 2781 523 2844 Hae
546 2797 650 2844 tamen
669 2780 781 2857 regulae
809 2786 937 2859 exigunt
964 2799 1030 2855 pru·
1062 2789 1160 2843 centes
1179 2798 1219 2843 ex
1237 2798 1311 2842 uera
1328 2777 1440 2867 rarione
1468 2782 1621 2869 volumini
1647 2779 1831 2858 aliquamdiu

268 2863 394 2926 dentem
421 2860 651 2925 advertentiam
683 2859 720 2922 ad
753 2861 1032 2933 circumstantias,
1063 2857 1100 2922 ab
1120 2859 1315 2938 Ecclefiararn
1337 2856 1427 2947 ¹latisin
1451 2855 1616 2940 minnere,
1646 2861 1832 2925 devotionern

268 2960 336 3013 quae
362 2936 485 3005 casuum
513 2942 654 3004 omnium
679 2943 836 3017 psaecipuae
857 2936 1031 3004 securiores·
1063 2956 1169 3004 carum
1187 2960 1243 3003 non
1264 2935 1408 3003 credimur
1424 2938 1673 3017 improbandam
1704 2957 1771 3004 tum
1791 2940 1833 3003 E-

268 3038 328 3161 que
349 3019 418 3084 suot
441 3019 661 3098 regu123quia
679 3036 798 3084 certum
813 3019 876 3096 cll,
893 3018 1032 3095 quodqui
1066 3016 1174 3098 piscopi
1190 3022 1239 3095 qui
1257 3039 1318 3082 non
1334 3019 1526 3084 reclamando
1542 3020 1688 3085 videntur
1708 3010 1832 3108 assentis

282 3118 334 3163 sne
345 3099 540 3164 incommodo
558 3096 611 3163 seu
626 3097 813 3164 detrimento
832 3100 961 3163 realiter
970 3117 1031 3162 non
1066 3103 1110 3162 ri.
1129 3100 1270 3163 Aliarum
1286 3100 1420 3176 pariter,
1440 3118 1549 3177 nempe
1569 3102 1747 3174 viduarum,
1769 3120 1857 3173 noo.

268 3175 450 3258 fisse-gravi
472 3176 597 3243 Milltm
616 3178 722 3244 audire
743 3178 864 3258 potest,
883 3195 1033 3254 tenetur,
1066 3177 1256 3254 improbatur
1270 3177 1460 3242 consuetudo
1480 3180 1516 3244 ab
1536 3181 1572 3243 iis
1589 3178 1760 3262 Episcopo,
1781 3183 1834 3259 qui

268 3260 316 3323 ita
332 3273 368 3322 ut
387 3278 449 3323 non
464 3256 628 3324 excusetur
645 3258 687 3322 ob
707 3264 829 3324 maioris
851 3262 927 3324 lucri
946 3255 1034 3323 omis·¹
1067 3259 1137 3323 hnic
1152 3257 1364 3322 consuetudini
1379 3276 1441 3321 non
1457 3257 1676 3338 adversantur,
1698 3262 1731 3327 dt
1748 3265 1833 3326 inter

268 3337 384 3401 sionem
407 3338 458 3400 ille
477 3341 528 3414 qui
555 3340 676 3404 aliunde
708 3338 799 3403 habet
817 3340 896 3404 unde
913 3343 1031 3404 vivat.
1068 3341 1121 3402 hos
1138 3338 1247 3414 aliqui,
1269 3355 1305 3401 ut
1325 3336 1354 3400 S.
1371 3337 1500 3403 Carolus
1516 3337 1834 3418 MediolanenlisEpi·

267 3415 351 3499 ltem
370 3415 506 3482 artifices
520 3423 570 3494 qni
590 3418 751 3482 elaborant
776 3422 809 3482 in
829 3418 961 3484 officinis
986 3421 1035 3484 vi·
1066 3418 1193 3495 scopus,
1212 3417 1383 3495 approbant
1409 3435 1446 3483 ut
1470 3420 1571 3484 viduae
1592 3439 1644 3497 per
1674 3418 1835 3499 mensem,

269 3499 386 3572 trlciis,
406 3497 478 3560 dnm
493 3496 567 3561 satis
583 3497 642 3560 sint
663 3514 699 3561 ot
719 3496 770 3567 alii
792 3500 860 3563 aliis
876 3497 1033 3564 succedere
1069 3516 1256 3562 nontamen
1277 3495 1425 3575 amplius,
1444 3498 1524 3562 domi
1548 3497 1654 3564 sillant
1678 3499 1739 3564 stne
1759 3497 1835 3565 Mis·

270 3573 409 3653 polfint,
438 3574 562 3639 Missam
591 3576 694 3641 audire
718 3577 854 3649 debent,
875 3577 924 3643 lta
941 3577 1035 3641 inser·
1068 3577 1107 3642 [ε
1134 3576 1294 3641 auditione
1315 3623 1323 3652 ,
1347 3576 1382 3640 dt
1415 3573 1486 3641 usus
1510 3581 1604 3641 etiam
1629 3578 1686 3644 hoc
1718 3581 1834 3659 exigit,

269 3658 395 3719 vientes
424 3654 555 3731 dominis
586 3658 714 3734 impiis,
739 3658 792 3732 qui
820 3661 863 3721 eis
883 3657 1034 3734 denegant
1069 3678 1087 3721 a
1120 3675 1180 3733 quo
1216 3676 1283 3733 quae
1311 3655 1450 3719 recedere
1478 3657 1618 3735 vellent,
1638 3658 1705 3735 plus
1725 3658 1836 3727 darent

269 3752 391 3808 tempus
410 3733 448 3796 ad
465 3732 635 3798 Chrisliana
645 3739 795 3799 exercitia
815 3754 985 3813 ,tenentur
999 3736 1034 3799 il·
1068 3733 1201 3800 scandali
1220 3784 1228 3813 ,
1257 3732 1429 3807 suspicionis
1456 3781 1467 3814 ,
1495 3734 1531 3801 dt
1559 3740 1835 3817 murmurationis,

268 3811 485 3895 losdelerert,
506 3812 758 3893 &religiosiores
777 3813 829 3880 sibi
856 3817 1034 3895 providere,
1067 3835 1159 3892 qnam
1192 3815 1264 3878 boni
1297 3808 1469 3881 facerent.
1502 3813 1623 3880 Missam
1655 3815 1836 3883 audiendo.

270 3894 324 3970 qui
350 3895 396 3954 eis
423 3910 542 3968 tempus
562 3894 731 3959 concedant
758 3897 915 3969 exercendi
932 3891 1033 3961 officia
1068 3897 1265 3961 Contrarium
1294 3913 1369 3959 vero
1394 3893 1487 3959 sentit
1514 3894 1673 3962 Pontasrus
1701 3917 1732 3962 v.
1760 3894 1838 3977 Mis·

269 3973 411 4049 pietatis,
1063 3977 1101 4055 sa
1127 3971 1200 4039 casu
1244 3974 1293 4053 46.
1339 3971 1422 4040 suam
1460 3973 1614 4041 stabilient
1650 3975 1837 4043 sententiam

311 4051 454 4116 Charitas
475 4050 597 4117 tandem
614 4047 657 4119 est
674 4049 818 4132 polirerna
835 4056 972 4120 conditio
983 4051 1034 4118 seu
1068 4053 1248 4122 austeritate
1283 4053 1413 4119 Consilii
1450 4055 1606 4121 Mexicani
1643 4056 1739 4121 habiti
1782 4076 1837 4124 an·¹

271 4130 375 4196 caussa
403 4131 549 4197 excusans
576 4132 613 4199 ab
637 4136 785 4201 audienda
808 4137 919 4213 Missa,
938 4136 1033 4215 quia,
1068 4154 1110 4199 no
1137 4133 1223 4211 1685.
1250 4134 1329 4211 quod
1365 4136 1443 4199 hanc
1470 4135 1620 4212 improbat
1643 4135 1836 4200 consuetudi·

271 4212 384 4275 rit-ait
403 4213 431 4275 S.
452 4211 643 4292 Bernardos,
658 4217 864 4282 convenienter
887 4217 1034 4280 omittitur
1068 4236 1167 4293 nem,
1194 4215 1228 4278 &
1256 4233 1295 4278 err
1319 4212 1508 4292 oppositione
1536 4236 1627 4292 quam
1657 4215 1748 4280 habet
1781 4216 1834 4279 hu·

267 4291 1037 4456 sillinslss'ntssssssstilsslr'tl
1069 4292 1749 4452 llsffl‘isslilslisssrfsfflisissilss'
1757 4293 1838 4450 issi

273 4451 383 4513 ruralis
402 4449 436 4514 dt
454 4417 594 4528 polssrvae
615 4453 665 4516 illa
691 4452 763 4519 hnic
779 4476 816 4521 ut
835 4460 933 4521 minus
950 4457 1037 4537 grati
1070 4455 1103 4520 dt
1125 4451 1255 4518 summus
1283 4448 1427 4516 Pontifex
1451 4452 1651 4519 Innocentius
1677 4453 1731 4516 111.
1750 4453 1785 4520 dc
1804 4454 1836 4518 S.

271 4528 362 4593 debet
379 4531 565 4609 prevalere,
583 4532 711 4609 ideoque
720 4536 961 4616 inmlpabisiter,
978 4541 1040 4600 imo
1071 4530 1183 4599 Praelol
1201 4529 1416 4597 Borrlromreus
1432 4534 1661 4611 approbarunt,
1679 4533 1713 4598 δι
1732 4555 1838 4612 quem·

272 4612 430 4675 nutritoris
447 4610 541 4675 Missa
556 4617 736 4693 omittitur,
759 4616 831 4681 dum
860 4614 1039 4681 subvenien·
1072 4614 1196 4694 plurimi
1229 4609 1358 4691 insignes
1382 4612 1515 4693 theologi
1550 4632 1709 4691 tamquam
1736 4614 1852 4695 legiti·.
1965 4668 1967 4673 .

272 4687 348 4752 dttm
362 4688 409 4753 est
431 4696 570 4767 proximo
592 4697 727 4771 graviter
753 4694 922 4776 indigenti,
941 4700 989 4774 qui
1008 4717 1037 4759 a·
1071 4716 1155 4761 mum
1174 4686 1263 4758 usum
1282 4710 1493 4771 agnoverunt.
1513 4693 1555 4757 Et
1576 4713 1616 4758 eo
1633 4694 1684 4759 vel
1706 4697 1839 4760 maxime

272 4770 352 4833 lium
371 4788 389 4833 a
408 4791 469 4846 quo
490 4773 673 4852 adiuvetur,
695 4769 805 4840 habere
821 4793 953 4853 nequeat
972 4801 981 4856 3
1005 4775 1041 4841 dt
1071 4796 1141 4840 cum
1159 4773 1216 4836 hoc
1237 4769 1274 4836 stt
1289 4772 1328 4836 ad
1354 4771 1447 4837 breve
1467 4789 1604 4852 tempus,
1625 4795 1682 4838 nec
1701 4792 1837 4852 oppone·
1938 4790 1971 4817 ··

274 4845 314 4913 src
334 4847 516 4915 decumbens
539 4851 620 4918 solut
640 4855 769 4930 relinqui
792 4876 853 4920 non
876 4855 967 4920 debet
987 4906 996 4936 ‚
1017 4855 1038 4919 ss
1072 4872 1124 4919 tut
1139 4850 1192 4917 nisr
1210 4869 1363 4929 praecepto
1379 4850 1511 4930 positivo
1525 4852 1746 4931 ecclesiastico,
1761 4872 1838 4918 con·

272 4947 314 4993 err
335 4930 465 4994 alterius
478 4931 612 4997 absentia
631 4955 725 5014 grave
742 4936 786 4999 illi
807 4940 948 5001 imminet
964 4940 1039 5015 peri·
1072 4953 1122 4999 tra
1148 4933 1229 5011 quod
1254 4930 1355 4996 induci
1388 4929 1484 5006 potest
1510 4937 1668 4999 contraria
1700 4934 1838 5014 legitima
1966 4982 1975 4993 .-

272 5012 408 5088 culum,
429 5030 486 5076 nec
506 5034 603 5090 grave
629 5014 798 5090 pericolum
818 5015 871 5083 lric
889 5020 1042 5097 accipitur
1069 5010 1287 5091 consuetudo,
1313 5011 1348 5079 dt
1377 5027 1565 5090 preceptum
1599 5012 1745 5081 netunle
1773 5030 1838 5077 non

272 5107 456 5231 memorre
482 5095 538 5160 uel
566 5092 696 5162 notabili
718 5094 816 5165 moriri
845 5115 1040 5181 numento,
1070 5099 1174 5178 trigas
1193 5109 1229 5161 ot
1249 5090 1307 5229 hoc
1324 5091 1381 5160 rel
1396 5091 1690 5252 altetgetempere,
1712 5095 1840 5237 ‘scra-in
