4425 6000
536 501 1533 585 trienniiiuiusrtrii&c.cir.li.
1692 533 1760 589 tar

259 608 325 680 iam
341 603 450 676 disluiu
468 604 511 671 est
527 606 564 671 de
575 606 726 697 debitore,
749 607 800 680 qui
810 600 919 667 ilatum
935 602 1018 669 sunm
1056 629 1116 682 re,
1143 607 1215 670 dum
1242 608 1302 684 lule
1330 629 1390 673 non
1414 610 1489 673 eilet
1508 610 1546 675 ab
1576 611 1682 675 eadem
1708 632 1815 688 grava·

262 688 401 768 buuesse,
421 709 455 753 ac
466 685 541 749 iulle
556 687 734 762 acquisivit.
753 684 834 750 Nam
848 684 1019 760 huicaequi·
1057 707 1126 762 iiis;
1142 708 1215 767 ergo
1231 689 1529 765 multomagisdebet
1547 711 1611 756 rein
1627 688 1710 754 suain
1718 693 1816 755 eidem

258 770 349 836 valet
368 771 463 835 haerts
479 768 528 843 qui
549 767 627 830 bona
644 764 704 827 fide
724 762 808 827 suum
828 763 939 828 ilatum
950 786 1019 827 tum
1056 768 1178 832 reddere
1203 790 1221 833 a
1241 769 1296 832 tali
1325 767 1385 832 indi
1406 772 1490 834 entia
1511 788 1673 849 praevento
1694 792 1704 843 3
1735 770 1768 834 dt
1796 791 1816 837 a

259 847 442 915 litereditate
458 846 633 922 acquisivit.
655 845 765 922 Sporer
783 865 854 906 cisni
875 846 957 907 aliis.
1056 846 1173 912 fortiori
1194 866 1353 913 teneretur
1381 791 1499 913 ‹lebitur
1529 853 1630 913 llatim
1655 851 1816 914 rellituere

261 959 268 968 ·
300 925 431 993 Differre
448 930 563 1004 pariter
582 922 678 1001 potest
698 922 827 1018 Debitor
848 922 1018 1015 restitutio·
1054 924 1239 992 siCreditut
1267 945 1390 1007 propter
1415 929 1595 994 dilationem
1619 928 1741 993 huiusce
1771 950 1817 992 re·

257 1027 331 1075 trem
350 1008 372 1071 si
393 1005 472 1072 sorte
492 1022 527 1068 iit
543 1024 610 1068 eam
637 1002 740 1068 statim
768 1002 895 1079 impleat
922 1000 1019 1066 subire
1054 1007 1223 1072 llitun'unis
1251 1010 1282 1071 in
1309 1008 1387 1072 lianc
1423 1006 1634 1072 necessitatem
1663 1008 1816 1073 incidisset

256 1088 383 1154 deberet
403 1085 538 1152 notabile
557 1082 678 1150 suorum
698 1083 914 1161 temporalium
924 1081 1017 1146 bunu-
1055 1086 1175 1151 tametsi
1196 1083 1257 1165 ipse
1273 1086 1394 1152 debitur
1414 1090 1445 1149 in
1472 1088 1580 1152 eadem
1604 1107 1742 1153 extrema
1763 1107 1816 1151 ne·

256 1191 328 1234 rum
342 1166 560 1232 detrinentum
581 1213 589 1240 ‚
618 1180 691 1241 puta
712 1160 733 1223 si
750 1180 881 1238 nequeat
900 1160 1018 1225 debitur
1052 1166 1191 1231 celsitate
1207 1165 1381 1232 versaretur
1403 1215 1411 1244 ‚
1440 1171 1508 1242 quia
1531 1188 1592 1232 non
1621 1168 1693 1232 lieet
1713 1171 1745 1228 iii
1760 1188 1816 1231 ex·

256 1248 364 1315 llatim
383 1246 541 1311 rellituere
562 1243 616 1307 nisi
636 1241 795 1308 vendendo
811 1243 950 1318 domum,
972 1244 1017 1305 vi·
1055 1264 1153 1311 trema
1184 1246 1362 1311 necessitate
1385 1268 1449 1310 rem
1488 1247 1613 1310 alterius
1650 1250 1815 1323 arripere;

255 1347 368 1405 neam,
386 1345 498 1389 merces
515 1324 664 1389 &similia
680 1321 781 1385 multo
795 1324 1018 1396 minorisquam
1054 1326 1176 1402 quando
1192 1326 1242 1390 lii-c
1257 1332 1288 1391 iii
1313 1329 1379 1405 pari
1395 1324 1432 1388 sit
1463 1327 1632 1404 indigentia
1655 1374 1663 1404 ,
1691 1328 1763 1403 quia
1785 1329 1817 1388 in

256 1406 294 1472 lit
309 1427 419 1472 eurum
441 1405 530 1470 valor
550 1452 560 1481 ,
584 1407 616 1469 bc
638 1401 759 1466 aliunde
776 1399 841 1478 spes
860 1420 949 1466 certa
966 1401 1018 1466 ha·
1053 1410 1116 1482 pari
1138 1407 1239 1471 caussa
1268 1404 1452 1471 neceffitatis
1483 1405 1653 1470 meliorest
1679 1404 1818 1471 conditio

256 1486 367 1552 beatur
396 1482 523 1549 faciendi
553 1482 656 1560 polica
685 1479 910 1545 tesiitutiunem
937 1502 1017 1545 cum·
1054 1485 1228 1560 poffidentis
1248 1504 1284 1550 ut
1303 1507 1343 1550 ex
1370 1504 1430 1563 cap.
1447 1485 1499 1549 Ad
1516 1506 1602 1549 aures
1620 1490 1650 1547 6.
1679 1487 1716 1549 de
1756 1505 1817 1548 rae·

255 1567 377 1633 modius
399 1565 460 1628 sine
475 1566 531 1629 tali
549 1562 737 1640 ptaeiudiciu.
756 1561 839 1653 Quia
856 1580 930 1627 tunc
944 1559 1018 1626 Cre·
1047 1563 1227 1645 scriptionis.
1249 1565 1323 1633 &d
1343 1564 1456 1644 inpari
1474 1564 1645 1646 sufferas.
1661 1567 1697 1646 ff.
1767 1583 1815 1628 rt·

255 1646 340 1712 ditor
377 1645 439 1709 else
479 1646 583 1719 nequit
617 1638 840 1705 rationabiliter
871 1643 1017 1720 invitus,
1047 1646 1127 1725 gulis
1148 1647 1244 1709 iuris.

257 1725 340 1802 <1⁰0d
359 1723 398 1789 Ob
413 1724 507 1787 ”lem
534 1720 644 1814 lullum
667 1717 880 1812 hopestum‘luss
900 1722 1017 1810 finem,
1091 1728 1226 1802 Quando
1242 1744 1346 1792 autem
1365 1724 1484 1792 debitor
1496 1724 1531 1790 ἀ
1557 1726 1700 1789 Creditur
1726 1722 1816 1787 simul

255 1811 285 1872 ei
305 1804 402 1869 dilata
431 1802 468 1868 sit
488 1802 660 1867 restitutio·
686 1801 735 1863 Sic
754 1818 961 1867 communiter
979 1821 1016 1865 a·
1050 1806 1216 1883 eodemque
1241 1824 1379 1883 tempure
1400 1826 1505 1883 parem
1525 1808 1683 1870 incurrunt
1713 1822 1820 1869 extre·

258 1886 318 1965 pud
339 1883 408 1946 DD.
1051 1907 1133 1950 mam
1148 1884 1375 1962 neceffitateni‚
1391 1889 1421 1947 in
1443 1885 1500 1948 tali
1529 1882 1599 1949 casii
1627 1884 1754 1950 Debitor
1774 1903 1822 1947 re·

295 1967 326 2028 Si
353 1965 512 2041 contingat
537 1961 734 2038 debitorem,
763 1958 795 2024 dc
824 1958 1015 2024 creditorem
1052 1964 1177 2033 stituere
1205 1965 1295 2030 debet
1320 1962 1485 2043 praesettiiu
1524 1965 1545 2027 sr
1582 1962 1712 2028 Debitor
1750 1984 1818 2028 terii

255 2042 370 2110 versati
388 2047 419 2106 in
436 2044 546 2119 aeqtiaii
567 2038 746 2106 necessitate
771 2044 910 2116 gravius
930 2038 950 2104 si
972 2040 1015 2102 di·
1052 2043 1144 2122 ipsam
1166 2045 1263 2110 adhuc
1281 2050 1311 2108 iii
1327 2043 1422 2122 specie
1439 2062 1569 2120 teneat,
1594 2066 1665 2108 cum
1694 2062 1741 2109 ses
1766 2042 1820 2107 illa

255 2126 323 2190 lata
343 2123 497 2188 solutione
517 2123 634 2199 aequale
650 2120 935 2197 emergatdamnum
944 2120 1015 2184 Cre·
1051 2124 1148 2190 adhuc
1168 2143 1290 2189 maneat
1302 2122 1353 2189 sub
1373 2125 1510 2189 dominio
1523 2122 1710 2200 creditoris,
1727 2138 1821 2184 utte-

255 2204 805 2282 dituri,tirricducentcumruuniter
833 2200 902 2264 Di).
924 2199 1015 2265 Debi·
1052 2224 1129 2268 nent
1156 2200 1283 2281 Seuius,
1301 2204 1472 2269 Paludanus
1493 2226 1562 2269 cuin
1600 2203 1666 2267 aliis
1699 2199 1822 2341 infiffnis

254 2299 359 2350 torem
380 2286 478 2347 teneri
500 2281 535 2347 ad
553 2281 801 2357 relliturionem,·
824 2286 894 2355 quia
908 2281 1014 2355 intrari
1052 2302 1134 2349 nutae
1152 2284 1349 2349 Dosluribiis·
1368 2283 1460 2347 Tunc
1481 2286 1563 2348 enim
1584 2283 1727 2347 Creditus
1767 2299 1821 2344 ive

254 2363 356 2430 mulsa
371 2363 480 2426 melior
495 2361 538 2427 est
550 2360 688 2424 conditio
704 2358 863 2423 creditoris
880 2363 929 2435 qui
949 2359 1015 2423 stri·
1051 2363 1189 2429 dominus
1208 2367 1292 2427 illius
1310 2367 1351 2427 tei
1367 2366 1543 2427 Dominiuni
1560 2363 1650 2428 habet
1667 2361 1753 2426 sicuti
1766 2378 1821 2423 ati·

255 2444 334 2509 sium
356 2447 401 2506 ius
423 2442 513 2506 habet
534 2442 572 2505 ad
586 2440 767 2519 exigendum
783 2437 836 2504 sibi
860 2437 1015 2515 debitum,
1053 2462 1102 2508 tea
1120 2443 1267 2521 habebat,
1286 2442 1320 2508 ἃ
1336 2448 1455 2507 ratione
1485 2445 1556 2505 iuris
1572 2443 1634 2519 poli
1661 2445 1691 2503 iri
1714 2436 1822 2516 uiindlo

253 2523 288 2590 ἀ
303 2524 435 2587 Debitor
456 2521 544 2585 liabet
565 2518 659 2584 solam
680 2518 1016 2583 licentiamCharitatis
1052 2522 1237 2588 neceifitatis
1256 2542 1406 2587 extremar
1426 2544 1544 2587 nurum
1573 2525 1621 2585 ius
1650 2523 1702 2584 seu
1720 2518 1821 2582 dumi·

254 2603 292 2670 til
312 2601 405 2667 debiti
428 2600 650 2665 restitutionem
664 2595 877 2663 differendam.
899 2599 940 2663 Et
959 2598 1016 2664 hot
1053 2606 1138 2667 nium
1159 2606 1287 2680 acquirit
1305 2600 1389 2679 supra
1413 2603 1470 2667 illa
1497 2622 1552 2667 re.
1577 2602 1733 2678 Quocirca
1762 2598 1817 2660 du·

254 2687 359 2748 verius
379 2680 422 2745 esl
450 2680 571 2756 quando
599 2678 733 2742 debitum
758 2674 796 2742 sit
819 2698 858 2741 eir
879 2677 1016 2757 delibo,
1053 2685 1123 2759 plici
1143 2687 1208 2747 iure
1226 2686 1254 2746 ei
1276 2681 1319 2745 est
1338 2682 1442 2749 debita
1457 2681 1585 2757 ideoque
1616 2684 1649 2741 in
1676 2679 1733 2742 tali
1751 2681 1822 2742 calu

253 2783 324 2829 tum
345 2764 427 2827 satio
445 2759 538 2824 distet
555 2757 717 2822 lavenduui
734 2757 795 2821 esse
810 2759 910 2835 potius
932 2761 1017 2821 inuu-
1055 2763 1184 2828 Debitor
1202 2760 1310 2826 iniusle
1338 2781 1407 2826 eam
1431 2763 1544 2825 retinet
1572 2757 1607 2823 dc
1635 2758 1757 2823 reddere
1775 2774 1822 2844 tt·

252 2847 336 2908 tenti
351 2891 359 2919 ‚
376 2861 468 2919 quam
477 2840 622 2903 nocenti.
639 2836 870 2911 Iniquumenim
885 2835 1016 2911 ellquod
1053 2859 1159 2907 netur.
1183 2843 1333 2906 Dominus
1358 2840 1441 2903 enim
1470 2844 1511 2902 rei
1535 2839 1582 2902 hic
1609 2838 1643 2901 ἀ
1666 2857 1747 2899 nunc
1768 2834 1820 2897 libi

254 2921 373 3000 debitor
393 2942 432 2985 ex
452 2919 504 2984 l'ua
520 2919 641 2981 malitia
662 2914 853 3005 commodum
881 2935 1017 2992 reportet
1053 2922 1227 2988 nccellariae
1246 2921 1333 2993 plane
1348 2914 1550 2995 praesetendus
1574 2915 1616 2980 eil
1644 2933 1822 2990 extraneo,

253 3021 366 3068 contra
393 3005 590 3065 innocentem
617 3013 677 3076 cap.
706 2994 910 3060 intelleximus
930 3015 957 3075 7.
983 2995 1018 3062 de
1053 3004 1150 3085 qualis
1176 3000 1221 3068 est
1245 3001 1376 3068 Debitor
1398 3003 1448 3079 qui
1475 3003 1519 3063 rei
1544 2998 1709 3063 dominium
1729 3015 1820 3059 nisui·

259 3082 394 3148 iudiciis.
1052 3105 1144 3164 quam
1163 3083 1318 3148 habuerit.

290 3163 384 3237 Qlod
404 3161 425 3223 si
445 3161 564 3226 debitor
583 3160 616 3225 &
636 3157 777 3224 Creditur
804 3157 965 3223 versentur
986 3163 1017 3222 iii
1092 3165 1161 3229 Nec
1177 3164 1330 3228 ullatenus
1347 3160 1508 3226 sententiae
1527 3160 1594 3224 huic
1610 3155 1710 3223 officit
1740 3154 1831 3232 quud,

252 3244 364 3319 &quali
386 3241 562 3306 neceffitate
581 3258 740 3309 extrema.
760 3240 924 3315 videndum
944 3260 1017 3303 num
1052 3263 1204 3322 opponere
1232 3238 1331 3306 solent
1354 3243 1404 3318 qui
1435 3244 1627 3306 contrarium
1655 3237 1818 3310 sentiunt,

253 3323 336 3398 rrius
353 3320 492 3385 inciderit
513 3320 631 3386 debitur
647 3320 699 3384 vel
716 3318 857 3384 Creditur
874 3368 883 3397 ‚
899 3319 950 3383 vel
971 3322 1017 3380 in·
1053 3344 1161 3403 nempe
1185 3322 1264 3401 quud
1288 3325 1319 3383 in
1349 3338 1488 3385 extrema
1513 3316 1689 3384 necessitate
1717 3316 1821 3380 omnia

255 3400 385 3466 tiderint
406 3401 494 3465 ambo
514 3406 546 3465 in
569 3401 662 3465 talem
686 3397 896 3464 neceifitatcm
911 3400 1017 3464 eodem
1053 3405 1110 3469 lint
1127 3404 1319 3479 communia,
1343 3401 1454 3464 idcirco
1478 3400 1654 3463 Debitorem
1687 3396 1767 3481 uuile
1787 3397 1820 3455 iii

251 3494 411 3558 miore·
447 3482 478 3543 Sl
506 3485 589 3544 enlm
613 3481 694 3555 PrlUS
725 3479 865 3543 inciderit
902 3478 1018 3544 debitor
1052 3483 1236 3550 conscientia
1256 3501 1326 3544 eam
1346 3479 1397 3543 sibi
1415 3477 1817 3555 retinete‚&conlumme·

252 3577 323 3624 cum
346 3561 394 3623 hic
416 3562 446 3622 in
468 3560 578 3636 nunilo
595 3556 1018 3622 extremaeneceffitatiscon·
1053 3584 1104 3640 re;
1126 3584 1163 3625 eu
1179 3564 1248 3638 quia
1265 3563 1386 3624 ratione
1402 3578 1549 3622 extremae
1566 3554 1755 3621 neceffitatis
1775 3549 1821 3615 sa·

253 3639 361 3705 traiiae
383 3642 551 3703 dominium
566 3642 610 3700 rei
632 3634 806 3699 necessariae
832 3641 911 3710 prius
933 3638 1017 3714 adep-
1051 3642 1097 3706 dia
1118 3641 1155 3705 sit
1176 3661 1223 3703 ses
1242 3641 1428 3713 communis,
1449 3658 1506 3701 iiec
1538 3636 1575 3701 sit
1604 3635 1668 3708 ulus
1695 3635 1821 3697 alterius

255 3734 306 3783 tus
326 3718 517 3797 sit-iurepuli
558 3737 620 3779 noir
638 3730 764 3778 tenetur
775 3714 1017 3781 rellitiiereCre·
1052 3742 1143 3798 quam
1176 3720 1246 3792 liia‚·
1267 3719 1425 3782 uamlicet
1450 3721 1479 3780 in
1503 3713 1686 3780 neceffitate
1713 3729 1819 3773 extre·

251 3795 375 3877 dituri,
408 3802 458 3873 qui
480 3767 581 3874 poslea
605 3797 637 3856 in
658 3793 750 3883 talem
777 3811 947 3857 extremam
967 3815 1018 3859 ne·
1053 3822 1101 3863 ma
1118 3803 1224 3863 omnia
1243 3798 1406 3860 reddantur
1418 3799 1611 3870 communia,
1630 3790 1750 3868 quando
1768 3808 1817 3853 ta·

252 3877 426 3942 tsisitatem
442 3876 566 3939 incidit.
597 3874 636 3935 Et
667 3872 806 3947 equidem
821 3871 948 3938 debitori
965 3880 1016 3951 qui
1052 3900 1123 3944 men
1142 3900 1213 3944 cum
1234 3878 1363 3940 alterius
1386 3874 1561 3939 necessitate
1581 3888 1746 3938 concurrat
1765 3888 1821 3945 par

251 3959 336 4033 ptius
358 3959 389 4016 in
410 3956 464 4019 tali
487 3952 662 4018 neceffitate
684 3951 857 4015 versaretur
875 3953 1018 4018 Creditur
1051 3961 1165 4024 domini
1197 3954 1376 4032 necessitas,
1395 3959 1426 4017 in
1448 3956 1503 4018 tali
1523 3951 1593 4018 casu
1621 3949 1737 4016 cessant
1758 3946 1820 4011 esse

252 4039 326 4114 quia
348 4038 409 4099 iarn
429 4056 494 4099 nun
513 4032 587 4098 elles
607 4037 638 4096 in
662 4031 862 4098 huiuscemodi
885 4033 1018 4110 indigen·
1052 4040 1244 4115 communia,
1262 4036 1296 4101 δι
1316 4036 1560 4102 eovelniaxime
1577 4031 1656 4109 quod
1680 4030 1821 4092 domitius

256 4119 302 4180 tia
325 4132 487 4179 teneretur
503 4118 531 4178 ei
550 4112 706 4177 subsidium
735 4112 894 4194 praebere,
927 4116 1019 4189 igitur
1052 4120 1103 4184 seu
1129 4117 1271 4182 Creditur
1302 4122 1332 4177 in
1361 4114 1415 4178 tali
1445 4111 1672 4179 circumstantia
1708 4108 1820 4179 dunlex

254 4199 402 4259 cumaeis
423 4197 563 4260 debitore
592 4211 686 4258 antea
720 4194 751 4255 in
783 4192 837 4256 tali
860 4190 1019 4258 neceffita·
1053 4202 1099 4262 ius
1121 4199 1159 4262 ad
1179 4217 1242 4261 tem
1258 4195 1343 4258 illam
1365 4210 1452 4258 tenet
1480 4241 1489 4269 ,
1514 4197 1560 4257 iiis
1588 4209 1696 4264 nempe
1717 4206 1822 4251 extre·

254 4292 289 4336 te
307 4244 455 4343 exilienti
480 4296 540 4338 non
566 4273 665 4352 potcsl
689 4271 832 4336 Creditur
853 4275 890 4338 ab
917 4295 956 4338 eo
975 4293 1020 4336 re·
1053 4299 1112 4342 mae
1127 4274 1312 4341 necessitatis
1333 4320 1341 4349 ‚
1362 4292 1416 4348 par
1444 4273 1482 4339 ad
1507 4271 1582 4336 illud
1597 4269 1750 4335 Debitoris
1767 4265 1822 4341 ‚dt

251 4350 444 4419 slitutiunem
463 4359 601 4434 exigere.
623 4354 786 4417 Sententia
807 4351 923 4419 haecesl
938 4373 1020 4416 com·
1055 4362 1101 4422 ius
1125 4357 1251 4422 dominii
1279 4353 1362 4416 illius
1390 4355 1435 4416 rei
1456 4352 1538 4431 quod
1563 4372 1625 4416 non
1640 4349 1683 4415 ell
1713 4352 1746 4410 iu
1761 4345 1823 4409 De·

245 4437 372 4497 munis.
393 4434 425 4498 Si
444 4456 520 4500 vero
535 4433 677 4498 Creditur
699 4435 779 4509 prius
809 4434 903 4498 talem
920 4429 1019 4496 neces·
1053 4437 1168 4502 hirore.

252 4510 374 4577 sitatem
394 4518 548 4591 incurrat,
568 4514 687 4578 debitur
703 4509 894 4578 differrenon
912 4513 1021 4590 norell,
1093 4518 1161 4582 Nec
1182 4516 1267 4580 valet
1287 4509 1397 4577 instare
1417 4513 1574 4579 meliorem
1592 4511 1654 4576 esl'e
1671 4508 1823 4575 conditio·

254 4589 305 4656 std
325 4593 427 4658 statim
447 4591 548 4658 facere
563 4595 651 4657 debet
676 4590 903 4658 restitutionem
917 4593 1017 4656 Credi·
1056 4618 1125 4660 nem
1145 4594 1347 4673 possidentis,
1375 4593 1487 4658 idcirco
1507 4592 1662 4657 Debitoris
1689 4593 1738 4667 qui
1754 4604 1823 4650 eam

254 4675 375 4737 totirei
397 4673 457 4738 suae
477 4671 794 4751 utpotequaeduulici
817 4676 970 4737 iuretunc
991 4677 1019 4739 ei
1055 4698 1118 4742 reni
1140 4673 1380 4752 possidet3quia
1408 4670 1526 4737 tametsi
1557 4672 1664 4735 melior
1684 4670 1722 4734 sit
1749 4686 1823 4730 con-

252 4748 288 4816 sit
310 4752 417 4817 debita
437 4753 470 4819 dt
493 4757 614 4818 ratione
643 4753 794 4828 dominii,
822 4754 901 4829 quod
923 4756 960 4817 ad
982 4754 1020 4816 il·
1055 4757 1134 4821 ditio
1169 4751 1346 4829 possidentis
1376 4753 1500 4828 quando
1535 4751 1674 4816 dominus
1719 4752 1823 4810 incer·

251 4828 414 4897 lamhabet
431 4834 565 4900 creditor
577 4832 629 4911 ,dt
647 4832 777 4907 iurepuli
796 4829 835 4896 ob
851 4852 1021 4897 extremam
1057 4855 1107 4898 tus
1128 4832 1189 4908 ell,
1208 4830 1394 4912 &possessus
1409 4851 1472 4895 non
1489 4829 1527 4896 sit
1547 4832 1637 4895 malae
1653 4828 1750 4902 fidei,
1779 4825 1826 4886 lo·

251 4910 465 4977 necessitatem
484 4917 515 4976 in
532 4934 594 4992 qua
615 4915 783 4991 reperitur.
799 4912 897 4977 Sicuti
908 4916 1021 4989 etiam,
1055 4934 1125 4977 cum
1143 4930 1249 4978 tamen
1266 4909 1429 4978 nonhabet
1443 4910 1497 4974 illa
1517 4910 1617 4989 regula
1629 4903 1755 5049 fliiaodu
1774 4903 1826 4967 du·

252 4994 324 5066 quia
343 4991 418 5056 licet
435 4991 647 5057 debiturnihil
668 4995 697 5057 ei
726 4990 849 5056 deberet
869 5040 879 5069 ‚
903 5010 1022 5056 tenere·
1058 4989 1219 5056 minusest
1247 5009 1380 5068 certus,
1406 4990 1440 5056 dt
1460 4988 1628 5055 Debitore
1682 4981 1826 5075 possessor

253 5071 424 5176 tureidem
437 5076 471 5138 in
487 5071 655 5143 huiulinudi
676 5069 859 5140 necessitate
881 5069 1023 5154 subveni·
1059 5072 1151 5140 tualae
1166 5069 1238 5140 fidei
1250 5082 1269 5148 ⁸,
1297 5085 1334 5136 ut
1357 5072 1390 5133 in
1418 5067 1523 5136 uolltu
1546 5063 1619 5133 casu
1637 5108 1646 5130 .
1665 5063 1714 5129 liis
1739 5081 1828 5206 degio
