4425 6000
408 537 461 612 70
571 506 572 509 ‘
642 503 1642 585 turonusturusrrrritmcnnlt
1724 533 1729 537 ·

356 613 505 683 leviffima
534 608 613 677 iusla
643 630 716 676 mox
742 609 898 676 laudatum
928 609 1123 689 Theologum
1157 606 1362 674 huiuscemodi
1382 606 1528 673 officiales
1561 611 1755 674 incurrant.
1784 608 1923 678 Nomine

356 718 420 763 non
436 692 480 759 esl
500 692 538 758 de
559 695 624 756 iure
641 709 778 756 nature.
793 689 915 755 Etenim
938 692 1121 755 exiurena·
1158 707 1236 753 vero
1262 685 1451 769 officialium
1475 687 1524 768 hic
1552 689 1767 769 intelliguntur
1789 690 1924 755 Curato·

357 796 438 845 turre
467 794 559 838 nemo
591 771 630 835 fit
664 769 813 843 obnoxius
842 771 1030 840 restitutioni
1067 765 1122 831 nisr
1158 788 1221 847 res,
1244 766 1591 849 Tutoremddvocati,
1614 768 1804 849 consiliarii,
1822 767 1925 834 Pallo-

356 873 481 936 propter
507 856 649 919 damnum
670 851 749 927 quod
764 847 875 926 iniuste
893 850 986 916 alicui
1010 850 1124 920 intule·
1159 868 1204 913 res
1222 895 1230 925 ,
1251 842 1454 927 confessarii,
1471 849 1731 929 concionatores,
1753 849 1902 929 Theologi
1914 896 1925 935 ,

351 941 394 1002 rit
411 933 445 999 ὃ(
465 954 570 1001 coram
587 929 811 1007 Deoculpabile
830 929 918 1006 quale
938 950 1000 994 nou
1021 927 1063 993 eli
1086 926 1122 990 il·
1157 928 1268 993 Medici
1282 976 1291 1006 ,
1306 927 1447 1009 Chirurgi
1460 975 1468 1004 ,
1483 928 1747 1008 Pharmacopolae,
1759 930 1926 1007 Artifices,

356 1016 408 1081 lud
429 1014 508 1092 quod
524 1015 623 1077 oritur
641 1030 682 1079 ex
699 1010 824 1085 iuridica
840 1009 929 1087 culpa
945 1010 1027 1085 levi,
1048 1004 1123 1077 idest
1157 1028 1285 1085 quorum
1314 1007 1408 1085 aliqui
1434 1010 1463 1071 id
1488 1013 1621 1081 muneris
1637 1027 1784 1083 exercent
1801 1032 1857 1088 pro
1874 1008 1925 1072 sti·

353 1117 396 1161 err
420 1092 578 1159 omillrone
597 1091 762 1168 diligentiae
788 1092 907 1166 proprie
923 1088 1124 1167 prudentiori·
1158 1088 1289 1165 pendio,
1306 1086 1360 1158 alii
1378 1091 1496 1165 gratis,
1520 1090 1575 1153 alii
1597 1110 1636 1154 ex
1653 1089 1768 1155 iustitia
1788 1138 1797 1167 ,
1814 1091 1865 1156 alii
1884 1110 1927 1162 ex

353 1175 436 1253 bus,
466 1172 516 1238 vel
536 1169 687 1240 levissima
706 1166 779 1248 idest
807 1187 846 1232 ex
866 1167 1027 1236 omiffrone
1057 1166 1124 1230 dili·
1155 1167 1327 1242 charitate,
1353 1168 1397 1229 Hi
1419 1187 1510 1245 porro
1531 1168 1695 1246 aliquando
1720 1187 1869 1236 tenentur
1885 1190 1925 1235 ert

355 1256 472 1335 gentiae
493 1249 812 1331 prudentisfimorum.
842 1249 926 1319 Nam
945 1252 1012 1320 iure
1031 1264 1123 1312 natu·
1157 1246 1245 1323 culpa
1266 1246 1330 1311 lata
1348 1248 1578 1327 tantummodo,
1603 1249 1766 1327 aliquando
1782 1271 1822 1316 ex
1840 1251 1924 1328 levi,

356 1357 401 1402 tae
418 1332 489 1403 satis
502 1333 562 1397 elle
580 1330 790 1398 videturutin
807 1328 893 1394 rebus
910 1328 1037 1407 alienis,
1057 1328 1123 1404 quis
1158 1324 1320 1403 aliquando
1339 1331 1433 1391 etiam
1447 1348 1486 1392 ex
1501 1327 1671 1403 levissrma‚
1914 1332 1918 1340 ’

354 1435 423 1481 eam
446 1412 586 1482 adhibeat
606 1409 814 1498 diligentiam,
836 1429 926 1486 quam
946 1407 1122 1488 ipseearum
1194 1406 1334 1484 Qando
1354 1407 1463 1484 aliquis
1480 1428 1521 1473 ex
1538 1407 1590 1479 suo
1605 1406 1708 1485 officio
1723 1409 1838 1488 aliquid
1856 1430 1927 1486 ope·

354 1515 458 1561 rerum
478 1493 618 1557 dominus
639 1486 840 1562 adhibuisset,
855 1510 922 1566 quae
944 1490 1017 1554 talis
1033 1488 1123 1563 estut
1157 1504 1244 1563 ratur
1273 1489 1305 1549 in
1329 1487 1456 1552 alterius
1475 1489 1666 1554 commodum
1693 1507 1846 1567 tantum,
1875 1490 1927 1554 seu

353 1573 475 1651 culpam
500 1572 595 1635 lataru
615 1590 685 1633 nem
746 1566 937 1635 omissionem
956 1569 1123 1648 diligentiae
1157 1569 1328 1633 utilitatem
1347 1586 1410 1631 non
1427 1569 1605 1647 accipiendo
1620 1571 1789 1635 mercedem
1804 1590 1844 1634 ex
1859 1568 1926 1636 solo

354 1674 445 1731 quem
469 1652 605 1717 homines
629 1652 679 1715 eiu
693 1651 761 1713 dem
788 1650 970 1716 conditionis
991 1669 1124 1716 curmu-
1158 1647 1253 1721 titulo
1271 1646 1433 1713 charitatis
1458 1651 1602 1714 amicitiae
1622 1647 1781 1715 restituere
1801 1667 1927 1716 tenerur

351 1737 438 1799 niter
457 1730 623 1808 adhibent,
642 1731 805 1798 excludat.
1155 1748 1197 1791 ex
1216 1727 1279 1793 iola
1306 1728 1396 1805 culpa
1418 1730 1510 1793 late.
1535 1730 1619 1794 Nam
1641 1733 1692 1806 qui
1712 1730 1823 1808 aliquid
1851 1726 1927 1793 facit

396 1814 506 1889 Neque
534 1832 573 1874 ex
601 1810 656 1875 hoc
679 1806 786 1887 inferri
809 1807 906 1886 potest
933 1830 996 1876 non
1025 1810 1123 1874 teneri
1160 1811 1257 1887 gratis
1285 1826 1347 1871 non
1371 1807 1512 1875 censetur
1534 1812 1680 1875 maiorem
1721 1808 1867 1882 spondere
1886 1808 1928 1871 di·

352 1892 393 1957 ad
422 1889 648 1960 restitutionem
676 1907 750 1954 ante
777 1886 961 1956 sententiam
991 1891 1126 1965 iudicis,
1160 1888 1340 1967 ligentiam,
1363 1909 1453 1965 quam
1472 1910 1575 1965 quaea
1614 1886 1792 1953 rudentibus
1817 1892 1850 1952 in
1875 1908 1930 1952 eo·

355 1974 410 2049 qui
428 1972 490 2036 tale
508 1969 644 2036 debitum
668 1972 701 2034 vi
722 1967 894 2034 contradus
915 1991 954 2035 ex
970 1970 1058 2047 culpa
1080 1968 1125 2033 le·
1159 1967 1226 2030 dem
1245 1965 1317 2032 casu
1337 1972 1542 2033 communiter
1561 1912 1723 2035 acllribetur
1743 2018 1753 2049 ,
1780 1966 1816 2035 ἀ
1834 1987 1928 2045 ertpe-

355 2056 390 2116 vi
404 2100 413 2130 ,
425 2048 819 2128 velleviffimacontraxit,
839 2052 908 2124 quia
926 2047 1125 2127 unusquisque
1159 2045 1260 2113 statur
1279 2087 1302 2108 .-
1319 2046 1368 2112 lta
1385 2048 1476 2113 lentie
1492 2050 1617 2131 Sylvius
1639 2098 1649 2129 ,
1672 2053 1722 2126 qui
1744 2065 1835 2127 putat
1857 2069 1929 2113 cum

355 2132 429 2196 dum
456 2129 615 2197 contrahit
645 2129 791 2207 implicite
817 2128 924 2206 ¹saltem
952 2129 982 2194 se
1010 2130 1125 2213 obligat
1160 2126 1323 2213 Sylveslro
1350 2127 1555 2195 huiuscemodi
1582 2129 1735 2199 hominem
1765 2131 1866 2194 teneri
1892 2126 1930 2191 de

357 2210 397 2275 ad
411 2230 479 2275 eam
495 2210 683 2289 diligentiam
692 2207 907 2290 praestandam,
926 2230 1015 2286 quam
1031 2213 1125 2286 requi·
1162 2209 1250 2285 culpa
1272 2208 1333 2285 levi
1353 2207 1425 2271 idell
1446 2209 1483 2283 de
1503 2209 1690 2288 diligentiori
1707 2213 1886 2275 attentione
1908 2205 1929 2269 si

354 2308 430 2356 runt
460 2292 539 2368 leges
561 2310 597 2353 ac
629 2289 699 2352 ideo
728 2288 764 2351 ad
781 2289 963 2354 subeundam
987 2309 1126 2367 poenam,
1160 2285 1269 2365 sponte
1286 2285 1316 2351 se
1335 2288 1503 2367 obtulerit,
1523 2290 1596 2357 dum
1617 2290 1700 2354 alter
1720 2289 1784 2368 ipso
1803 2289 1932 2367 diligen·

356 2370 395 2436 ab
413 2366 677 2447 ipfisimposrtam.
698 2368 880 2444 Quarecunr
901 2369 980 2447 leges
990 2368 1125 2448 obligent
1160 2373 1243 2447 tior,
1258 2367 1295 2432 ad
1317 2368 1412 2435 talem
1428 2387 1555 2446 operam
1575 2368 1774 2448 praeslandam
1794 2367 1824 2433 se
1842 2368 1931 2433 exhi·

356 2451 459 2525 utqui
481 2468 548 2510 reus
564 2446 606 2526 est
629 2450 768 2525 intretis
784 2446 898 2516 casibus
917 2448 1014 2526 culpae
1037 2448 1127 2526 levis,
1160 2448 1250 2527 beat,
1267 2449 1338 2525 quia
1354 2465 1430 2513 tunc
1449 2447 1787 2528 censeturspopondiffe
1806 2447 1933 2527 diligen·¹

358 2526 392 2594 &
415 2525 571 2606 leviffimae
601 2526 772 2604 restituat,
800 2531 895 2591 etiam
923 2545 996 2593 ante
1021 2528 1126 2594 iudicis
1162 2532 1239 2592 tiam
1262 2576 1271 2605 ,
1294 2548 1386 2605 quam
1402 2528 1574 2608 diligentior
1594 2528 1810 2606 promittebat.

185 2631 187 2638 <
239 2626 241 2630 ’
357 2609 541 2672 sententiam
560 2603 602 2669 cll
622 2604 773 2671 obnoxius
793 2607 998 2692 restitutioni.
1200 2608 1265 2684 Qui
1297 2627 1337 2672 ert
1369 2608 1471 2673 officio
1502 2609 1617 2686 aliquid
1648 2610 1768 2673 iaciunt
1794 2602 1932 2683 mercede

398 2685 628 2751 Observandum
650 2689 681 2748 in
702 2684 769 2749 soro
785 2691 916 2752 externo
931 2684 1069 2763 praesumi
1085 2687 1130 2752 di·
1161 2686 1300 2755 condusli
1328 2685 1528 2752 restitutionis
1548 2689 1685 2753 debitum
1711 2690 1873 2765 incurrunt
1895 2703 1935 2761 ex

357 2768 567 2847 ligentiamin
585 2764 747 2830 contraslu
764 2765 939 2843 requisitam
955 2788 1019 2831 non
1040 2766 1128 2832 soille
1165 2770 1254 2845 eulpa
1279 2768 1371 2842 levi,
1402 2785 1436 2831 ut
1458 2768 1532 2833 sunt
1563 2767 1700 2832 Tutores
1731 2767 1934 2845 pupillorum,

358 2846 527 2912 adhibitam
543 2844 597 2908 nisr
614 2849 645 2908 in
664 2848 854 2910 contrarium
876 2847 1018 2924 probetur
1037 2871 1047 2924 ς
1068 2851 1129 2911 imo
1163 2851 1329 2914 Curatores
1360 2848 1547 2924 Minorum,
1575 2846 1732 2914 Advocati
1753 2894 1762 2925 ,
1792 2846 1906 2909 Medici
1927 2845 1930 2853 '

352 2948 423 2992 non
448 2927 624 3017 admittitur
645 2925 786 3003 probatio
813 2928 935 3005 quando
955 2925 992 2990 srt
1019 2926 1129 2991 diffici·
1163 2929 1324 3008 Chirurgi,
1338 2926 1502 3006 Artifices,
1519 2926 1682 2994 Architetti
1705 2928 1841 3003 ,aliique
1860 2891 1936 2989 eius

359 3009 436 3085 lior,
457 3023 492 3078 ut
512 3003 533 3069 sr
556 3009 587 3069 in
608 3003 700 3080 domo
720 3028 812 3081 quam
832 3005 1128 3081 contradlulocatio·
1164 3011 1232 3072 dem
1246 3011 1384 3085 generis,
1402 3023 1476 3072 tunc
1490 3011 1574 3071 enim
1589 3006 1766 3073 contradus
1784 3005 1835 3070 seu
1852 2999 1936 3081 quast

359 3091 408 3151 nis
426 3089 493 3161 quis
518 3083 668 3160 inhabitat
698 3086 871 3164 incendium
892 3109 945 3163 per
966 3087 1130 3164 aliqucme
1163 3085 1336 3158 ¹contraslus
1357 3134 1366 3164 ‚
1389 3108 1461 3151 cum
1477 3088 1567 3153 cedat
1589 3089 1621 3150 in
1646 3087 1822 3152 utilitatem
1841 3087 1937 3147 etiam

355 3163 531 3230 domesticis
554 3165 701 3240 operariis
727 3165 787 3229 &e
804 3169 966 3245 contingat
987 3168 1078 3230 iudex
1098 3185 1131 3244 te
1166 3167 1261 3245 ipsius·
1275 3162 1445 3243 officialis,
1475 3165 1545 3231 hinc
1569 3165 1706 3232 debitum
1725 3166 1847 3229 maioris
1865 3163 1934 3226 dili·

356 3245 401 3310 ·ad
428 3261 530 3309 totum
556 3243 699 3307 damnum
729 3245 927 3321 reparandum
945 3247 1132 3311 condemna·
1184 3248 1279 3311 entiae
1301 3248 1329 3306 ei
1351 3244 1499 3310 incumbit
1522 3270 1533 3308 .·
1553 3249 1672 3312 etenim
1691 3248 1742 3322 qui
1764 3246 1882 3314 luctum
1898 3261 1938 3307 ex

361 3324 434 3389 bit.
459 3320 581 3415 ltemsr
596 3342 636 3386 ex
651 3322 704 3386 illa
729 3323 819 3389 domo
837 3325 911 3401 lapis
931 3326 1079 3403 proietlus
1099 3331 1131 3394 io
1164 3269 1220 3406 luo
1235 3323 1337 3389 officio
1356 3341 1514 3402 reportat,
1529 3326 1567 3390 ad
1587 3325 1655 3404 plns
1679 3325 1768 3402 plane
1790 3340 1939 3398 tenetur,

359 3405 496 3482 plateam
511 3403 646 3482 al'quem
671 3402 879 3486 transeuntem
902 3406 1131 3481 vulneraverit,
1167 3426 1257 3483 quam
1273 3404 1354 3482 ille,
1380 3406 1430 3480 qui
1452 3405 1569 3470 nullam
1589 3405 1722 3484 retrahit
1744 3404 1939 3470 utilitatem·

360 3485 505 3548 damnum
528 3498 632 3546 tamen
654 3482 708 3550 tibi
729 3482 888 3549 refundere
909 3485 1019 3550 debent
1043 3536 1053 3566 ,
1080 3491 1132 3564 qui
1169 3485 1335 3549 Tenentur
1358 3501 1464 3549 tamen
1491 3485 1658 3563 aliquando
1672 3505 1713 3565 ert
1728 3482 1817 3567 culpa
1836 3486 1935 3562 etiam

361 3586 432 3629 cum
463 3563 553 3639 culpa
581 3562 725 3627 damnum
755 3564 956 3630 intulerunt.
986 3565 1133 3641 Similiter
1167 3562 1317 3630 levissima
1338 3561 1411 3627 idest
1435 3562 1455 3626 sr
1481 3585 1543 3629 non
1563 3562 1677 3629 suerint
1694 3559 1937 3643 diligentissimi,

363 3660 487 3721 naute,
503 3641 680 3727 stabularii,
698 3640 731 3707 δι
747 3643 885 3708 νεᾶοιεε
903 3645 970 3724 lege
979 3647 1066 3713 civili
1086 3667 1133 3711 re·
1167 3642 1290 3723 quando
1308 3646 1374 3720 quis
1403 3641 1432 3707 se
1456 3643 1637 3721 profiteatur
1667 3644 1735 3709 aliis
1763 3640 1941 3721 profitenti·

358 3723 493 3788 ‚siituere
521 3738 674 3801 coguntur
698 3723 840 3801 quidquid
859 3724 987 3802 apudse
1015 3746 1134 3804 recepe·
1167 3725 1220 3789 bus
1241 3724 1442 3801 peritiorem,
1468 3723 1628 3789 &exinde
1645 3743 1708 3802 ptae
1728 3723 1799 3787 aliis
1820 3718 1882 3798 ipse
1903 3714 1939 3782 ad

366 3805 449 3880 rint,
466 3822 653 3878 quocumque
673 3802 763 3886 modo
781 3805 905 3880 perierit
925 3853 933 3880 ,
953 3803 1008 3866 nisr
1029 3808 1075 3870 vis
1097 3806 1134 3868 il·
1168 3805 1293 3880 operam
1313 3803 1444 3882 eligatur
1467 3853 1476 3881 ,
1506 3822 1580 3869 tunc
1600 3807 1682 3868 enim
1703 3822 1766 3867 non
1788 3796 1936 3864 satisfacit

366 3881 432 3946 lata
456 3880 494 3945 srt
514 3883 551 3947 ab
566 3880 736 3961 extrinseco
763 3901 876 3959 putaa
906 3881 1065 3965 fulmine,
1092 3889 1134 3952 ir·
1169 3881 1222 3948 suo
1251 3885 1337 3948 oneri
1367 3883 1422 3947 nili
1451 3884 1535 3948 illam
1553 3903 1678 3961 operam
1701 3879 1845 3959 praeslet,
1878 3896 1940 3943 non

239 4035 241 4038 y
358 3958 520 4027 ruentibus
541 3959 706 4027 latronibus
722 3959 783 4036 dte.
804 3960 978 4029 Habertus.
1168 3984 1261 4047 quam
1277 3961 1418 4040 praeslare
1444 3961 1540 4027 solent
1561 3964 1767 4044 diligentiores
1788 4005 1797 4036 ‚
1826 3958 1876 4023 led
1897 3956 1941 4021 di·

676 4043 680 4052 “
807 4042 810 4049 ’
972 4049 974 4053 ’
1089 4074 1095 4086 =
1169 4047 1188 4108 li
1210 4041 1384 4120 entilsrmi3
1414 4045 1485 4119 quia
1509 4043 1579 4107 dum
1609 4044 1705 4108 talem
1731 4040 1762 4104 se
1792 4035 1941 4116 professus

662 4128 688 4187 9.
722 4120 830 4209 v111,
1169 4067 1238 4199 eil,
1268 4122 1416 4200 implicite
1436 4122 1472 4186 ad
1488 4144 1596 4187 cutam
1616 4123 1870 4201 diligentiamque
1890 4137 1941 4179 ac·

362 4244 414 4317 ¹De
429 4239 514 4318 culpa
523 4236 653 4302 luridica
665 4211 733 4315 *quae
749 4237 962 4315 requiriturad
969 4241 1136 4309 ronrrahen·
1169 4200 1385 4289 ‘matiffilmm
1405 4200 1435 4266 le
1455 4201 1605 4281 Obliga'lt
1625 4249 1634 4279 ι
1661 4206 1763 4266 itaut
1784 4197 1805 4259 ᾗ
1828 4198 1866 4262 ab
1890 4195 1942 4259 5¹¹²

401 4315 889 4479 rrvlrvrqrtvv
902 4320 1043 4402 svm
1169 4277 1943 4435 trittilua-illitae?fremit:

1168 4458 1256 4506 catus
1281 4441 1404 4504 ratione
1431 4437 1524 4504 solius
1552 4440 1691 4518 ssipendii
1721 4457 1784 4502 non
1818 4451 1944 4500 tenetur

243 4540 342 4606 ΜΗ
408 4511 483 4604 Non
503 4513 597 4579 solum
613 4510 819 4606 excontraslu
839 4511 889 4607 seu
908 4514 1135 4595 explicitacon·
1168 4520 1302 4607 elletam
1318 4517 1445 4604 diligens
1462 4517 1551 4584 sicuti
1568 4517 1806 4598 diligentiifimi,
1827 4515 1877 4580 led
1893 4512 1945 4578 sse·

227 4604 358 4658 acorna·
370 4609 538 4671 vennone,
559 4592 607 4657 sed
634 4610 730 4659 enam
747 4612 786 4656 ex
805 4600 883 4671 quala
904 4595 1063 4678 contrado
1083 4595 1135 4660 seu
1170 4617 1205 4664 ut
1234 4598 1467 4678 diligentiores,
1497 4601 1542 4664 ita
1574 4617 1608 4664 ut
1638 4597 1659 4662 sl
1686 4600 1765 4664 bona
1794 4593 1854 4660 fide
1886 4594 1945 4658 hoc

227 4670 269 4744 ω
292 4681 352 4716 0⁰¹¹·
362 4669 456 4815 gasto
476 4674 627 4767 implicito
646 4673 930 4766 quod‘contingere
952 4673 1040 4752 possit
1064 4696 1135 4740 cum
1170 4677 1348 4756 praestiterit
1376 4727 1385 4756 ,
1411 4699 1473 4755 non
1494 4680 1652 4745 tenebitur
1681 4678 1702 4744 sr
1729 4677 1832 4743 caulla
1852 4675 1947 4740 cadat

226 4743 264 4780 '¹¹
390 4772 415 4816 rs
463 4773 494 4816 ιιι
519 4751 641 4828 aliquod
663 4751 799 4819 officium
826 4771 972 4826 exercent
992 4755 1134 4821 contrahi
1170 4759 1206 4824 ad
1235 4757 1501 4829 restituendumsr
1531 4758 1667 4825 omiserit
1696 4758 1776 4837 quod
1805 4753 1947 4833 praeslare

225 4857 297 4930 grec
315 4873 352 4909 rs.
366 4773 467 4910 potes
487 4830 635 4926 obligatio
657 4831 837 4897 restituendi
865 4855 905 4899 ex
919 4835 1007 4930 culpa
1028 4836 1135 4901 iuridi-
1169 4837 1370 4904 consuescunt
1390 4838 1635 4918 diligentill'rmi3
1661 4837 1818 4905 tenebitur
1840 4851 1948 4901 tamen

225 4921 336 4993 tutuno.
368 4933 424 4989 ca,
445 4933 481 4976 ac
500 4912 624 5004 proinde
639 4910 677 4975 de
698 4910 755 4977 hoc
770 4933 889 4989 quoque
913 4915 1135 4981 dilcutiendum
1170 4917 1190 4981 sr
1211 4916 1242 4982 se
1259 4917 1475 4982 venditaverit
1492 4918 1561 4998 aliis
1581 4922 1774 4997 peritiorem.

226 4996 287 5039 ¹¹⁸·
367 4992 504 5063 occurrit
524 5012 604 5055 circa
623 4992 745 5067 culpam
765 4990 862 5057 latam
878 5015 1004 5074 nempe,
1025 4997 1135 5074 levem,
1210 4997 1323 5071 Quand
1366 5017 1405 5062 ue
1431 5017 1507 5065 vero
1526 5004 1711 5078 contingit,
1738 5013 1776 5061 ut
1804 4989 1945 5060 officialis

366 5068 715 5150 volentiumque
739 5070 806 5138 fieri
826 5072 917 5156 poffit
939 5092 980 5143 ut
1000 5073 1142 5168 debitum,
1173 5091 1326 5162 praeterc
1357 5098 1392 5147 us
1407 5078 1647 5160 moxexposrtos
1672 5078 1751 5147 hanc
1770 5065 1944 5219 “slsriafitis‘

434 5202 437 5209 .
1875 5171 1906 5217 m

197 4772 204 4808 l
225 4808 238 4841 e
333 4794 339 4806 .
