4425 6000
407 616 409 620 μ
507 521 716 600 Terret.
744 548 808 599 na
835 523 1183 608 iniustitia
1212 522 1282 599 dcc.
1311 524 1494 599 car.ll.
1680 551 1725 625 93

231 627 262 702 le
276 628 438 697 intendant
454 625 580 689 alterius
594 623 872 689 damnificarionem
883 671 893 700 ‚
906 645 977 688 crvn
1014 626 1144 702 benigno
1162 626 1253 688 modo
1271 623 1571 704 agendioceasronem
1587 641 1781 702 arrepturum

231 706 347 779 officiat
369 723 405 771 ut
430 704 647 782 praeviderint,
669 725 721 768 aut
744 704 978 781 praeviderede·
1016 705 1165 769 incidendi
1196 708 1227 766 in
1256 725 1340 768 nova
1363 699 1468 766 sucta·
1507 720 1581 766 tunc
1608 706 1781 771 enirnesset

231 796 338 859 crerint
358 808 427 851 eam
447 802 486 847 ex
506 785 562 848 lroc
579 784 683 861 iniquo
702 786 811 862 agendi
831 785 920 847 modo
938 779 982 844 se·
1017 805 1090 850 vera
1110 783 1211 848 caussa
1227 780 1433 859 subsequentis
1449 752 1543 847 surti.
1571 774 1651 848 Item
1673 784 1709 849 de
1733 784 1787 850 da·

231 866 385 948 uipolse.
411 864 450 927 Et
479 866 599 928 utinam
630 867 687 928 hoc
717 864 913 941 perpenderet
934 879 983 924 ta·
1016 884 1088 928 mno
1106 860 1495 940 teneretnrocculrans,sr
1524 883 1575 937 per
1596 868 1784 929 occultatio·

231 950 416 1016 elrominum
431 964 553 1085 ¹tenus,
569 947 618 1017 qui
635 941 802 1007 sullurones
820 942 980 1006 dicuntur.
1017 965 1087 1007 nem
1105 964 1198 1020 quam
1220 939 1281 1006 suri
1304 941 1445 1018 praellirit
1465 941 1567 1006 caussa
1591 941 1650 1007 suit
1671 962 1786 1008 utnon

231 1029 300 1094 lam
319 1026 367 1088 iili
388 1019 429 1087 sal
447 1046 463 1086 a
484 1024 604 1097 perinde
623 1044 658 1087 ac
678 1034 751 1086 vera
772 1019 981 1086 referendoin·
1018 1023 1106 1087 fieret
1127 1020 1297 1086 restitutio.
1319 1022 1349 1083 Si
1367 1042 1442 1085 vero
1460 1043 1516 1085 nec
1532 1022 1584 1084 det
1602 1020 1682 1098 spem
1703 1022 1786 1087 refu·

231 1124 415 1173 rumerorum
440 1098 512 1164 sunt
540 1103 679 1167 venefica
717 1099 847 1179 caussa,
875 1100 985 1190 radiat,
1017 1106 1058 1183 gii
1087 1105 1119 1165 in
1148 1101 1327 1179 posterum,
1358 1119 1454 1176 neque
1480 1099 1519 1165 sir
1542 1103 1644 1165 caussa
1664 1102 1784 1167 iniuliae

231 1185 413 1262 escarurigo
431 1180 600 1244 malorum.
624 1180 716 1244 Unde
734 1183 856 1243 Prover.
878 1184 926 1241 26.
946 1184 985 1243 lic
1014 1184 1205 1251 detentionis
1236 1186 1281 1244 rei
1315 1181 1424 1245 alienae
1448 1201 1510 1245 non
1536 1199 1658 1245 tenerur
1679 1206 1688 1258 ;
1712 1187 1784 1259 quia

231 1266 374 1333 labetur.
406 1258 555 1340 Suffurone
570 1259 714 1339 subtrac'io
738 1260 836 1339 iurgia
851 1261 984 1338 conquie·
1018 1258 1132 1326 censeri
1149 1264 1254 1335 nequit
1276 1260 1378 1324 caulla
1393 1260 1492 1323 damni
1507 1284 1516 1337 ;
1533 1260 1566 1324 dc
1588 1260 1607 1322 sl
1633 1262 1705 1337 quid
1731 1283 1784 1338 po·

231 1344 315 1412 cent·
1020 1342 1080 1406 llea
1099 1339 1333 1418 sequatur,hoc
1360 1338 1403 1403 eli
1428 1358 1480 1416 per
1502 1340 1658 1404 accidens.
1681 1342 1785 1405 Multo

245 1427 288 1490 -si
307 1437 411 1487 autem
434 1419 573 1483 adulator
593 1419 745 1484 hominem
768 1420 874 1485 laudat
890 1419 927 1483 de
942 1422 986 1481 in·
1020 1439 1127 1486 autern
1144 1424 1439 1496 minusteneretur,
1457 1423 1507 1496 qui
1529 1419 1681 1483 bonafide
1712 1425 1786 1484 reci·

231 1502 405 1568 nllitiaiam
422 1498 578 1563 commissa
617 1521 682 1563 non
703 1519 829 1564 tenetur
842 1499 879 1563 ad
902 1498 986 1562 relli-
1021 1519 1104 1578 peret
1129 1498 1263 1564 nesciens
1282 1500 1344 1563 elle
1362 1495 1460 1562 sutem
1477 1510 1493 1559 .·
1511 1497 1551 1563 Et
1575 1502 1653 1576 quod
1674 1501 1787 1565 dicitur

231 1587 390 1655 urionem
411 1582 561 1656 quianon
583 1548 642 1642 suit
662 1580 763 1643 causs'a
783 1581 884 1642 damni
909 1580 985 1655 quod
1019 1583 1057 1644 de
1073 1576 1141 1644 fure
1157 1580 1236 1643 idem
1253 1579 1483 1653 intelligendum
1497 1579 1534 1643 de
1556 1580 1788 1656 Receptorecu·

231 1681 279 1728 arn
295 1657 408 1723 sedium
422 1676 512 1733 erat,·
532 1655 585 1720 nist
602 1653 685 1722 forte
704 1659 784 1722 alter
801 1679 841 1721 ex
860 1659 905 1722 his
924 1660 988 1723 lau·
1021 1662 1114 1725 iusvis
1133 1663 1218 1724 noxii
1234 1655 1450 1723 malefalloris.

231 1741 302 1807 lbos
330 1740 366 1801 ad
388 1738 447 1802 alia
474 1736 582 1800 damna
603 1738 796 1815 impellatur,
816 1737 850 1802 ἃ
870 1737 906 1801 ad
924 1759 986 1803 non
1192 1766 1197 1775 ·
1258 1781 1304 1840 De
1326 1773 1542 1855 participante·

231 1817 408 1887 esatcienda
425 1819 580 1894 praeterita
601 1838 667 1892 quae
685 1818 812 1880 intulit.
1137 1895 1172 1909 ..
1344 1897 1349 1909 ¹
1443 1871 1476 1908 Ι.
1534 1893 1569 1906 Η

243 1931 266 2021 ·.
430 1931 574 2013 mi,
593 1930 647 2012 u
666 1938 838 2014 reccare-
1023 1888 1573 2051 „lrtvrarlllenlar:
1587 1890 1787 2045 telana
1866 1953 1868 1958 ·

255 2052 436 2132 Recursus,
476 2051 525 2119 seu
559 2053 737 2130 Receptoris
773 2054 895 2115 nomine
935 2070 986 2114 ve·
1023 2075 1057 2117 re
1077 2049 1282 2129 furtiva,aut
1300 2075 1354 2128 pro
1368 2056 1491 2129 empus
1513 2054 1675 2130 participat
1690 2055 1788 2114 etiam

231 2140 338 2213 amc,
364 2137 551 2210 insomnes,
576 2137 632 2210 qui
660 2133 762 2208 aliquo
795 2131 888 2194 modo
913 2131 987 2193 dant
1024 2136 1201 2196 incrimine
1224 2130 1340 2197 scilicet
1361 2137 1392 2195 in
1414 2130 1528 2207 furto,
1556 2148 1711 2207 tamquam
1740 2128 1787 2194 so·

231 2213 345 2283 mrum
371 2216 460 2279 alicui
493 2216 620 2291 proximi
644 2212 885 2275 ·damnilicatori
913 2228 987 2289 puta
1021 2216 1088 2277 cius
1113 2209 1213 2287 furti,
1243 2210 1306 2275 sive
1334 2208 1646 2283 alteriusmaleficim
1677 2211 1788 2286 utqui

231 2293 301 2374 'um
321 2299 441 2361 viarum
458 2293 690 2373 grassatoribus,
710 2288 841 2377 sicariis2
861 2292 987 2366 aliisque
1024 2291 1135 2357 scalam
1156 2294 1279 2369 apponit
1298 2338 1307 2368 ,
1332 2294 1382 2355 vel
1413 2288 1537 2354 sustinet
1559 2308 1594 2353 ut
1618 2286 1666 2353 sur
1686 2288 1788 2354 ascert-

231 2373 428 2441 cuiuscemodi
447 2370 691 2437 malefactoribus
706 2392 757 2434 eos
784 2370 915 2446 hospitio
939 2388 988 2432 re
1022 2374 1096 2447 dat,
1117 2374 1165 2447 qui
1191 2367 1332 2434 excubias
1353 2373 1442 2450 agie,
1468 2373 1517 2435 vel
1540 2366 1637 2432 sutem
1655 2371 1787 2434 comita·

231 2451 542 2534 a'pr'endo‘iranfitum
563 2452 600 2514 ad
619 2448 781 2514 furandum
806 2454 849 2512 eit
878 2469 988 2512 conee-
1025 2469 1076 2516 rur
1097 2468 1131 2515 ut
1152 2470 1226 2514 eum
1245 2447 1418 2527 defendar,
1448 2454 1498 2526 qui
1525 2449 1563 2515 ad
1592 2446 1786 2528 confringen-

231 2533 318 2601 sando
336 2531 526 2598 defendendo·
545 2529 628 2595 furta
649 2530 808 2607 rapinasve
836 2530 989 2603 emendo,
1024 2533 1094 2596 dum
1115 2530 1148 2594 dc
1170 2527 1381 2606 asportandum
1402 2531 1546 2594 adiuvat.
1660 2598 1662 2602 Α

231 2612 493 2679 praedicamine.
512 2614 562 2676 vel
579 2609 987 2689 praebentsecuritatemaut
1065 2614 1249 2676 Proctuator
1269 2608 1425 2687 Usurarii‚
1446 2610 1596 2681 Notarius
1621 2606 1789 2675 usurarium

231 2696 476 2758 mnmoditatem
500 2693 535 2755 ad
562 2712 654 2769 opera
679 2689 790 2755 iniusta
816 2709 989 2767 perpetran·
1025 2692 1267 2755 instrumentum
1286 2689 1477 2765 conficiens,
1504 2684 1611 2753 Testes
1638 2691 1690 2764 qui
1710 2686 1787 2751 illud

231 2772 277 2844 la3
300 2774 381 2836 unde
401 2773 471 2835 sunt
490 2770 600 2836 efficax
619 2770 720 2835 caussa
735 2791 831 2848 quare
848 2770 989 2833 damnum
1025 2769 1212 2836 subscribunt
1234 2816 1243 2843 ‚
1266 2773 1318 2845 qui
1338 2789 1494 2834 venenum
1519 2768 1632 2845 praebet
1651 2772 1678 2829 ei
1697 2787 1787 2843 quem

231 2849 681 2929 mxunoinseraturpseune
722 2871 756 2913 ro
776 2847 882 2911 iniuste
903 2849 990 2912 illato
1024 2854 1171 2928 cognovit
1204 2851 1352 2924 usurum,
1377 2866 1411 2912 ut
1441 2844 1526 2910 suum
1553 2851 1710 2910 inimicum
1739 2847 1787 2908 vel

231 2928 467 3009 estitutiollat,
488 2929 538 2992 seu
558 2873 789 3006 compenfsa'tio.
818 2931 924 3002 Quare
945 2947 989 2990 re·
1026 2931 1119 2994 alinm
1140 2931 1330 3005 interimat,
1361 2929 1413 2992 seu
1438 2926 1615 2992 ministrans·
1631 2947 1715 2990 arma
1737 2947 1789 3002 pa·

231 3012 342 3075 narsum
367 3012 465 3077 talem
491 3009 661 3088 praebenrer
682 3006 703 3070 si
728 3010 767 3072 ob
783 3009 925 3072 eumdem
945 3030 990 3071 re·
1026 3030 1094 3075 rato
1119 3009 1160 3073 ad·
1185 3010 1433 3084 vulnerandum,
1454 3008 1505 3073 vel
1521 3007 1737 3072 occidendum:
1757 3006 1786 3067 hi

231 3088 338 3154 rursum
362 3137 373 3166 ,
401 3089 452 3152 seu
484 3093 689 3165 receptionem
721 3090 864 3152 damnum
897 3089 987 3152 alicui
1023 3109 1129 3155 omnes
1153 3088 1269 3153 etiamsi
1297 3091 1439 3152 darnnum
1469 3088 1530 3151 sine
1550 3109 1657 3151 corum
1676 3106 1789 3162 coope-

231 3169 325 3245 reapse
350 3170 508 3244 sequatur,
531 3168 608 3233 alias
636 3189 698 3233 non
730 3165 902 3232 secuturum
921 3189 991 3245 gra·
1026 3175 1146 3235 ratione
1163 3165 1277 3231 saelum
1293 3167 1417 3244 suill'ei,
1438 3187 1584 3232 tenemur
1601 3168 1637 3229 ad
1667 3169 1789 3229 relliru·

231 3251 306 3337 riter
336 3266 464 3327 peccant
489 3266 598 3313 contra
626 3248 775 3312 iuslitiam
802 3247 837 3312 δε
867 3247 988 3311 obnoxii
1026 3253 1142 3314 tionem
1167 3299 1174 3314 .
1197 3251 1385 3325 Participaus
1403 3249 1659 3311 tantummodoin
1670 3246 1789 3323 praeda,

231 3344 292 3392 rant
314 3325 528 3405 restitutioni;
556 3349 626 3394 cnm
654 3327 685 3392 hi
707 3349 780 3392 vere
801 3329 858 3392 lint
879 3325 989 3390 efficax
1026 3328 1074 3392 seu
1101 3349 1134 3392 re
1164 3325 1305 3404 surriva,
1340 3348 1396 3391 uec
1426 3329 1579 3392 ullatenus
1607 3343 1789 3399 cooperatus
1839 3340 1841 3343 ·

231 3407 322 3471 :aus-la
346 3406 466 3470 iniullae
487 3407 840 3485 astionic,urpore.qui
859 3406 988 3470 efficaci·
1026 3409 1062 3474 ad
1078 3404 1219 3472 iniustam
1240 3408 1409 3485 cilionem,
1430 3426 1556 3472 tenetur
1572 3406 1609 3470 ad
1626 3406 1790 3469 rellitutio-

231 3501 291 3564 rer,
309 3507 343 3551 ac
356 3484 497 3564 positive
518 3491 551 3551 in
570 3487 714 3550 damnum
739 3485 894 3562 influunt,
920 3507 990 3550 coo·
1025 3511 1095 3552 nem
1116 3488 1199 3552 illius
1216 3491 1309 3564 partis
1330 3486 1534 3562 solummodo,
1551 3508 1641 3562 quam
1663 3485 1787 3558 babuit,

231 3565 357 3631 iurando
386 3566 423 3629 ad
447 3567 591 3630 damnum
617 3566 729 3631 iniusle
759 3568 881 3632 illatum
899 3565 933 3630 ἀ
955 3583 989 3629 ut
1025 3568 1059 3635 ἀ
1078 3567 1208 3631 scienter
1225 3570 1440 3646 participavit,
1460 3565 1492 3631 dc
1511 3586 1635 3631 tenetur
1652 3564 1791 3635 illamre·

231 3647 317 3724 exigi-t
336 3643 434 3708 slrilia
455 3645 572 3709 iustitia
594 3666 655 3707 non
673 3648 930 3721 compensatum
958 3646 988 3708 Si
1025 3648 1151 3713 llituere
1168 3646 1287 3711 etiamst
1307 3669 1377 3711 eam
1395 3643 1631 3719 consumpserit.
1653 3644 1681 3704 Si
1714 3661 1790 3705 vero

231 3727 409 3802 pulsantem
429 3727 579 3802 reciperet
597 3721 695 3788 sutem
712 3725 878 3802 fugientem
899 3724 991 3791 abeo
1027 3732 1169 3807 ignorans
1190 3730 1420 3805 participaverit
1437 3724 1596 3791 restituere
1616 3721 1706 3784 debet
1722 3741 1790 3799 par·

231 3804 274 3881 pul
291 3824 363 3866 eum
381 3801 546 3865 vulnerare
563 3819 615 3865 aut
635 3820 792 3878 percutere
816 3806 904 3882 vult,
927 3826 989 3868 ma·
1027 3826 1090 3872 tem
1107 3804 1220 3882 solum,
1241 3828 1308 3883 quae
1326 3805 1423 3869 adhuc
1442 3820 1546 3879 exter,
1568 3803 1619 3867 vel
1637 3801 1664 3864 id
1682 3804 1790 3876 inquo

231 3877 332 3947 rifesle
348 3879 467 3944 conllar
483 3881 561 3956 quod
581 3879 631 3944 hic
649 3898 723 3945 runc
746 3883 831 3945 illum
851 3904 913 3947 non
943 3906 992 3949 re··
1027 3886 1127 3951 sadus
1143 3885 1180 3949 lit
1209 3888 1321 3962 ditior,
1341 3890 1390 3960 qui
1417 3902 1520 3945 autem
1541 3883 1737 3961 participavit
1759 3884 1790 3959 in

231 3965 342 4039 :iperet
364 3978 400 4023 ¹¹1
422 3956 543 4024 sumn·—
1024 3971 1175 4043 crimine,
1195 3983 1319 4030 tenetur
1350 3965 1387 4027 ad
1414 3963 1637 4027 restitutionem
1665 3964 1695 4022 in
1724 3958 1791 4022 soli·

258 4041 325 4116 Qui
343 4059 420 4104 vero
437 4042 529 4105 ritulo
546 4042 708 4118 amicitiae,
737 4039 993 4121 consanguinira·
1026 4050 1122 4123 dum,·
1143 4064 1254 4125 utpote
1273 4049 1323 4120 qui
1344 4043 1380 4107 sit
1395 4043 1497 4108 caulla
1514 4043 1547 4108 dc
1562 4034 1723 4108 concaulsa
1745 4041 1791 4101 in·

231 4119 283 4200 sa,
303 4122 413 4184 Patriae
423 4118 483 4184 &e
496 4119 595 4186 sur-em
614 4143 635 4186 a
648 4121 815 4186 lidloribns
830 4121 998 4198 quaesitum
1017 4128 1112 4191 iullae
1134 4128 1336 4202 acceptionis.

231 4200 506 4343 accultatffraecise
523 4202 559 4266 ad
580 4206 644 4266 eiua
666 4206 765 4266 vitam
794 4199 972 4265 servandam
1068 4208 1183 4271 Rustici
1201 4207 1251 4281 qui
1270 4226 1288 4268 a
1307 4203 1455 4269 militibus
1478 4198 1648 4279 apprehensi
1673 4219 1789 4278 cogun-

231 4300 285 4344 aon
311 4299 450 4344 tenetur
477 4286 632 4358 cooperati
659 4287 725 4346 eins
742 4279 856 4358 sartis,
872 4299 954 4345 tame
983 4305 992 4344 ι
1015 4305 1080 4352 tur
1101 4285 1254 4363 asportare
1274 4286 1388 4361 praedas
1409 4281 1516 4346 iniulle
1537 4301 1699 4356 acceptas;
1726 4282 1790 4340 imo

231 4357 325 4424 besan
349 4357 502 4438 elapsnsa
529 4362 664 4439 periculo
679 4362 847 4438 aliquando
876 4361 925 4425 laic
944 4360 993 4426 sur
1027 4362 1189 4444 effringere
1219 4367 1324 4431 ianuar
1344 4404 1357 4443 ,v
1389 4379 1529 4426 armenta
1549 4382 1566 4424 e
1590 4358 1713 4422 llabulis
1739 4355 1791 4419 ab·

231 4440 293 4503 lliic
315 4441 458 4504 damnum
477 4442 618 4507 illaturus
639 4441 695 4519 sit,
714 4464 783 4506 cum
803 4443 949 4506 damnum
961 4443 994 4506 il·
1028 4445 1178 4523 liralrere,
1190 4443 1391 4508 instrumenta
1401 4443 1533 4523 praebere
1542 4440 1577 4505 ad
1589 4436 1790 4513 depraedatio-

231 4518 283 4583 sud
301 4519 465 4596 sirprotsus
491 4523 634 4599 casuale,
655 4523 688 4585 ὅ(
709 4543 760 4597 per
787 4523 925 4588 accidens
949 4543 1010 4589 rer
1028 4547 1102 4589 num
1122 4526 1336 4589 executionem
1364 4525 1424 4588 dcc.
1448 4543 1521 4585 num
1540 4536 1666 4597 peccent
1690 4538 1724 4579 ac
1741 4536 1790 4607 τες

231 4595 324 4677 [ρεᾶιι
336 4601 407 4663 talis
423 4603 630 4666 occul-rantis.
653 4601 994 4679 Fieretver‘ocoopera·
1027 4605 1180 4670 stitutioni
1198 4602 1321 4668 obnoxii
1343 4602 1420 4667 liant
1438 4606 1469 4664 in
1491 4602 1547 4664 hac
1562 4596 1668 4663 coalia
1690 4598 1790 4659 damni

231 4690 276 4743 lor
291 4676 349 4742 furi
372 4684 403 4743 in
419 4680 476 4744 suis
496 4677 692 4746 fortitillum
712 4685 746 4744 in
768 4683 821 4745 tali
847 4682 919 4746 casu
943 4704 997 4747 oc·.
1028 4686 1275 4761 cooperatione,
1298 4680 1467 4758 discrepant
1494 4683 1526 4742 in
1547 4680 1604 4742 hoc
1632 4674 1791 4741 llatuendo

231 4758 365 4838 cultant,
383 4760 419 4825 dt
440 4776 600 4827 teneretur
619 4763 654 4824 de
670 4760 810 4838 damno,
839 4761 860 4827 sr
889 4762 928 4825 lic
943 4775 994 4826 oe·
1031 4764 1217 4842 Theologi;
1249 4764 1302 4827 alii
1326 4765 1410 4826 enim
1433 4780 1484 4823 ens
1513 4757 1629 4835 prorsus
1650 4756 1687 4820 ab
1706 4753 1791 4844 omni

231 4838 344 4917 tultet,
365 4859 399 4903 ut
418 4843 445 4905 ei
466 4839 549 4916 spem
566 4839 660 4906 saciat
683 4843 715 4904 in
736 4838 894 4918 pollerum
915 4841 994 4909 simi·
1029 4862 1124 4909 onere
1144 4841 1313 4920 excusant5
1329 4842 1382 4906 alii
1404 4839 1525 4918 prorsus
1541 4840 1687 4902 damnant
1710 4880 1719 4908 ,
1739 4832 1792 4923 alu

231 4917 266 4980 lic
280 4920 419 4993 auxilia
432 4923 478 4985 ita
502 4940 543 4985 ur
558 4942 597 4986 eo
624 4923 741 4985 auxilio
765 4916 862 4984 fretus
891 4921 994 4998 polica
1021 4923 1129 4987 media
1147 4926 1200 4987 via
1217 4922 1383 4985 incedendo
1402 4920 1506 4984 dicunt
1523 4919 1635 5005 aliquid
1662 4915 1706 4975 his
1727 4912 1793 5003 licr-

231 4993 365 5076 suretnr‘,
388 5000 437 5063 vel
459 4999 515 5065 hoc
530 4999 739 5067 faciat'solum
753 5021 789 5064 co
810 4998 934 5066 noscent
950 5012 995 5080 erl
1030 5020 1098 5067 tum
1119 5000 1217 5064 ellesi
1238 5000 1317 5066 lullo
1332 5002 1437 5064 mortis
1459 5017 1546 5061 metu
1574 4998 1637 5058 live
1665 4994 1792 5082 alterins⁸

231 5081 417 5154 experientia
436 5083 612 5162 preteriri,
627 5079 777 5148 velalitet
819 5080 998 5149 remoalroo'
1030 5083 1137 5164 travia
1155 5080 1228 5149 mali
1247 5078 1346 5151 toalli.
1361 5079 1393 5143 id
1412 5096 1535 5157 maur,-
1560 5078 1633 5151 qvia
1652 5067 1796 5151 presumi

1695 5167 1763 5229 90³·
