4425 6000
457 517 530 598 152
741 495 945 572 Τιιιιοτ.
983 520 1049 572 na
1087 495 1635 580 contemnemus.

280 587 381 644 *Μ
406 595 486 662 inita
506 591 653 674 sponsalia
668 614 755 664 metu
769 596 1100 662 excommunicationis
1115 617 1164 676 co-
1199 597 1263 664 sum
1292 601 1393 664 valida
1422 598 1482 678 esi,
1509 619 1636 676 eamque
1666 596 1792 672 implere
1824 593 1965 674 teneris,

274 667 386 772 ἒξ*
402 681 489 758 gitur
515 679 551 742 ad
582 679 811 744 matrimonium
841 677 922 754 quod
944 675 1079 752 promisit
1101 693 1163 754 cap.
1198 683 1267 754 quia
1296 697 1396 742 metue
1426 696 1498 742 tuus
1527 701 1587 744 non
1615 675 1675 742 suit
1706 675 1809 764 caussa
1836 693 1963 740 comra·

404 775 454 822 ro.
482 757 518 822 de
539 753 660 838 sponsaL
692 755 727 822 dt
747 777 787 820 ex
812 777 878 834 cap.
906 757 1092 835 deilegular.
1117 774 1163 833 25.
1198 759 1282 834 llus,
1307 757 1354 820 std
1385 757 1479 822 solum
1498 757 1631 835 occasio,
1662 775 1698 818 ne
1720 777 1758 820 ue
1783 759 1881 820 sicarii
1906 757 1960 819 tibi

402 835 445 906 (5
459 836 586 918 fimonia
614 837 665 900 ubi
688 835 860 901 Monachus
879 833 918 900 ob
943 837 1058 926 crimen
1078 833 1165 902 iimo·
1198 841 1335 903 minitati
1358 835 1427 902 sunt
1448 857 1579 902 mortem
1600 837 1672 900 sicut
1694 779 1896 912 sipponitut,
1927 851 1965 900 ut

390 921 465 984 niae
491 917 607 980 dicitur
636 917 720 993 polle
749 914 891 990 compelli
922 913 960 978 ad
986 911 1165 978 lirrdliorem
1199 916 1291 980 talem
1313 921 1472 990 pteuuitur
1499 917 1583 980 dares
1607 915 1702 980 Caio.
1732 915 1824 992 Quod
1848 917 1868 976 n
1890 923 1961 991 pro·

400 997 570 1078 Regulam.
596 994 738 1076 Quilibet
761 999 844 1058 enim
864 990 1053 1070 praesumitut
1073 993 1166 1058 libeie
1199 995 1295 1062 missio
1312 995 1386 1060 nna
1407 995 1444 1060 sit
1461 999 1508 1072 ei,
1525 999 1575 1072 qui
1597 1013 1714 1058 metum
1736 995 1791 1056 tibi
1810 991 1960 1070 inculsit,

398 1071 500 1144 facere
528 1077 608 1153 quod
638 1081 705 1140 iure
727 1073 846 1138 debet.
875 1073 917 1136 Et
944 1070 1065 1150 insuper
1093 1075 1165 1150 quia
1198 1097 1261 1141 non
1283 1095 1385 1140 tamen
1406 1095 1445 1140 eo
1467 1078 1586 1152 animo,
1608 1093 1642 1138 ut
1664 1093 1695 1138 te
1712 1071 1748 1136 ad
1765 1068 1959 1143 contrabium

393 1174 501 1220 metm
521 1175 584 1220 non
597 1153 695 1219 solum
709 1154 877 1231 relinquit,
893 1155 957 1215 imo
972 1149 1092 1216 causiat
1111 1173 1166 1214 vo·
1199 1156 1386 1231 impelleret,
1418 1151 1530 1232 purast
1551 1157 1614 1230 quis
1636 1157 1667 1215 in
1698 1171 1806 1228 aquam
1834 1169 1868 1214 te
1892 1171 1959 1228 pro·

332 1242 337 1250 '
397 1235 569 1302 luntaritun
593 1233 796 1312 simpliciter,
829 1235 874 1296 ita
908 1249 944 1296 ut
971 1229 992 1293 li
1023 1233 1166 1296 irritetur
1198 1236 1338 1314 iecisl'et,
1366 1253 1429 1298 non
1452 1251 1485 1298 ut
1514 1236 1672 1312 pecuniam
1699 1248 1770 1294 ate
1798 1247 1963 1306 extorque·

400 1315 578 1380 contradlut
601 1317 699 1379 initus
722 1335 763 1378 ert
786 1331 873 1378 meru
893 1309 1004 1374 iniulle
1028 1312 1166 1388 incullo,
1199 1333 1263 1392 ret,
1284 1335 1374 1392 quam
1390 1333 1493 1378 tamen
1519 1315 1625 1377 ntottit
1648 1329 1735 1376 metu
1755 1311 1784 1372 ei
1803 1311 1970 1384 promittea.

399 1415 465 1458 non
490 1395 633 1458 irritatur
654 1397 778 1458 ratione
798 1391 1024 1466 involuntarii,
1046 1385 1094 1452 sed
1118 1411 1166 1453 ra·
1200 1416 1264 1470 rea,
1284 1394 1413 1459 credunt
1434 1394 1528 1470 aliqui
1551 1389 1775 1469 promissionem
1795 1386 1876 1452 haue
1900 1385 1963 1452 esl'e

399 1477 489 1538 tione
519 1475 660 1538 iniuria·
688 1473 795 1550 Quare
815 1477 1000 1558 contrahens
1018 1489 1058 1532 ex
1077 1487 1164 1532 metu
1200 1472 1331 1542 validam
1359 1489 1425 1537 tum
1452 1475 1518 1536 iure
1547 1471 1682 1536 naturali
1713 1487 1781 1532 tum
1810 1465 1969 1546 pontivop

344 1629 347 1635 ¹
400 1551 478 1616 iulle
507 1552 625 1619 incusso
662 1555 737 1619 licet
773 1551 892 1613 invitus
929 1549 968 1612 lit
1001 1545 1166 1612 secundum
1199 1557 1260 1620 imo
1277 1552 1334 1616 hoc
1356 1551 1529 1616 extendunt
1547 1553 1582 1614 td
1606 1571 1656 1614 eos
1693 1547 1884 1624 etiam,qui
1903 1565 1967 1610 me·

420 1633 492 1712 uid,
508 1631 611 1710 mise
636 1650 740 1697 “¹¹¹0ss
761 1649 837 1694 vere
857 1627 900 1692 ‘ll
930 1627 1005 1692 liber
1026 1629 1166 1704 910010·
1200 1652 1267 1699 tum
1291 1635 1477 1708 incutiunt,
1506 1630 1543 1694 ad
1568 1632 1624 1694 lroc
1649 1647 1684 1692 ut
1713 1627 1837 1690 alterius
1870 1645 1967 1704 pecu·

432 1715 522 1791 ione,
550 1731 607 1778 nte
635 1709 863 1778 rationabiliter
893 1711 1038 1784 conqueri
1069 1703 1165 1796 potesl
1199 1717 1300 1788 niam,
1323 1731 1377 1776 aut
1399 1710 1560 1788 quemlibet
1582 1711 1675 1774 alium
1699 1701 1889 1773 contraitum
1909 1723 1966 1770 ex·

398 1791 438 1856 de
455 1793 570 1858 iniuria
583 1789 676 1870 ,dum
692 1809 746 1870 per
763 1787 857 1854 talem
873 1803 991 1852 metum
1006 1785 1095 1850 nulla
1111 1787 1164 1863 iplr
1181 1813 1183 1824 ·
1199 1809 1382 1870 torqueant,
1417 1793 1505 1868 quia,
1531 1793 1619 1854 aiunt
1649 1786 1701 1864 ipli
1719 1835 1728 1864 ,
1757 1780 1966 1849 huiuscemodi

399 1867 550 1938 insertur.
1198 1891 1298 1937 metus
1321 1871 1453 1935 incuslus
1474 1869 1619 1946 relinquit
1642 1865 1742 1932 aiium
1762 1859 1966 1942 promiffionis

439 1951 508 2018 Nec
536 1949 596 2016 dici
626 1949 724 2030 potest
753 1943 939 2014 sententiam
959 1943 1037 2011 hanc
1057 1944 1166 2010 adver·
1199 1953 1337 2028 pecunia
1370 1950 1583 2016 voluntarium
1607 1946 1801 2025 simpliciter,
1825 1941 1858 2008 dr
1877 1945 1968 2007 invo-

400 2027 459 2093 sari
485 2033 580 2096 varin
601 2029 739 2096 textibus
760 2029 835 2093 lulli
852 2025 1016 2102 “multis
1038 2041 1073 2089 ut
1096 2043 1164 2099 ⁰³1>-
1200 2033 1373 2096 luntarium
1392 2029 1491 2093 reddit
1511 2025 1607 2092 solum
1624 2024 1784 2090 secundum
1794 2023 1882 2100 quid.
1899 2021 1968 2088 Alii

399 2109 444 2174 ad
455 2109 640 2175 audientiam
655 2134 685 2191 4.
702 2110 739 2174 de
754 2107 793 2170 iis
808 2126 874 2185 quae
887 2103 926 2170 oi
936 2145 948 2186 ,
967 2101 1018 2168 ubi
1035 2101 1166 2169 babetur
1198 2132 1303 2186 vero,
1333 2113 1416 2172 inter
1440 2128 1516 2187 quos
1548 2107 1579 2170 P.
1605 2105 1785 2172 Cuneliatut
1807 2149 1815 2178 ,
1845 2100 1966 2166 volunt

397 2185 474 2254 iani
492 2187 594 2254 caussa
620 2193 669 2256 via
689 2207 727 2255 ac
746 2203 852 2252 metut
873 2203 978 2250 tmere
1000 2178 1055 2249 suo
1074 2183 1166 2248 tobo-
1201 2193 1259 2254 hos
1278 2187 1453 2254 contradlus
1477 2189 1592 2252 validos
1608 2183 1729 2264 quidem
1745 2183 1824 2260 elle,
1843 2177 1893 2244 sed
1914 2199 1965 2244 re·

406 2288 462 2346 re,
477 2267 511 2334 ὰ
530 2288 595 2345 cap
618 2267 773 2350 requisivit
793 2285 840 2346 17.
862 2265 900 2330 de
912 2261 1035 2344 sponsal.
1055 2261 1165 2356 ubiude
1200 2268 1368 2336 scindibiles
1386 2267 1423 2333 ad
1438 2267 1664 2345 beneplacitum
1681 2277 1799 2328 mettim
1815 2255 1966 2328 iniussum

408 2347 555 2428 muliere,
573 2369 642 2426 quar
662 2346 810 2415 renuebat
825 2341 972 2423 sponsalia
992 2345 1092 2406 iurata
1110 2363 1167 2404 tm-
1200 2345 1289 2427 palli,
1309 2355 1378 2425 quiq
1396 2365 1513 2412 metum
1534 2345 1645 2410 iniuste
1662 2345 1814 2410 incutient
1834 2359 1966 2420 gravem

408 2427 493 2516 plere
512 2427 644 2506 dieitur,
665 2427 743 2504 quod
770 2445 838 2490 cum
861 2420 951 2513 libera
974 2420 1093 2486 debeam
1113 2419 1166 2501 else
1198 2433 1226 2494 ci
1249 2423 1345 2492 insert
1371 2429 1533 2504 iniuriam,
1557 2423 1590 2491 dt
1613 2427 1685 2502 quia
1705 2423 1790 2488 illam
1807 2441 1869 2485 non
1890 2419 1965 2484 vult

400 2507 609 2586 matrimonia,
624 2507 734 2572 mulier
750 2501 1165 2583 iaecporrusmonendaquam
1199 2505 1341 2584 auserre,
1367 2505 1442 2570 sicut
1469 2521 1613 2582 tenetur,
1642 2503 1710 2568 ideo
1730 2499 1816 2580 eligit
1837 2516 1967 2564 contra·

399 2588 543 2668 imm·
564 2585 648 2652 Nam
666 2585 765 2664 qimid
785 2587 916 2663 Primum
938 2597 1059 2647 ‘extum
1088 2583 1165 2644 luris
1198 2585 1280 2652 ilum
1311 2586 1515 2660 venditionis,
1545 2587 1728 2662 emptionis,
1752 2597 1807 2646 aut
1836 2573 1966 2656 promis·

400 2667 541 2732 canonici
563 2667 765 2745 respondetur
789 2662 830 2727 ibi
851 2662 1023 2728 sermonem
1041 2658 1104 2724 esse
1127 2663 1166 2724 de
1199 2665 1288 2732 sionis
1310 2669 1470 2744 petuniae,
1495 2665 1555 2729 dac.
1582 2682 1615 2728 ut
1640 2663 1668 2726 se
1692 2663 1822 2740 liberet,
1837 2677 1874 2724 ae
1894 2676 1965 2750 pro·

399 2763 494 2811 metu·
510 2745 620 2810 iniusle
639 2745 774 2810 incusso·
800 2741 840 2808 Et
863 2737 1071 2820 fibllqfflndo
1091 2759 1167 2804 001¹·
1199 2747 1268 2812 inde
1297 2741 1351 2810 nisi
1378 2741 1567 2810 eontrnllum
1593 2741 1803 2816 venditionis,
1831 2755 1967 2816 emptio·

400 2825 517 2890 tradlua
536 2823 741 2890 huiuscemodi
756 2824 897 2890 dieantur
911 2825 945 2884 in
965 2817 1077 2886 eodem
1096 2821 1165 2882 iure
1199 2831 1263 2904 nis,
1279 2825 1341 2892 &o
1359 2823 1524 2889 rescindere
1546 2821 1642 2900 posset
1657 2869 1665 2900 ,
1681 2817 1830 2884 iniuslitia
1846 2835 1967 2882 metum

398 2904 514 2970 nullius
536 2903 672 2982 roboria,
699 2923 764 2969 nort
792 2904 837 2967 ita
860 2918 966 2966 tanuen
994 2900 1004 2961 l
1047 2914 1173 2963 uuntur
1200 2907 1382 2970 incutientia
1418 2907 1446 2968 ei
1482 2905 1655 2982 prodesl'et,
1697 2901 1775 2978 quod
1802 2915 1965 2975 nunquam
2002 2945 2006 2954 ,

397 2987 486 3061 iura,
501 2985 572 3061 quia
587 2984 687 3051 nullos
706 3004 760 3049 eos
779 2981 1006 3058 esseiuditent,
1036 2976 1074 3042 ed
1093 2979 1165 3055 quit
1201 3006 1309 3053 verum
1329 2983 1513 3061 ess'cdcbe15
1541 2981 1578 3049 fic
1599 2981 1742 3047 laudatus
1762 2979 1794 3045 Ρ,
1814 2975 1967 3043 cumlia-

398 3063 452 3129 vel
473 3064 512 3129 ab
526 3084 567 3129 eo
585 3066 637 3141 qui
656 3081 775 3151 metum
801 3062 902 3141 pallus
921 3056 985 3137 en,
1006 3056 1059 3123 vel
1077 3077 1098 3124 ι
1118 3062 1164 3121 lu·
1200 3086 1270 3131 tur.
1304 3064 1382 3129 Haec
1405 3083 1508 3129 tamen
1536 3058 1628 3127 sufius
1651 3062 1749 3127 videri
1776 3056 1902 3136 possunt
1931 3060 1965 3123 in

399 3144 466 3209 dice
481 3141 609 3209 rescindi
626 3144 768 3219 ponunt.
792 3138 904 3215 Quoad
923 3136 1088 3202 secundum
1110 3155 1164 3203 ve·
1197 3144 1353 3209 cardinali
1371 3142 1408 3207 de
1424 3144 1472 3208 Lu
1492 3163 1531 3208 ο.

399 3244 436 3287 ro
455 3242 517 3313 non
537 3238 630 3302 negat
645 3220 761 3287 Lucius
780 3218 894 3303 autbot
911 3221 968 3311 ιιιἶ
983 3218 1111 3311 canonia
1126 3214 1165 3281 de
1240 3224 1327 3289 Nota
1357 3222 1434 3300 quod
1456 3166 1534 3287 aino
1553 3218 1769 3297 redhibitoria,
1792 3240 1846 3299 per
1891 3238 1966 3285 uam
1994 3208 2044 3275 03

400 3301 530 3367 munere
553 3300 678 3367 nolente
706 3304 810 3365 iurata
840 3293 986 3375 sponsalia
1011 3294 1165 3375 implere,
1203 3300 1318 3369 scilicet
1335 3319 1452 3367 metum
1476 3298 1573 3380 passus
1594 3304 1639 3365 ius
1659 3300 1750 3365 habet
1774 3296 1871 3365 reicit
1910 3300 1963 3363 ndi
1981 3286 2045 3386 ἵξῃ,

401 3400 465 3446 non
485 3396 574 3459 neaat
593 3382 788 3445 matrimonia
816 3398 857 3443 ex
876 3393 962 3441 metu
982 3370 1061 3469 sana
1081 3374 1164 3440 vau·
1197 3378 1452 3459 contratrum&
1469 3402 1533 3447 rem
1554 3382 1636 3447 luam
1653 3380 1704 3445 vel
1726 3380 1859 3458 pretium
1879 3398 1965 3457 repe⁴
1978 3396 2046 3467 με.

400 3460 440 3525 da
458 3458 538 3539 esse,
553 3456 603 3523 sed
619 3455 721 3524 suadet
745 3476 782 3525 ut
801 3476 952 3535 quatenus
971 3458 1043 3549 laert¹
1066 3450 1164 3531 potest
1200 3463 1304 3541 tendi,
1331 3481 1371 3525 ex
1403 3464 1468 3527 iure
1494 3464 1647 3525 communi
1670 3460 1815 3539 perdurat
1832 3474 1958 3525 tautum
1975 3460 2046 3517 resti·

400 3544 435 3602 in
461 3539 550 3617 plen&
577 3538 723 3606 libertate
744 3536 965 3603 contrahentes
988 3535 1165 3609 relinqunn·
1199 3542 1304 3612 adsex
1323 3538 1456 3605 menses.
1474 3540 1591 3615 Verum
1607 3538 1679 3617 ille,
1699 3542 1750 3617 qui
1770 3554 1891 3604 metum
1915 3540 1961 3603 ln·
1983 3534 2027 3581 ⁴⁸¹

400 3638 476 3710 tut,
501 3638 541 3685 eo
568 3618 647 3709 quod
672 3640 713 3683 ert
732 3616 890 3685 coad'tione
911 3612 1031 3681 tametsi
1052 3610 1164 3708 iniusta
1197 3614 1305 3699 cusfit,
1327 3642 1483 3697 nunquam
1503 3618 1623 3685 secutus
1643 3620 1703 3683 elle
1724 3615 1822 3696 potell
1843 3616 1876 3683 io
1891 3606 2046 3713 eom-222,

399 3696 533 3781 difficiles
556 3712 656 3765 ettalus
666 3696 761 3779 soleri
770 3692 945 3841 (reperirier
963 3688 1086 3788 baberi.
1106 3692 1167 3773 lgr·
1187 3689 1345 3795 mu,
1369 3692 1423 3765 nisi
1452 3716 1508 3765 aut
1537 3696 1682 3775 acquina
1704 3718 1755 3777 per
1784 3698 1883 3771 talem
1899 3716 1965 3763 me·
1979 3720 2041 3773 m

400 3798 454 3844 tur
481 3774 627 3845 Pontifex
654 3798 718 3843 non
750 3777 867 3855 alegat
895 3795 928 3838 an
957 3768 1174 3839 huiuscemodi·
1198 3778 1711 3857 tum·1''essituqt‚velabeo,qui
1729 3792 1848 3843 metum
1866 3778 1966 3853 pallui

401 3860 605 3923 matrimoniis
626 3856 885 3933 invaliditatem,
913 3850 962 3919 sed
987 3852 1165 3918 eorumdem
1200 3850 1284 3940 suit,
1312 3854 1406 3925 libere
1430 3858 1570 3939 prorsus,
1589 3856 1623 3924 dt
1646 3858 1821 3924 voluntarie
1841 3872 1966 3923 eontra·

401 3939 506 4005 exitus
520 3936 753 4003 difficultatem.
1198 3940 1261 4005 nus
1281 3943 1327 4007 ita
1355 3944 1456 4005 initur
1482 3956 1568 4004 ratus
1589 3936 1780 4003 declaretur.
1809 3936 1900 4001 Nota
1920 3936 1971 3999 ul·

295 4028 396 4101 ⁰3⁸2·
443 4016 549 4082 Metus
569 4014 680 4081 iniuste
698 4012 848 4089 incussus,
877 4030 940 4077 ⁰0¹¹
965 4028 1070 4078 tamen
1085 4008 1165 4075 ordi·
1200 4021 1295 4085 terius
1309 4040 1349 4085 ert
1368 4018 1486 4097 speciali
1511 4021 1579 4083 iure
1599 4015 1773 4095 invalidos,
1793 4010 1969 4091 nulliusque

263 4103 296 4141 ‘⁸
322 4092 375 4141 '¹¹¹'
404 4116 497 4163 n²t¹1⁸
521 4095 560 4161 ad
579 4093 822 4173 “torquendum
840 4088 1017 4157 consensum
1041 4094 1072 4155 ln
1091 4110 1166 4155 ⁶⁰¹²·
1201 4097 1317 4165 roboria
1349 4098 1497 4163 declarari
1528 4094 1702 4162 contraslus
1742 4098 1968 4171 matrimonii,

258 4170 296 4267 ,J
316 4168 532 4267 J'Jss'traflu.
564 4174 646 4241 hune
666 4196 729 4239 non
759 4170 932 4265 invalidam
957 4172 1069 4237 idcirco
1093 4170 1165 4234 tilis
1200 4174 1435 4259 sponsaliorum,
1459 4170 1493 4242 dr
1515 4166 1701 4255 ptosessronit
1726 4172 1881 4255 religiosa
1911 4174 1971 4237 ini·

264 4283 360 4330 innan.
403 4252 579 4322 contraslut
605 4274 668 4319 non
696 4251 741 4318 eli
767 4248 986 4331 rescindrbrlis,
1009 4254 1080 4330 quia
1099 4249 1167 4315 sub·
1200 4272 1248 4325 tot
1263 4278 1304 4323 ex
1323 4276 1412 4323 metu
1430 4262 1518 4337 gravi
1540 4252 1648 4321 iniulle
1665 4252 1705 4321 ad
1718 4252 1971 4331 extorquendum

260 4356 383 4397 aaron.
406 4334 616 4413 llantialiter,
633 4332 669 4401 dt
687 4328 864 4409 simpliciter
883 4328 927 4395 eii
948 4332 1166 4409 voluntarius,
1199 4334 1373 4403 consensum
1403 4334 1541 4412 lucullo,
1571 4352 1633 4399 non
1662 4350 1740 4401 tero
1770 4330 1792 4397 li
1816 4336 1889 4400 initi
1910 4328 1969 4403 sint

260 4406 861 4493 ⁸¹⁸0²⁰·ptaetiues1liatnoncum
891 4428 948 4489 eo,
974 4416 1028 4490 qui
1045 4428 1166 4476 metum
1199 4414 1440 4493 exuretulevi,
1464 4416 1516 4482 vel
1534 4414 1759 4495 reverentiali,
1779 4414 1827 4481 uti
1850 4410 1902 4479 suo
1925 4412 1970 4477 lo·

400 4497 433 4559 in
496 4509 542 4572 rt,
556 4491 605 4557 sed
623 4514 695 4559 cum
714 4493 811 4556 tertia
837 4489 984 4571 persona,
1002 4512 1074 4569 quaa
1093 4508 1164 4555 tum
1199 4516 1237 4561 co
1256 4496 1397 4560 dicetur.

400 4572 438 4639 fit
459 4574 608 4639 innocent
643 4594 705 4639 non
719 4570 808 4637 debet
827 4570 889 4637 else
906 4570 1042 4637 obnoxia
1061 4565 1165 4635 rescis-
1237 4568 1378 4652 Quilibet
1400 4590 1498 4641 metus
1518 4568 1629 4642 iniuste
1645 4568 1777 4643 incurius
1796 4570 1834 4641 ad
1858 4586 1967 4643 eatur·
1979 4560 2046 4673 ¹¹¹²,

401 4653 476 4719 sioni
492 4670 598 4728 contra
629 4674 690 4717 ιιι.
728 4650 769 4715 Ει
790 4650 849 4717 lroc
864 4650 945 4717 idem
960 4650 1108 4716 iudicium
1127 4645 1165 4714 sit
1199 4654 1353 4731 quendum
1388 4646 1604 4735 contradam,
1644 4654 1739 4733 ipsum
1770 4656 1967 4723 contraitum
2026 4638 2046 4741 ,ι’

402 4734 442 4799 de
463 4732 604 4799 omnibus
622 4730 827 4799 conuallibus
847 4753 883 4795 ac
910 4730 947 4795 de
968 4726 1166 4825 promisione
1201 4752 1269 4801 tum
1286 4736 1352 4801 iure
1367 4753 1506 4815 natura,
1523 4754 1590 4801 tum
1634 4734 1751 4801 ositlvo
1769 4734 1893 4813 prorsus
1918 4738 2046 4807 iri-unta

401 4833 497 4880 certae
512 4810 637 4879 summae
652 4814 809 4889 pecuniae,
833 4832 925 4888 quam
949 4810 1105 4887 pollicitus
1129 4812 1165 4875 lis
1201 4812 1339 4881 validum
1369 4810 1488 4894 reddit,
1517 4836 1599 4893 quan
1619 4836 1639 4881 o
1658 4818 1783 4881 initium
1807 4812 1868 4881 suit
1891 4832 1965 4883 curn
1979 4828 2046 4873 Μ

403 4894 483 4961 Caio
505 4892 675 4959 transeunti
700 4912 755 4971 per
775 4896 877 4969 viam,
899 4905 938 4954 ut
959 4904 992 4955 te
1013 4911 1030 4954 a
1051 4886 1165 4955 sicariis
1201 4890 1313 4960 iniullo
1333 4908 1506 4973 vexatore‚
1520 4894 1555 4961 ἃ
1576 4896 1674 4961 solum
1693 4894 1807 4961 babeat
1833 4916 1890 4976 pro
1911 4896 1963 4963 ob·
1979 4884 2027 4937 ω

277 5006 285 5023 ·
400 4990 538 5069 mortem·
560 4972 773 5038 minitantibus
798 4969 945 5064 liberaret
957 5015 971 5063 ,⁸
994 4990 1078 5064 quae·
1095 4988 1166 5045 pro·
1199 4970 1276 5069 iedlo
1308 4972 1521 5041 liberationem
1553 4976 1589 5039 ab
1620 4970 1728 5041 iniusta
1762 4980 1936 5045 vexatione
1957 4962 2046 5069 ml,

398 5050 500 5125 mrsiio
518 5054 590 5121 licet
617 5049 694 5121 sana
720 5050 761 5119 ob
783 5068 901 5117 metum
927 5048 1038 5117 uuusle
1066 5046 1166 5117 ineus-
1199 5073 1270 5135 quia
1288 5072 1359 5151 caan
1375 5076 1418 5125 ex
1434 5074 1550 5129 natura
1569 5054 1622 5128 lua
1646 5052 1800 5129 invalidus
1827 5058 1968 5127 iudicant

1893 5162 1930 5207 us
