4425 6000
460 508 514 589 82
695 495 1695 583 artemntnrusmia&tetulo

414 629 452 675 te
469 620 647 673 teneturex
668 601 687 665 l.
711 605 760 664 τό.
785 598 816 664 ff.
843 601 1054 691 deverierunt
1081 600 1184 683 oilr'ga·
1258 596 1368 689 Quoad
1391 599 1521 664 alteram
1542 619 1660 680 partem
1676 627 1772 686 vero,
1793 627 1987 692 nempeqm·

417 685 546 753 tionibus
567 683 617 748 ubi
636 680 698 747 sic:
714 684 899 756 Generaliter
917 700 1055 748 novimus
1087 695 1184 760 turpes
1216 676 1255 751 ‚ad
1270 676 1387 743 tributa
1415 699 1456 742 ex
1476 680 1544 746 sola
1563 682 1748 753 liberalitate
1773 688 1823 753 seu
1842 699 1986 766 gratuito

415 765 615 852 stipulationes
634 763 744 828 nullius
768 782 782 825 e
804 783 820 825 t
841 760 999 834 momenti:
1021 760 1091 835 &l
1112 779 1179 842 123.
1218 757 1268 822 hie
1287 756 1527 836 distinguendum
1542 784 1612 826 cum
1627 768 1659 828 P.
1676 768 1793 832 Stenno
1812 772 1895 834 inter
1909 773 1987 843 data

417 849 455 926 Si
474 844 561 927 plagii
572 842 708 930 sarciendi
726 863 768 908 ve
784 838 873 927 'satia‘
889 839 985 921 tauffla
1004 854 1134 920 concepta
1144 845 1183 923 fit
1218 836 1257 901 ob
1275 855 1351 913 opus
1377 843 1566 919 meretricii,
1585 841 1619 915 dt
1641 844 1711 913 data
1733 847 1772 911 ob
1803 849 1886 914 aliud
1905 874 1986 932 oput

417 926 564 1011 stipulatio
591 922 628 996 ab
651 922 737 999 initio
759 944 816 995 non
845 921 954 986 valet:
982 920 1016 986 ἃ
1037 927 1119 986 ratio
1139 920 1182 984 est
1220 936 1366 1007 prauum·
1385 916 1469 983 Data
1491 919 1658 988 liberaliter
1670 926 1711 992 ob
1727 933 1891 994 meretricii
1907 952 1929 995 0

419 1003 600 1080 manifesto,
615 1008 688 1080 quio
710 1001 764 1064 ilia
785 1001 936 1072 datanon
957 998 1046 1079 sunt,
1071 1000 1126 1064 nisi
1146 1022 1183 1065 ea
1219 992 1357 1086 sentiunt
1387 1003 1592 1066 communiter
1621 1004 1688 1067 DD.
1716 1005 1780 1072 five
1808 1027 1883 1075 ante
1919 954 1987 1077 (ἐξ

418 1088 488 1167 lege
507 1104 544 1151 ut
560 1087 710 1160 accipiens
727 1083 757 1145 le
771 1081 884 1160 obliget
904 1080 941 1145 ad
957 1100 1030 1157 opus
1051 1082 1183 1158 malum,
1220 1072 1282 1153 post
1298 1073 1409 1139 ditium
1423 1097 1497 1154 oput
1514 1085 1615 1157 paucis
1633 1083 1745 1151 casibus
1760 1091 1897 1167 exceptio
1915 1108 1989 1157 tom

419 1173 460 1247 ad
481 1166 560 1244 quod
582 1163 611 1227 se
629 1161 765 1241 obligare
779 1163 886 1239 nequit
894 1182 907 1240 ,·
925 1181 997 1234 eum
1013 1158 1183 1226 eonttadlus
1220 1173 1286 1246 rure
1307 1156 1458 1247 naturali,
1478 1176 1545 1224 tum
1575 1162 1711 1239 positivo
1739 1170 1771 1230 in
1796 1169 1987 1239 conscientia

420 1267 486 1312 non
502 1242 590 1323 poffir
606 1245 667 1306 elle
682 1240 840 1316 vinculum
861 1242 1053 1317 iniquitatis,
1070 1261 1104 1305 ac
1116 1262 1184 1318 pto-
1220 1252 1343 1297 retrnerr
1360 1235 1463 1315 polle,
1483 1258 1518 1303 ut
1540 1240 1670 1309 habetur
1688 1265 1729 1309 ex
1748 1247 1787 1310 D.
1808 1247 1934 1315 Thema
1952 1270 1986 1315 ι.

418 1326 493 1391 inde
517 1326 589 1390 talis
607 1322 755 1401 obligatio
779 1321 864 1386 nulla
891 1320 934 1383 est
958 1318 992 1397 ἀ
1020 1320 1104 1384 nulla
1133 1322 1185 1385 da·
1219 1333 1249 1374 2·
1266 1334 1292 1391 q·
1309 1315 1359 1375 61.
1380 1328 1488 1405 art55.
1509 1321 1554 1383 ad
1568 1341 1596 1382 2.
1619 1323 1669 1387 ubi
1691 1322 1730 1389 fic
1747 1330 1812 1406 tit,
1830 1332 1988 1409 conquir

419 1410 487 1486 tio,
505 1404 540 1471 dt
557 1403 594 1467 fic
610 1403 780 1476 dominium
799 1400 987 1468 translatum
1003 1421 1066 1465 non
1082 1397 1184 1465 fuitst·
1219 1395 1271 1457 dar
1300 1408 1447 1482 metrici
1479 1395 1511 1461 od
1529 1398 1784 1483 fornicationem,
1804 1408 1915 1474 mulier
1930 1408 1988 1490 fiir

420 1507 462 1549 ve
492 1481 609 1561 pallum
633 1499 799 1556 executum
822 1477 885 1554 sit,
909 1477 973 1543 slve
991 1500 1074 1557 non,
1094 1483 1184 1544 iuxta
1215 1473 1304 1565 polest
1323 1485 1446 1564 retinere
1465 1478 1543 1555 quod
1559 1481 1665 1546 Mum
1681 1485 1737 1567 est:
1756 1486 1901 1552 hicenim
1922 1511 1990 1556 nort

419 1564 569 1645 Regulam
589 1560 636 1626 18.
658 1562 732 1624 iuris
749 1562 780 1622 in
795 1560 824 1622 6.
846 1562 917 1636 Nor
930 1562 1075 1638 firmatur
1088 1564 1185 1625 traua
1219 1549 1375 1628 d¹st¹ngurt
1397 1555 1425 1616 S.
1444 1556 1581 1639 Dotion,
1601 1583 1641 1626 on
1662 1564 1790 1631 donatio
1810 1564 1868 1632 fiat
1892 1587 1987 1649 aute,

418 1642 583 1724 ampotis,
606 1640 683 1720 qaod
703 1640 740 1704 de
762 1638 828 1704 iure
854 1637 889 1703 al
909 1639 994 1703 initio
1014 1662 1071 1703 non
1091 1638 1184 1719 soliſs-
1221 1631 1271 1695 vel
1292 1630 1356 1724 poll
1377 1634 1527 1711 peratum
1547 1662 1645 1718 opus.
1980 1659 1983 1665 ·

414 1724 492 1807 stit.
518 1722 559 1787 Et
574 1722 712 1799 equidem
730 1717 904 1791 contradus
926 1718 970 1781 illi
988 1737 1095 1797 utpote
1112 1741 1185 1784 one-
1257 1709 1399 1793 Quilibet
1413 1721 1497 1778 enim
1513 1723 1556 1783 rei
1567 1717 1628 1785 suae
1648 1722 1815 1788 dominium
1830 1726 1862 1789 in
1889 1725 1988 1792 alium

418 1803 477 1869 rost
494 1802 605 1867 debent
620 1798 1076 1884 obligatetampromillarium‚
1092 1821 1184 1877 quarn
1218 1787 1385 1861 transferre
1413 1796 1509 1870 potest
1539 1801 1660 1874 quando
1690 1804 1843 1883 perleget
1868 1804 1929 1871 hoc
1955 1809 1988 1871 ei

418 1885 675 1962 promittentem
696 1879 769 1944 alias
797 1878 930 1943 filolum
954 1883 1185 1955 promittentem
1220 1890 1282 1934 non
1292 1870 1515 2012 [ftohrbeatur.
1537 1879 1636 1945 Nulla
1657 1901 1762 1947 autem
1782 1884 1832 1947 lex
1854 1882 1988 1957 proferri

416 1961 519 2029 edent
538 1960 686 2040 pituritis
708 1957 788 2023 unde
810 1978 880 2032 eum
894 1977 955 2021 non
970 1957 1105 2039 obligent
1115 1979 1184 2035 1³10·
1220 1966 1292 2043 1²91<
1299 2032 1303 2041 ¹
1338 1971 1406 2025 quae
1427 1957 1526 2046 irritet
1542 1962 1574 2020 in
1594 1957 1695 2026 nolito
1715 1959 1785 2027 casu
1804 1962 1915 2027 didiam
1932 1965 1986 2030 do-

415 2040 606 2118 miliatium,
625 2035 761 2113 eoquod
781 2054 872 2110 nemo
893 2037 1017 2114 obligari
1042 2036 1131 2116 poifit
1147 2039 1184 2102 ad
1218 2050 1312 2120 ,mmo
1326 2031 1582 2124 trantlatronem.
1604 2038 1677 2102 Non
1704 2044 1753 2105 lex
1777 2040 1910 2117 nrofedlo
1930 2065 1987 2111 nt·

418 2119 626 2201 peccandum
647 2118 741 2197 igitur
763 2133 819 2180 nee
839 2121 1075 2194 promittentem
1105 2118 1185 2194 obli·
1220 2109 1330 2201 turaln
1357 2114 1519 2205 ruraliter
1544 2120 1694 2184 naturalis
1723 2125 1803 2187 ratio
1822 2121 1917 2189 distet
1933 2123 1989 2189 do·

440 2216 521 2277 ant,
549 2218 586 2275 ac
610 2197 678 2269 ideo
709 2215 749 2259 ex
774 2200 858 2260 omni
883 2213 971 2273 parte
992 2197 1066 2262 nulli
1095 2199 1183 2263 sunt.
1220 2205 1364 2253 nationes
1388 2191 1592 2283 hurulcemodi
1621 2198 1682 2262 elle
1709 2200 1833 2264 illicitat
1862 2220 1928 2266 tam
1946 2223 1987 2268 ex

457 2298 557 2343 avari.
590 2276 716 2353 ‚Addam
739 2278 770 2345 P.
791 2278 899 2340 Antoi.
920 2276 1053 2354 ditono,
1073 2277 1185 2356 aliique
1220 2287 1309 2345 parte
1334 2268 1453 2347 dantis,
1477 2296 1569 2349 quam
1593 2280 1768 2355 accipientis
1790 2299 1900 2355 utpote
1920 2302 1988 2361 pro·

418 2360 624 2427 communiter
646 2372 712 2434 tum
729 2373 871 2438 veteres,
892 2374 958 2426 turn
979 2360 1184 2422 recentiores.
1222 2364 1371 2417 vocantes
1400 2349 1439 2442 td
1455 2355 1694 2442 inmorandum,
1721 2359 1773 2423 del
1806 2360 1988 2438 prosequen-

460 2437 507 2500 Ex
533 2434 672 2514 opposito
692 2453 797 2514 autem
821 2440 1025 2501 communiter
1046 2436 1184 2504 sentiunt
1221 2425 1292 2499 dum
1306 2445 1470 2520 perterreri
1492 2433 1612 2514 ltelnt,
1634 2456 1695 2501 non
1712 2436 1917 2505 didlattamen
1936 2461 1988 2507 ete

418 2516 491 2581 DD.
517 2514 596 2593 quod
627 2532 751 2590 accepta
773 2515 838 2593 poll
859 2516 975 2589 malum
990 2538 1066 2597 opus
1087 2535 1186 2592 patra·
1220 2507 1481 2600 §dormandus-
1508 2513 1582 2577 Non
1607 2516 1687 2595 leges
1713 2522 1827 2596 paritet
1847 2521 1988 2599 civiles,

418 2613 488 2662 tum
509 2614 583 2674 puta
608 2591 804 2660 homicidium
822 2642 832 2688 ξ
856 2595 1041 2664 adulterium
1056 2594 1117 2661 ἃς.
1136 2613 1185 2659 at·
1221 2605 1358 2661 quinimo
1378 2608 1477 2675 porrus
1498 2594 1557 2655 illis
1574 2590 1703 2675 favent,
1722 2618 1774 2663 eat
1797 2597 1989 2664 confirman-

419 2692 511 2740 tento
531 2677 597 2737 iure
614 2673 919 2754 mturaetquidqnid
937 2673 973 2739 fit
995 2675 1033 2738 de
1054 2674 1187 2752 positivo
1221 2664 1261 2727 do
1280 2666 1351 2729 ut&
1375 2667 1654 2756 rdcm,fistuprm
1693 2676 1988 2743 ridentium

418 2758 452 2822 in
474 2752 621 2831 aliquibus
639 2743 776 2829 talibus,
796 2753 832 2815 de
854 2753 962 2829 quibus
977 2757 1041 2817 iam
1056 2752 1186 2818 eritler·
1235 2812 1238 2818 ,
1260 2758 1385 2832 ,turpem
1403 2752 1573 2835 conflatum
1596 2775 1653 2829 qua
1671 2699 1870 2821 delabetur.
1889 2762 1989 2823 Mere-

420 2855 475 2899 mo
491 2834 540 2898 ubi
559 2834 597 2895 de
616 2832 782 2898 donatione
807 2833 917 2896 illicita
936 2834 950 2911 )
971 2834 1007 2898 de
1027 2855 1087 2911 quo
1106 2854 1186 2898 eom·
1222 2838 1325 2912 tricem
1341 2838 1466 2905 turpiter
1478 2828 1583 2907 facere
1597 2835 1723 2910 quodfit
1738 2836 1907 2916 Μινηνὶκ,
1927 2857 1988 2901 nort

416 2912 572 2978 mittendo
596 2913 692 2986 initus
710 2930 779 2990 erat
801 2909 973 2982 contradus
993 2913 1186 2987 conditiona-
1223 2916 1365 2983 duritiei,
1381 2907 1454 2970 uest
1471 2912 1600 2988 iniuste,
1616 2916 1760 2992 accipere,
1785 2936 1853 2980 cum
1865 2920 1907 2999 fit
1923 2920 1989 2982 Me·

418 2993 474 3070 lis,
495 2992 558 3057 line
578 2993 751 3055 intentione
768 3009 869 3055 tamen
889 2992 1039 3071 obligandi
1061 2995 1098 3058 ad
1113 3016 1186 3072 opus
1220 2999 1342 3050 rtlrrx.
1373 2985 1413 3050 Et
1436 2988 1456 3048 l.
1479 2991 1702 3076 Affec'lr'onr'sff.
1728 2994 1764 3059 de
1784 2994 1987 3063 domionibns

415 3075 540 3142 malum
553 3118 562 3149 ‚
575 3090 635 3145 non
652 3087 776 3134 tenetur
785 3075 931 3146 recipient
947 3071 1106 3145 restituere
1119 3074 1187 3149 ,sio
1222 3067 1355 3153 dicitur:
1370 3067 1666 3151 Affedir'onr‘sgratia,
1682 3075 1921 3167 nequebonestae,
1940 3095 1989 3141 ru·

417 3156 470 3218 uti
491 3170 586 3227 neque
614 3169 680 3225 quae
703 3153 819 3227 accepit
839 3171 879 3213 ex
899 3147 962 3215 sola
983 3152 1187 3223 liberalitate:
1222 3165 1277 3222 quc
1294 3144 1446 3226 inhoneste
1471 3149 1640 3216 &udones
1654 3149 1727 3232 lunt
1743 3154 1914 3235 probidrtae3
1936 3156 1988 3222 io·

415 3232 453 3298 dt
475 3237 556 3295 ratio
572 3229 614 3292 eil
636 3230 733 3302 quoad
757 3233 904 3310 primum,
923 3236 993 3306 quia
1011 3229 1066 3293 nisi
1087 3232 1188 3307 prohi·
1222 3225 1307 3310 nesto·
1328 3246 1398 3304 erga
1416 3225 1645 3309 benetentum,
1666 3235 1818 3312 inbonssae
1837 3256 1909 3317 erga
1927 3255 1988 3300 nte·

415 3311 527 3376 beatur
549 3329 602 3385 pet
621 3307 755 3385 aliquam
772 3309 887 3386 legem,
914 3313 1059 3385 recipient
1081 3311 1188 3376 habilis
1223 3317 1341 3374 reluces
1380 3307 1419 3368 Et
1442 3309 1499 3372 hoc
1518 3310 1704 3377 confirmant
1725 3315 1805 3392 leges
1825 3337 1893 3391 quae
1920 3317 1990 3381 irri-

419 3391 462 3454 ell
485 3390 521 3454 ad
542 3388 777 3464 acquirendum,
800 3388 833 3467 dt
853 3391 901 3464 qui
923 3391 994 3466 dat,
1015 3390 1070 3454 dat
1090 3396 1187 3460 omni·
1224 3401 1293 3475 tant
1320 3384 1398 3473 tales
1428 3385 1609 3454 donationes
1635 3389 1726 3457 fatias
1754 3394 1931 3474 militibus,
1954 3392 1990 3460 &

418 3491 461 3534 no
492 3462 699 3542 voluntarie,
749 3472 796 3532 uia
829 3467 882 3534 dat
902 3489 965 3532 non
994 3485 1029 3533 ut
1055 3475 1188 3548 pretium
1225 3464 1422 3540 m¹¹¹011bu⁵i
1452 3469 1531 3534 unde
1559 3492 1630 3535 cum
1649 3476 1793 3549 exceptio
1817 3471 1922 3539 firmet
1942 3492 1990 3538 re·

417 3551 509 3623 pravi
538 3550 661 3635 operit,
689 3544 706 3607 s
744 3566 780 3610 ut
810 3545 990 3614 solutionem
1011 3570 1102 3626 quam
1119 3570 1189 3629 pto·
1223 3541 1326 3621 gulam
1351 3547 1384 3605 in
1410 3551 1600 3613 eontrarium
1625 3598 1633 3626 ,
1662 3554 1827 3621 evidenter
1855 3551 1991 3630 sequitur

415 3626 502 3692 misit
524 3627 620 3714 polita
640 3625 836 3695 conditione.
858 3630 948 3703 Licet
968 3649 1040 3706 ergo
1072 3634 1103 3693 in
1134 3630 1189 3695 hoe
1224 3619 1302 3712 quod
1318 3621 1498 3691 donationes
1513 3627 1681 3695 huiusmodi
1697 3628 1991 3697 fadaeabaliissrnt

416 3707 491 3772 casu
516 3705 633 3789 lponfio
655 3705 751 3784 quoad
782 3725 899 3783 tempus
932 3709 1086 3786 praetedat
1114 3731 1189 3788 opus
1226 3700 1359 3766 valldoe·
1382 3703 1460 3768 Cum
1480 3723 1581 3770 autem
1599 3708 1679 3786 leges
1700 3711 1988 3790 modulaturae,

418 3788 541 3866 lpl'trm,
571 3805 674 3849 tamen
694 3783 829 3862 {equitur
853 3792 949 3863 quoad
982 3794 1066 3865 vim,
1085 3787 1188 3867 effica·
1225 3803 1298 3844 num
1318 3783 1354 3844 ad
1371 3787 1547 3848 earumdem
1564 3790 1765 3853 donationum
1785 3787 1991 3854 valoremfie·

418 3870 498 3931 ciam
519 3873 533 3890 ⁸
565 3864 600 3931 dc
619 3864 866 3944 obligationem,
889 3870 968 3933 unde
997 3884 1087 3932 tenet
1118 3869 1190 3932 talis
1226 3865 1250 3924 ῐί
1269 3858 1399 3926 debeflsst
1419 3882 1494 3928 mle
1514 3867 1563 3929 vel
1585 3865 1647 3940 vost
1667 3888 1765 3946 ΟΜ,
1793 3889 1851 3932 nec
1872 3870 1991 3933 nocdl'·

416 3941 600 4024 promissio,
621 3965 655 4009 ac
678 3945 801 4020 proinde
823 3942 948 4022 accepta
976 3949 1007 4010 vi
1028 3947 1101 4012 talis
1122 3968 1190 4026 pro·
1226 3941 1375 4019 stinguere
1388 3941 1547 4014 debemus.
1570 3945 1635 4018 Into
1650 3945 1716 4011 haec
1734 3952 1870 4012 retinere
1890 3943 1991 4024 potest

416 4025 562 4089 missionis
585 4021 660 4093 iuste
681 4029 808 4089 retineri
831 4025 972 4103 poliunt,
992 4025 1127 4100 netsunt
1147 4049 1193 4091 re·
1225 4041 1333 4095 nempe
1354 4030 1494 4100 gratuito
1514 4028 1629 4091 donata
1654 4028 1763 4090 mulier
1791 4045 1992 4104 qtraecumque

413 4103 570 4178 ssitutioni
592 4102 753 4170 obnoxia.
774 4108 879 4183 Quare
899 4126 952 4184 per
976 4104 1190 4181 bottontilia·
1225 4101 1287 4180 [ive
1301 4107 1446 4188 meretrix
1467 4102 1530 4168 sive
1547 4104 1669 4171 honesta
1688 4109 1783 4170 etiam
1799 4126 1862 4170 non
1882 4106 1991 4184 imple·

418 4192 445 4252 ri
484 4185 586 4250 offunt
642 4181 678 4267 D.
697 4189 746 4260 qui
769 4187 917 4251 contrarii
943 4185 1090 4251 videntur
1111 4210 1189 4262 ptio-
1226 4200 1257 4246 ta
1283 4181 1484 4260 conditione,
1507 4184 1628 4249 tametsi
1654 4184 1846 4251 Amafiusea
1870 4185 1990 4250 dederit

416 4269 446 4330 ri
460 4209 645 4345 denuntior,
662 4279 733 4347 tum
753 4266 852 4330 nolint
869 4267 1189 4348 pratiumobtutpgin
1226 4265 1327 4338 animo
1346 4262 1500 4327 alliciendi
1519 4265 1679 4336 mulierem
1699 4283 1734 4329 ut
1755 4264 1807 4328 sibi
1828 4266 1865 4328 ad
1887 4268 1992 4351 turpia

419 4344 553 4423 taullarp
578 4356 740 4420 occeptum
769 4347 903 4409 naturali
925 4349 988 4410 iure
1015 4345 1078 4417 tile
1105 4348 1189 4412 testi·
1223 4341 1416 4416 consentiat,
1437 4340 1499 4407 fine
1521 4362 1624 4408 tamen
1645 4344 1708 4408 ullo
1728 4342 1812 4422 pasto
1832 4347 1991 4421 expressot

415 4424 587 4502 tuendum,
606 4427 726 4500 eoquia
742 4423 937 4502 promissione
950 4425 1189 4504 contredlueob·
1225 4422 1276 4495 vel
1298 4424 1396 4483 tacito
1409 4443 1424 4509 ς,
1446 4425 1477 4484 in
1502 4423 1557 4497 tali
1578 4428 1662 4489 enim
1681 4425 1751 4493 calu
1765 4425 1817 4487 fibi
1836 4430 1991 4500 imputare

417 4504 513 4583 ligans
531 4502 568 4567 ad
589 4518 667 4578 oput
689 4520 818 4581 pravum
841 4507 945 4586 valeat
966 4528 974 4570 :
999 4508 1189 4585 conciliari,
1223 4501 1310 4565 debet
1326 4499 1480 4579 Aualitu,
1500 4503 1581 4577 quod
1597 4507 1687 4573 nimio
1708 4500 1802 4569 fuerit
1824 4503 1993 4578 credulut,

422 4585 569 4660 inquam,
585 4583 725 4664 poliunt,
743 4584 763 4644 si
781 4586 958 4665 intelligant
974 4585 1188 4675 deproniisro·
1223 4582 1255 4647 dc
1275 4581 1341 4658 plus
1358 4601 1449 4658 quam
1468 4581 1573 4647 debuit
1595 4584 1752 4660 iperarit.
1773 4584 1857 4661 Quia
1877 4584 1992 4646 mulier

419 4676 460 4727 ne
487 4662 539 4726 ltu
569 4662 731 4728 contraditi
760 4661 991 4746 conditionali,
1008 4685 1069 4744 quo
1099 4664 1185 4742 spon·
1223 4680 1292 4748 qim¹
1311 4658 1372 4721 sine
1389 4663 1447 4724 tali
1461 4654 1545 4738 paeto
1564 4667 1682 4741 tacito,
1703 4663 1753 4729 vel
1769 4664 1992 4739 expreliocon·

415 4743 492 4807 dene
525 4739 555 4805 ie
584 4738 719 4821 obligare
745 4761 808 4806 non
833 4746 994 4825 intendit,
1018 4743 1073 4808 nisi
1094 4764 1187 4823 opere
1223 4741 1323 4804 lenius
1339 4739 1377 4802 ad
1397 4762 1494 4816 prava
1517 4751 1648 4811 munera
1663 4746 1809 4821 accepit,
1832 4761 1896 4806 non
1926 4755 1993 4818 pen

415 4820 539 4900 posito,
554 4835 591 4884 ut
612 4816 670 4887 ieri
691 4839 805 4889 natura
819 4824 1006 4888 conditionis
1042 4825 1184 4894 letutve·
1221 4838 1272 4884 cot
1292 4839 1401 4884 eontra
1418 4820 1566 4885 iustitiam
1581 4844 1617 4887 ea
1638 4820 1818 4897 retinendo,
1837 4825 1910 4897 quia
1930 4815 1992 4883 fuit

415 4918 454 4972 to
477 4898 690 4979 srintelligtnt
711 4902 749 4969 de
768 4900 959 4977 promiffione
975 4871 1115 4973 abdoluta
1134 4905 1187 4968 ob·
1220 4900 1346 4965 donatio
1366 4919 1448 4965 mere
1467 4906 1625 4977 gratuita,
1646 4924 1682 4966 ac
1700 4901 1992 4964 liberalisinducent

417 4980 597 5058 ligetionem
625 4978 775 5051 afferente
808 4999 881 5050 ante
918 4987 1018 5062 opetis
1046 4984 1185 5052 tonsum·
1220 4979 1366 5043 moralem
1380 4977 1603 5057 obligationem
1615 4982 1652 5044 ad
1667 4979 1823 5058 licita,&
1843 4975 1988 5068 bonella.

414 5062 603 5151 motionem.
1078 5109 1081 5115 .
1220 5060 1268 5125 Sic
1287 5059 1375 5140 Lugo
1403 5060 1546 5137 aliique.
1573 5062 1708 5127 Peteant
1727 5058 1847 5137 pridem
1866 5053 1988 5120 semino

722 5176 727 5184 .
1627 5178 1630 5185 -
1880 5155 1952 5216 pcc·
