4425 6000
474 500 551 575 310
727 472 1704 550 aanor.uncertainncinxvitt.

421 577 515 659 ipsum
534 572 789 660 factreiuideturl.
812 573 883 637 Hoc
905 589 1010 638 autem
1030 570 1084 638 lex
1104 588 1195 638 vetat
1231 572 1274 636 los
1291 568 1387 637 faciat
1402 573 1500 649 qtioad
1521 572 1603 641 bona
1621 577 1683 641 illis
1699 576 1915 658 relinquenda.
1935 586 2001 654 Ur·

421 681 459 723 eo
487 658 554 737 ipso
580 656 660 733 quod
689 654 860 719 huiusmodi
890 652 1032 731 personas
1054 652 1194 719 excludit
1226 660 1301 732 'gens
1319 668 1423 717 autem
1441 654 1544 719 causla
1564 654 1654 721 debet
1670 658 1730 723 esse
1756 662 1825 725 aliis
1855 660 2002 735 fratribui

422 739 532 806 abore
557 735 732 802 testatoris.
753 733 803 799 lta
827 733 946 800 Covat:
963 734 1055 799 Aaor.
1085 733 1120 799 dt
1141 734 1194 798 alii
1228 729 1390 798 manifesta
1407 755 1421 808 ,·
1441 734 1519 800 alias
1538 738 1571 798 in
1587 734 1771 827 testamento
1791 742 1880 807 illam
1894 748 2003 820 'decla7

419 819 642 883 communiter.
665 814 943 895 lgittitevidenter
961 811 1103 892 sequitui·
1126 814 1194 878 tale
1231 829 1309 876 ret.-
1340 811 1454 876 namsi
1485 814 1654 882 notabilem
1673 819 1886 889 discretionem
1906 822 2003 896 saciat

421 897 685 964 fideicommissum
704 895 811 960 debere
832 892 948 960 censeri
967 914 1115 973 tanquam
1130 914 1193 958 non
1230 895 1312 956 inter
1327 892 1448 957 eosdem
1462 914 1502 960 ex
1522 896 1584 961 levi
1603 896 1706 963 caussa
1717 947 1727 978 ,
1743 898 1874 967 faciliter
1895 926 2003 980 pecca·

419 976 609 1055 fastum,ac
631 977 755 1056 proinde
775 973 911 1039 nullum.
929 971 1020 1068 Unde
1043 976 1124 1042 bona
1141 974 1193 1068 de·
1230 970 1399 1051 repotell,
1431 972 1465 1040 ἀ
1484 974 1522 1040 ob
1553 978 1644 1057 longe
1664 980 1844 1056 inaequalem
1863 985 2004 1051 dilesiio·

418 1058 510 1132 firnsli
525 1061 681 1135 pertinent
703 1058 740 1121 ad
755 1054 892 1120 haeredes
910 1053 1062 1129 ,legitimos
1084 1054 1123 1124 ab
1146 1074 1193 1118 in-
1229 1071 1327 1130 nem,
1351 1072 1443 1143 quam
1459 1054 1522 1119 sine
1535 1059 1638 1123 caussa
1668 1079 1738 1139 erga
1763 1060 1844 1127 lilios
1863 1066 2003 1132 ollende·

419 1139 552 1219 tesiato,
567 1142 636 1216 quia
657 1141 706 1217 qui
735 1134 849 1212 aliquid
873 1137 984 1213 accipit
1009 1135 1193 1202 tradendum
1229 1149 1293 1211 ret,
1312 1133 1345 1198 ὰ
1365 1132 1404 1198 ob
1417 1135 1560 1203 scandala
1574 1141 1676 1203 litium
1693 1189 1702 1218 ,
1722 1141 1848 1208 invidiae
1869 1192 1880 1222 ,
1906 1148 1969 1209 odii
1991 1196 2003 1227 ‚

329 1237 335 1244 ·
418 1221 531 1297 alteri¹
556 1238 620 1283 tion
630 1214 739 1360 [potest
760 1216 836 1280 illud
858 1214 910 1279 sibi
937 1219 1098 1294 retinere,
1122 1235 1193 1281 euin
1228 1213 1366 1310 rixarum
1387 1218 1695 1310 ‚tquaelplerumqut
1719 1239 1844 1298 propter
1863 1225 2004 1291 huiusce·

417 1319 528 1365 revera
546 1319 610 1369 nori
642 1317 667 1369 it
686 1301 714 1363 ci
730 1296 900 1373 donatum,
918 1297 1103 1364 nectsadere
1123 1313 1192 1375 pot·
1228 1294 1308 1359 modi
1328 1295 1554 1368 irrationabiles
1570 1302 1764 1376 exceptiones
1780 1305 1864 1368 inter
1879 1305 2000 1372 eosdem

418 1378 563 1460 cirillia,
585 1378 689 1456 quibus
709 1375 752 1443 est
773 1372 928 1453 resisum,
950 1381 1021 1456 quia
1047 1377 1117 1442 lunt
1146 1380 1191 1439 in·
1227 1375 1406 1455 contingere
1419 1374 1665 1444 consueverunt.
1678 1381 1912 1462 studeatigitur
1927 1407 2000 1451 con·

420 1479 544 1536 capaces
565 1460 601 1524 ad
621 1458 695 1523 illud
716 1457 941 1537 recipiendum.
965 1459 1049 1522 Hinc
1080 1458 1191 1522 docent
1228 1451 1346 1520 siliator
1361 1457 1523 1522 inveniens
1533 1476 1652 1536 patrem
1660 1460 1752 1525 alicui
1765 1462 1902 1528 filiorum
1913 1485 2000 1530 aver·

419 1538 566 1626 Dotiores
587 1537 779 1618 insigniores,
800 1536 911 1615 aliique
922 1558 1002 1603 -eum
1022 1556 1133 1603 comm.
1156 1536 1190 1599 fi·
1228 1533 1311 1615 sinn,
1329 1536 1466 1604 animuin
1481 1537 1564 1603 illins
1601 1540 1722 1619 latare,
1737 1541 1772 1612 dt
1793 1540 1926 1622 sialiqna
1946 1547 2001 1611 ad·

415 1619 489 1683 lium
507 1620 657 1699 spurium,
677 1622 726 1697 qui
746 1618 824 1683 bona
845 1621 942 1697 patria
962 1638 1015 1696 per
1037 1618 1191 1686 fideicom·
1227 1613 1264 1678 sit
1279 1615 1384 1682 caussa
1399 1635 1495 1681 unum
1511 1617 1548 1683 ab
1564 1560 1627 1684 alio
1641 1619 1829 1688 discernendi
1851 1672 1860 1701 ,
1886 1623 1998 1692 discet·

415 1698 554 1779 missum,
571 1700 675 1768 aliove
695 1698 787 1787 modo
800 1718 1005 1777 preterquam
1021 1697 1118 1765 titulo
1134 1696 1192 1763 ali·
1227 1713 1281 1761 nat
1302 1695 1389 1762 salva
1404 1699 1520 1779 semper
1539 1702 1688 1777 aequitare
1709 1697 1768 1779 ‚dt
1788 1704 1907 1777 pietate
1926 1724 1999 1784 erga

293 1812 296 1818 ν
355 1811 362 1819 ν
415 1798 589 1846 mentorum
604 1800 675 1846 acce
698 1781 794 1855 isles,
823 1783 921 1847 teneri
938 1780 1036 1844 etiam
1057 1794 1131 1843 ante
1157 1796 1191 1842 o·
1226 1775 1472 1855 benemerentes,
1491 1778 1689 1858 relinquendo
1704 1779 1902 1847 nihilominus
1914 1783 2001 1865 filio,

415 1879 517 1923 mirem
538 1860 647 1930 indicis
666 1802 852 1927 durentiam
868 1879 903 1926 ea
913 1858 1056 1946 legitimis
1065 1857 1190 1924 heredi·
1227 1856 1277 1947 rel
1298 1852 1368 1921 filiis
1382 1856 1665 1952 malemerentibus
1685 1877 1801 1940 praeter
1828 1863 2000 1941 legitimam

415 1941 490 2019 bus,
510 1944 560 2017 qui
575 1936 789 2008 successionem
810 1938 924 2006 habent
946 1937 983 2004 ab
994 1936 1159 2008 'intestato
1178 1983 1188 2017 ,
1226 1954 1291 2000 iure
1307 1937 1441 2002 naturali
1458 1936 1525 2016 ipsis
1541 1938 1672 2007 debitam
1694 1939 1788 2005 talem
1803 1961 1927 2021 quoque
1944 1943 1999 2010 bo·

416 2020 471 2085 vel
496 2022 526 2082 in
538 2019 720 2085 testamento
744 2017 893 2086 institutis
908 2017 1094 2096 restituere,
1119 2038 1189 2083 cum
1226 2036 1334 2079 notum
1351 2019 1525 2108 portionem
1543 2021 1587 2082 eis
1606 2018 1830 2099 sufficientem,
1850 2026 1997 2088 utviranr

414 2103 506 2164 iuxta
526 2100 605 2179 leges
626 2120 690 2164 non
710 2096 748 2164 fit
768 2118 865 2176 capax
886 2100 994 2167 talium
1015 2099 1189 2177 bonorum,
1225 2092 1388 2164 secundum
1406 2116 1514 2167 eorum
1541 2096 1656 2165 slatum
1680 2099 1804 2169 bonella
1831 2099 1997 2186 transigere

414 2180 526 2246 idcirco
547 2199 604 2250 nee
624 2177 721 2258 potest
739 2180 864 2245 iuridice
882 2181 958 2257 ,seu
982 2178 1078 2258 iulle,
1098 2177 1134 2252 dt
1155 2180 1188 2244 in
1225 2193 1362 2254 queant.

413 2256 601 2326 conscientia
616 2263 712 2330 etiarn
732 2276 806 2324 ante
827 2259 932 2326 iudicis
948 2251 1189 2327 sententiamre'·
1264 2257 1294 2319 Si
1312 2276 1389 2323 veto
1405 2256 1453 2323 bic
1471 2255 1508 2325 sit
1530 2256 1722 2325 consiliarius
1743 2260 1902 2332 teslatoris
1922 2261 1998 2343 silii,
2026 2273 2028 2280 '

413 2343 531 2416 tinere,
552 2361 621 2406 cum
651 2337 767 2418 semper
790 2360 898 2406 verum
917 2336 955 2404 sit
985 2339 1126 2405 eumdem
1156 2342 1187 2403 in
1268 2340 1276 2398 i
1307 2336 1399 2403 babet
1429 2342 1581 2419 genitores
1609 2338 1784 2417 superstites
1813 2363 1877 2408 non
1903 2340 1999 2409 abuti·

413 2420 590 2500 possessione
607 2420 718 2486 talium
733 2419 882 2488 bonorum
901 2420 1002 2487 aliena
1023 2419 1188 2487 iniustere·
1244 2434 1330 2482 antes
1350 2464 1360 2502 ‚
1387 2418 1525 2500 suggerat
1551 2418 1604 2498 ipsi
1621 2438 1657 2491 ut
1678 2423 1856 2489 recordetur
1874 2426 1996 2502 genito·

413 2502 533 2579 tinere,
552 2500 626 2567 idest
640 2520 712 2566 cum
731 2502 841 2570 iniuria
861 2520 967 2567 eorum
988 2504 1065 2579 ,qui
1085 2522 1125 2566 ex
1153 2521 1187 2565 o·
1224 2519 1311 2575 rum,
1332 2502 1485 2579 precipue
1505 2498 1525 2561 li
1544 2500 1629 2566 senes
1645 2500 1704 2566 sint
1725 2546 1733 2574 .
1760 2501 1796 2567 dt
1811 2503 1853 2570 ad
1880 2501 1932 2567 sibi
1951 2503 1995 2568 lu·

412 2581 477 2643 mni
493 2582 560 2645 iure
574 2579 1188 2659 antequamcumqueiudicissententiam
1222 2579 1367 2643 trandum
1390 2581 1603 2661 impotentes,
1633 2584 1678 2646 ita
1700 2600 1735 2647 ut
1770 2582 1819 2645 vel
1840 2583 1997 2661 relinquat

415 2656 489 2724 sunt
506 2661 636 2755 legitimi
652 2659 805 2754 haeredes.
985 2745 991 2758 Ι
1223 2660 1267 2753 eis
1282 2678 1342 2735 quo
1353 2654 1513 2751 sustentari
1533 2657 1997 2757 possintpautslriiiiffimecom-

276 2739 1187 2905 „aaranrf{tilt‘tltt‘ltsti&cellensis
1224 2737 2032 2902 tlss‘tilntsllnurgentissimas:.

275 2899 551 2965 ¹⁸⁶1t³¹⁰⁸hhaeredes
569 2899 725 2980 substituti
747 2898 942 2968 sibiinvicem
963 2900 1187 2975 substituuntur
1225 2900 1357 2964 toriam.
1385 2899 1478 2977 Quod
1498 2897 1520 2961 si
1541 2900 1669 2976 testator
1688 2919 1792 2966 careat
1816 2902 1912 2983 liliis¹
1942 2918 1996 2968 aut

416 2977 754 3064 hacfonna:1nstituo
771 2986 913 3054 Ioannem
940 2980 980 3049 (5
1000 2980 1188 3063 franciscum
1224 2977 1364 3055 filiabus,
1386 2975 1435 3042 sed
1450 2981 1566 3057 nimio,
1582 3003 1616 3046 ac
1634 2979 1749 3047 vesano
1767 3003 1871 3048 amore
1887 2979 2001 3049 dusius·

417 3081 494 3126 nicos
513 3060 661 3139 heredes,
687 3061 728 3130 Θ
751 3083 845 3127 unam
863 3063 952 3126 alteri
976 3063 1108 3130 invicem
1119 3063 1188 3144 sub
1223 3080 1293 3139 erga
1308 3079 1458 3137 uxorem,
1473 3060 1610 3124 eamdem
1627 3060 1787 3127 instituere
1801 3065 1882 3129 velit
1898 3062 1996 3128 bono·

414 3140 520 3220 stitus.
823 3192 833 3213 .
934 3168 939 3176 =
1224 3161 1292 3203 rum
1311 3136 1432 3204 suorum
1452 3140 1656 3206 universalem
1673 3142 1825 3207 haereclem
1844 3193 1853 3222 ‚
1870 3142 1906 3208 ἀ
1924 3144 1995 3206 dum

289 3247 328 3295 p.
345 3240 402 3294 sab·
457 3218 637 3288 Substitutio
664 3220 791 3287 tandem
815 3243 884 3289 com
906 3222 1030 3289 endiosa
1059 3221 1102 3287 eli
1124 3244 1189 3299 ea,
1226 3219 1316 3282 habet
1335 3221 1487 3296 genitores
1503 3219 1600 3284 adhuc
1626 3225 1772 3287 viventes
1800 3223 1923 3291 modica
1939 3237 1995 3288 aut

279 3306 488 3379 atirriaaepuae
517 3302 645 3366 includit
677 3300 776 3378 plures
802 3299 1031 3380 substitutiones
1057 3302 1189 3368 diversas
1228 3296 1292 3362 fere
1310 3299 1397 3362 nulla
1419 3296 1456 3363 sit
1486 3297 1538 3376 ipsi
1569 3302 1744 3367 eorumdem
1768 3306 1880 3380 tatio,
1909 3317 1995 3368 curet

278 3383 398 3487 ‘dffiffiffi
419 3380 703 3526 quoadlltemporu
726 3379 803 3524 ugit
831 3383 912 3526 dicta:
936 3382 1090 3529 testato&
1105 3383 1190 3462 Insti-
1224 3378 1686 3524 coltisiliaffitlofitziffqttsoufieri
1706 3382 1807 3524 potest
1831 3398 1952 3526 conatu
1976 3400 1995 3456 a

419 3464 585 3620 lirinis
601 3464 1191 3625 litlsfitfft’airi‘s‘sliifa‘t
1225 3476 1293 3616 {ii
1307 3478 1683 3636 ‘triennales
1701 3478 1995 3618 raesens}

418 3621 562 3692 thorum,
589 3621 679 3691 Unde
699 3621 721 3686 si
739 3623 877 3687 Thomas
900 3643 974 3690 ante
995 3642 1113 3701 patrem
1140 3626 1190 3688 de·
1225 3638 1322 3706 neque
1350 3617 1578 3691 excusationem
1605 3620 1754 3699 admittat
1773 3669 1784 3701 ,
1811 3621 1893 3698 quod
1912 3641 1994 3686 coin·

418 3703 652 3780 rediretur,
674 3703 723 3768 vel
745 3704 803 3768 alia
824 3707 1023 3769 rationenon
1049 3702 1104 3769 liat
1126 3703 1190 3769 hae·
1224 3701 1340 3771 miserit
1371 3701 1458 3762 uxori
1496 3717 1657 3774 tarentum
1694 3722 1828 3778 curam,
1861 3718 1900 3774 iit
1939 3699 2001 3766 illa

420 3801 488 3860 res,
507 3781 677 3859 Matthaeus
697 3781 890 3848 subslituitur
899 3782 1113 3850 substitutione
1122 3786 1190 3852 vul·
1227 3800 1279 3856 per
1297 3782 1401 3842 omnia
1423 3777 1483 3841 illis
1499 3781 1684 3873 proyideat‚
1718 3783 1787 3858 quia
1807 3801 1880 3845 cum
1897 3776 1995 3857 ‘senii-

422 3866 508 3940 gari;
530 3860 553 3933 si
575 3860 712 3931 Thomas
731 3863 857 3943 admissa
878 3863 1060 3930 haereditate
1079 3867 1190 3930 moria·
1226 3880 1274 3925 riae
1292 3859 1466 3936 plerumque
1481 3879 1576 3938 magis
1587 3859 1763 3925 afficiantur
1779 3877 1850 3939 erga
1860 3880 1916 3938 pro
1937 3863 1994 3925 rios

424 3959 477 4005 tur
501 3961 575 4009 ante
605 3942 797 4019 pubertatem
817 3991 826 4020 ,
853 3943 1026 4010 Matthaeus
1055 3944 1190 4010 succedit
1224 3937 1484 4017 consanguineos,
1504 3938 1539 4004 dt
1556 3958 1685 4018 parum,
1711 3961 1745 4005 ac
1757 3936 1830 4004 sere
1850 3939 1914 4002 nihi
1943 3961 1995 4004 cu·

421 4016 636 4086 substitutione
652 4022 814 4102 pupillari;
836 4022 857 4085 si
877 4016 1030 4100 mosiatur
1052 4024 1191 4107 Tliornas
1225 4036 1295 4095 rent
1316 4018 1354 4082 de
1367 4014 1555 4098 genitoribus
1575 4023 1697 4098 mariti,
1718 4018 1928 4085 valdedurum
1948 4014 1994 4084 es·

331 4175 336 4183 ·
419 4100 1040 4253 ttsrffitlselnsssils‘l‘s
1055 4104 1191 4249 sitsi
1224 4094 1900 4258 liislisatransnatasset}
1916 4119 1994 4258 225¹}

419 4262 571 4324 moriatur
590 4281 691 4325 amens
711 4310 719 4339 ,
741 4263 914 4330 Mattheus
935 4231 1065 4330 siltcedit
1090 4262 1190 4332 substi-
1221 4252 1305 4339 'prios
1326 4248 1480 4337 genitores
1500 4252 1653 4335 heredes,
1669 4259 1774 4336 quibus
1791 4261 1893 4336 potius
1914 4279 1994 4324 tom·

420 4342 544 4405 tutione
563 4342 728 4421 exemplari
739 4355 753 4404 .·
1223 4338 1347 4404 mendet
1363 4353 1400 4401 ut
1416 4336 1581 4416 luperllitis
1597 4334 1702 4402 fixuris
1726 4357 1831 4409 curam
1845 4336 1996 4429 babeant,
2033 4384 2037 4391 -

454 4417 462 4429 ’
1225 4423 1376 4499 praecipue
1397 4414 1418 4479 si
1438 4436 1477 4482 ex
1497 4416 1583 4482 bonis
1601 4419 1755 4485 dotalibus
1771 4436 1926 4498 percipere
1944 4437 1994 4482 ne

623 4548 635 4569 .
710 4509 739 4583 §-
780 4503 897 4567 Xlll.
1222 4498 1490 4593 queatldecentem
1505 4495 1775 4594 sustentationem..
1794 4496 1995 4595 lmonconte·

585 4623 632 4702 θ’.
650 4617 821 4722 canina
840 4620 1030 4704 npinn„
1225 4576 1541 4737 ”attitulasti
1561 4597 2050 4725 ilol⁸¹¹l³v⁶ell⁰rlrssl⁰l¹ss·

1223 4673 1311 4817 leat,
1331 4735 1396 4803 slve
1413 4706 1740 4819 non’„legatum’pro
1757 4739 1876 4804 viribus
1896 4737 1995 4805 hate·

278 4755 405 4824 Quian:
458 4731 592 4810 Quando
617 4729 701 4831 quis'
717 4753 848 4814 uocatur
873 4737 910 4804 ab
929 4742 1071 4830 eopqui
1101 4735 1219 4819 tella-'3
1245 4821 1251 4832 ·
1308 4822 1314 4833 ⁹
1553 4829 1555 4832 y
1625 4817 1632 4828 ,

275 4823 560 4937 {mimi-⁰⁰
584 4815 719 4892 „condere
748 4819 846 4896 vult,
875 4835 910 4883 ut
930 4816 1188 4914 consiliariuspid
1223 4819 1350 4914 ditatis,
1370 4818 1405 4884 dt
1421 4821 1541 4899 meritis
1561 4821 1698 4898 eiusdem
1719 4818 1875 4916 relinquat
1897 4839 1993 4900 ‚cuni
2016 4888 2022 4915 Ι

410 4895 1090 5053 institueretisurnales*
1108 4897 1187 5045 lit
1223 4895 1577 5058 tiresiatus
1591 4914 1992 5058 fratrestantae·

276 5008 396 5066 mm
416 5052 480 5123 lain
498 5022 729 5137 differentiam,
755 5057 805 5126 scu
821 5055 1032 5127 discretionem
1051 5027 1136 5130 in'ter
1149 5059 1187 5125 il·
1223 5058 1343 5139 quando
1358 5057 1524 5133 hereditas
1553 5058 1613 5130 hoc
1632 5061 1811 5144 permittat·
1827 5059 1925 5205 Cure?
1946 5026 1996 5126 ini

1581 5180 1583 5185 .
1664 5178 1668 5189 .
1895 5180 1898 5185 ,
1918 5160 1954 5208 Π,
