4425 6000
574 526 744 608 Tiicr.
771 550 829 603 or
860 527 1115 608 vincareta
1146 521 1365 607 Deciiooi
1393 533 1496 609 cii.
1521 532 1627 613 vill.

312 635 435 706 sellario
466 637 497 701 in
526 629 651 711 persona
679 626 846 696 huiusmodi
875 623 1012 721 coneha
1045 621 1080 689 dt
1115 643 1173 721 cet·
1192 623 1315 696 salutari
1343 629 1463 699 suorum
1488 637 1650 717 criminum
1683 635 1734 716 ipsi
1757 633 1896 706 Conses·'

311 719 478 786 emendata
498 717 563 782 erit
578 712 692 789 semper
708 727 815 775 contra
835 706 1037 773 charitatem.
1117 711 1212 776 sario.
1873 722 1884 733 ·

356 799 388 862 Si
407 818 482 863 vero
497 791 604 861 delisla
625 794 714 886 illius·
727 788 786 853 sint
801 790 866 852 eius
886 803 1008 851 naturae
1020 781 1081 873 ,de
1155 784 1401 875 Immunem
1419 812 1481 860 non
1496 796 1569 862 sunt
1595 818 1612 862 a
1627 798 1754 868 mortali
1770 798 1881 879 culpa,
1895 775 2022 891 ”¹22⁰ss

318 878 427 957 quibus
446 880 558 942 merito
584 873 716 938 dubitari
747 867 836 947 possit
862 887 902 931 an
922 864 980 959 sitit
1001 862 1082 960 susil-
1117 875 1180 935 imo
1195 870 1365 951 gravissima
1393 877 1444 951 qui
1473 871 1593 942 famosis
1608 877 1717 943 libellis
1748 878 1994 955 aliorum’um

315 962 436 1024 cienter
455 954 621 1023 emendata
640 948 739 1029 quoad
760 969 871 1028 pravos
899 945 1018 1010 habitus
1034 965 1082 1007 in·
1115 950 1241 1027 ileliae,
1256 952 1423 1030 praesertim
1431 955 1654 1036 Perochorum,
1669 959 1874 1026 Contionato·
1891 965 2007 1019 eximiis

314 1038 457 1103 telletius
474 1054 531 1102 aut
547 1034 722 1099 voluntatis
742 1033 871 1095 nocivos
893 1027 979 1120 'bono
997 1045 1080 1090 com·
1116 1054 1202 1112 rum,
1223 1030 1466 1116 Episcoporum,
1492 1054 1551 1102 aut
1574 1040 1750 1117 Principum
1769 1037 1879 1104 iniuste
1931 1044 1944 1142 f
1992 1030 2027 1081 ¹¹·

312 1123 399 1204 thuni
420 1140 458 1184 ac
479 1121 625 1195 privato,
643 1127 816 1197 recurrente
837 1106 973 1202 simpli?
987 1125 1080 1170 ⁰0⁶⁰·
1117 1113 1300 1197 ttaducunt.
1322 1114 1394 1180 Hoc
1414 1135 1507 1194 geritis
1522 1117 1719 1184 detradlionii
1738 1120 1797 1186 else
1812 1139 1879 1200 gra·
1904 1093 2002 1212 322⁰

313 1203 411 1263 menti
436 1200 509 1265 licet
527 1192 699 1272 patefacere
716 1189 862 1282 eiusmodi
880 1203 1081 1278 mmmm,
1118 1190 1271 1260 vissimum
1291 1211 1450 1271 peccatum
1467 1215 1555 1275 patet
1573 1218 1615 1263 eit
1631 1195 1690 1277 ipsa
1699 1203 1742 1265 rei
1755 1215 1886 1279 natura,
1904 1190 1986 1275 sums

311 1280 421 1342 morali
443 1276 604 1343 securitate
621 1273 691 1337 boni
710 1289 878 1334 communis
895 1267 946 1361 vel
967 1282 1080 1361 privati
1115 1276 1187 1352 quia
1218 1295 1272 1355 per
1300 1274 1415 1340 libellos
1441 1269 1572 1343 famoso,
1599 1279 1661 1353 fit,
1692 1295 1727 1346 ut
1755 1281 1887 1346 ,piorum
1984 1300 2005 1329 .·

313 1357 424 1423 saltem
444 1360 481 1421 iis
505 1406 514 1434 ,
540 1372 667 1431 quorum
689 1348 731 1415 ess
744 1350 895 1414 damnum
916 1345 1079 1424 impedite·
1114 1357 1272 1432 crimina,
1305 1376 1372 1431 quae
1400 1361 1504 1433 paucis
1533 1374 1610 1425 nota
1637 1358 1670 1425 dt
1701 1359 1885 1437 excusabilia

313 1437 355 1502 Er
371 1442 451 1503 ratio
472 1432 515 1501 e‘sl
532 1438 602 1512 quia
623 1435 655 1494 in
670 1430 740 1496 casu
759 1450 819 1506 quo
842 1431 1013 1506 Uestiam
1029 1426 1079 1518 ves
1114 1452 1225 1513 erant,
1243 1455 1305 1499 non
1321 1434 1418 1501 solum
1437 1440 1470 1502 in
1492 1437 1649 1520 publicam
1673 1444 1812 1505 omnium
1832 1460 1886 1502 no·

313 1522 456 1595 excivere
485 1520 516 1580 5¹¹
538 1515 649 1578 sudsCsO
667 1527 778 1577 contra
797 1508 994 1599 insessorem
1009 1504 1080 1570 bom
1117 1518 1221 1579 titiam
1237 1517 1387 1591 veniant,
1407 1513 1457 1581 sed
1475 1513 1571 1596 itiam
1582 1539 1730 1597 perpetuo
1745 1519 1884 1599 perseve-

313 1599 425 1676 publici
447 1596 497 1662 vel
519 1595 634 1674 privati
655 1595 778 1655 ratione
794 1589 919 1666 delicli,
949 1588 1019 1652 lieet
1035 1603 1082 1679 tt·
1116 1614 1161 1661 ret
1184 1592 1326 1660 infamia.
1352 1596 1422 1659 Hoc
1438 1601 1568 1672 prebant
1598 1620 1721 1678 quoque
1752 1597 1886 1679 gravissi·

313 1681 377 1742 iam
396 1675 672 1744 extraiudicialiter
695 1666 890 1734 manifestare
917 1666 1082 1759 tale-deli·
1116 1696 1174 1740 mae
1196 1694 1297 1752 poenae
1324 1697 1399 1753 quas
1428 1678 1561 1743 Ecclesia
1587 1678 1754 1745 ausloribus
1783 1675 1885 1745 huius·

312 1756 393 1822 sium
412 1755 566 1836 quousque
599 1752 678 1817 sama
696 1750 738 1814 esl
768 1747 964 1844 probabiliter
986 1767 1081 1843 impe-J
1166 1755 1194 1819 di
1220 1757 1389 1822 libellorum
1410 1756 1546 1839 infligit,
1573 1759 1817 1826 &severissimae
1840 1762 1885 1825 le·

312 1840 413 1904 ditiva
439 1839 508 1902 boni
536 1834 645 1913 publici
670 1833 723 1898 ves
751 1847 865 1908 privati
889 1827 1079 1922 gsslusmodl
1115 1857 1164 1917 ges
1217 1882 1229 1900 c
1274 1859 1304 1898 m
1326 1858 1361 1900 ac
1378 1836 1601 1915 Imperatorum
1623 1841 1704 1906 latae,
1726 1845 1759 1904 in
1780 1841 1884 1906 iulio·

312 1921 457 1995 exceptio
478 1919 696 1982 admitteretur
718 1911 823 1977 saltem
848 1915 879 1972 in
900 1911 1080 2003 iudicionec·
1115 1939 1187 1993 res,
1211 1915 1476 1994 &cooperatores
1507 1920 1614 1985 talium
1639 1917 1820 1986 famosorum
1847 1922 1884 1984 li·

312 1997 494 2073 clesiaslico,
514 1998 563 2061 ubi
586 2011 726 2074 ageretur
742 2014 811 2073 v-g.
833 1992 871 2055 de
886 2005 1089 2067 promotione·
1114 1997 1292 2061 bellorum.
1325 2000 1430 2061 Poenae
1462 1996 1582 2065 inslislae
1607 2017 1717 2066 contra
1747 2000 1883 2065 auslorei

309 2080 346 2140 ad
365 2078 546 2157 dignitatem
563 2072 812 2140 ecclesiasticam.
974 2097 976 2100 ·
1116 2077 1286 2143 libellorum
1305 2073 1493 2142 famosorum
1521 2079 1670 2145 habentur
1696 2084 1726 2143 in
1748 2080 1880 2154 pluribus

262 2161 294 2224 i·
354 2156 520 2220 Dicendum
538 2157 654 2235 pariter
672 2153 715 2216 eil
737 2149 910 2216 mortaliter
931 2164 1079 2226 peccate,
1116 2158 1190 2220 lorii
1219 2156 1297 2220 luris
1328 2160 1467 2221 canonici
1487 2206 1494 2235 ‚
1525 2165 1676 2235 praecipue
1697 2164 1729 2224 in
1746 2161 1880 2225 Decreto

261 2238 287 2333 'f
310 2236 498 2319 gravius&
520 2231 696 2316 gravilhme
714 2235 766 2326 qui
794 2228 855 2294 sine
870 2230 952 2293 iusla
976 2226 1078 2293 caussa
1113 2236 1259 2300 Gratiani
1278 2235 1354 2314 raus.
1377 2254 1404 2315 5.
1424 2256 1452 2314 q.
1472 2258 1497 2299 r.
1514 2257 1573 2318 cap.
1596 2240 1628 2304 Si
1649 2239 1716 2319 quis
1734 2260 1774 2304 ex
1794 2239 1879 2305 Con-

261 2314 299 2401 κζ’
313 2315 447 2394 produnt
468 2317 556 2380 alicui
580 2324 676 2394 grave
699 2331 830 2388 crimen,
843 2309 1002 2375 occultum
1017 2326 1079 2401 non
1113 2316 1185 2380 cilio
1200 2315 1385 2380 iliberitano
1406 2364 1415 2392 ‚
1434 2316 1468 2381 ἅ
1489 2319 1557 2381 alit,
1573 2322 1605 2381 tn
1622 2320 1694 2384 poc„
1713 2340 1780 2397 φη
1801 2319 1880 2398 figq.

261 2428 272 2464 i
312 2397 495 2473 explicando
511 2397 690 2476 personam,
706 2389 755 2455 sed
772 2391 1080 2480 tantumCommutu·
1116 2397 1203 2463 latim
1231 2391 1339 2459 afferre
1357 2395 1523 2460 brevitatis
1552 2401 1651 2476 gratia
1676 2397 1877 2476 supersedeo,

261 2491 273 2527 ³
314 2494 430 2550 ratem,
450 2497 489 2540 ex
529 2496 567 2541 1¹³
588 2477 641 2540 illa
663 2472 720 2550 fir,
739 2472 811 2536 dum
826 2471 1080 2543 Communitati,
1112 2498 1182 2542 cum
1201 2472 1291 2539 facile
1311 2473 1406 2540 videri
1425 2474 1534 2554 possint
1561 2483 1593 2541 in
1618 2480 1725 2544 morali
1741 2477 1877 2544 Theolo·

261 2554 272 2591 ¹
314 2575 391 2635 puta
407 2500 622 2644 Monasierio,
647 2554 697 2618 vel
714 2549 860 2630 Capitulo
877 2553 979 2643 pravis
999 2549 1079 2639 infaf
1113 2559 1163 2636 ‘gia
1185 2556 1262 2619 Nat,
1284 2552 1374 2619 Alex,
1801 2580 1805 2589 ·

278 2636 286 2656 ⁸
307 2640 369 2701 ruia
389 2655 424 2702 ac
440 2636 567 2701 dedecus
587 2636 749 2712 sequatur,
769 2626 841 2694 ursi
862 2627 943 2692 dicas
963 2627 999 2691 de
1011 2625 1076 2720 ¹tali
1152 2631 1401 2700 contumelia&
1421 2633 1569 2702 deprimo
1586 2635 1682 2714 specie
1701 2634 1847 2703 differunt
1869 2660 1880 2703 ς

307 2716 633 2792 Communicamus.
660 2713 739 2790 quod
768 2714 800 2772 in
830 2728 867 2772 ea
891 2708 970 2801 iriale¹
986 2726 1076 2772 Viva·
1114 2736 1185 2781 nam
1206 2732 1259 2790 per
1275 2711 1363 2778 hasce
1392 2714 1591 2782 diversimode
1616 2767 1623 2792 ‚
1652 2718 1684 2783 dt
1706 2721 1738 2781 in
1756 2717 1880 2782 diversis

308 2814 363 2863 tur
381 2844 390 2874 ,
409 2816 470 2861 non
493 2794 632 2860 servetur
651 2790 804 2869 disciplina
827 2786 1018 2866 Regulam,
1042 2784 1076 2849 ἅ
1112 2793 1263 2870 speciebus
1280 2795 1352 2858 boni
1386 2798 1544 2873 proximus
1568 2794 1739 2861 offenditur
1758 2821 1768 2874 3
1792 2801 1880 2874 quin·

307 2875 453 2940 eiusmodi
475 2874 657 2952 (dummodo
677 2868 856 2962 tamenohoc
877 2886 939 2961 non
957 2864 995 2930 sit
1010 2864 1076 2944 pla·
1112 2876 1175 2937 imo
1191 2890 1317 2950 peccata
1339 2868 1625 2948 ipsa‘'contumeliae
1652 2877 1774 2952 possunt
1791 2880 1880 2941 inter

306 2973 350 3021 ne
373 2957 557 3032 notorium)
588 2954 640 3020 vel
666 2950 867 3017 decivitate
891 2946 994 3024 aliqua
1019 2960 1075 3010 aut
1113 2951 1179 3018 les
1210 2955 1257 3018 cie
1277 2949 1424 3029 disserte,
1445 2973 1507 3020 nori
1523 2955 1608 3021 secut
1629 2977 1663 3021 ac
1680 2973 1807 3035 peccata
1826 2957 1880 3021 de·

307 3037 379 3101 ¹0⁶0
398 3036 475 3112 <11¹0d
497 3036 583 3114 liena
603 3032 664 3098 filit
683 3031 830 3124 *stilletis
852 3053 862 3089 ··
894 3046 968 3092 tunc
991 3029 1075 3090 enim
1113 2973 1291 3110 irrisionis,
1311 3051 1401 3110 prout
1419 3032 1537 3100 obiesla
1553 3037 1679 3101 illorum
1701 3034 1799 3115 specie
1819 3034 1878 3101 dis·

307 3112 419 3179 iniuste
444 3122 547 3195 gravis
576 3110 704 3181 infamia
730 3103 997 3191 gravissimumque
1023 3108 1075 3199 sa·
1111 3112 1236 3191 serunt,
1254 3131 1290 3179 ut
1311 3126 1404 3179 antea
1420 3118 1480 3181 iarn
1496 3116 1625 3180 diximus
1666 3115 1879 3181 irautiniulia

310 3208 417 3260 ninum
444 3195 582 3262 insertur
605 3194 664 3261 tasi
680 3181 922 3283 Communitatij
934 3188 1075 3283 ¹Etenim
1110 3194 1265 3259 revelatio
1284 3194 1442 3258 adulteriis
1457 3191 1556 3271 specie
1579 3165 1683 3260 dissert
1704 3195 1742 3261 ab
1763 3195 1877 3262 iniusta

307 3275 384 3340 licet
415 3275 491 3353 apud
508 3293 617 3356 gravet
651 3278 731 3338 viror
758 3290 798 3335 ΒΧ
822 3284 960 3346 ”ellium
986 3284 1074 3331 umus
1111 3274 1303 3340 revelatione
1324 3269 1399 3338 sutri
1422 3274 1535 3351 ,orsis
1553 3272 1747 3340 manifestans
1768 3277 1804 3339 de
1821 3278 1888 3341 ali·-
1951 3313 1953 3318 >

307 3374 372 3419 non
388 3356 561 3421 maculetur
580 3358 644 3419 eius
673 3349 755 3417 sama
777 3398 787 3429 ,
819 3348 896 3415 sieut
911 3346 1075 3426 Apostolo-
1110 3375 1172 3433 quo
1180 3351 1316 3428 lurtum,
1337 3354 1543 3431 adulterium,
1559 3355 1774 3432 homicidium,
1793 3377 1877 3420 com·

276 3455 377 3498 .rum
393 3434 564 3515 Collegium
590 3454 651 3500 non
676 3430 847 3497 maculatus
867 3428 971 3492 estex
991 3426 1074 3491 ludae
1111 3437 1209 3500 mittit
1232 3435 1344 3512 triplex
1366 3433 1462 3512 specie
1479 3453 1636 3511 peccatum
1663 3433 1873 3500 detrastionis.

290 3514 442 3579 'sacinote
466 3537 474 3552 ·
504 3515 679 3581 maculatur
692 3509 891 3588 tamenapud
907 3505 1074 3585 simplices,
1109 3516 1159 3579 Sic
1180 3515 1232 3591 qui
1249 3513 1387 3578 eumdem
1403 3515 1625 3580 contumeliose
1646 3516 1684 3578 de
1708 3517 1753 3579 his
1769 3534 1877 3593 expro-

311 3593 346 3658 &
366 3561 571 3672 imperstdlos.
1051 3666 1057 3680 ·
1110 3596 1196 3671 bret,
1216 3595 1277 3657 tria
1292 3591 1876 3679 speciepeccatacontumeliaecommit·

261 3682 293 3738 lte·
352 3674 526 3739 Detrahens
553 3677 691 3755 graviter
713 3671 751 3734 de
778 3667 880 3734 altero
905 3666 984 3743 apud
1006 3682 1073 3757 ⁰¹¹¹?
1112 3677 1167 3736 tir.
1197 3676 1328 3739 Peccata
1345 3674 1427 3735 enim
1447 3673 1573 3748 speciem
1594 3674 1678 3738 luam
1699 3674 1737 3736 ab
1757 3674 1875 3738 obiesio

261 3757 273 3792 ²
309 3772 378 3819 cam
395 3752 620 3831 personam,&
640 3747 871 3829 perfecimus,
891 3742 1073 3837 iametslfib}
1111 3753 1408 3830 desumunt3quare
1428 3746 1567 3827 specifice
1583 3751 1654 3816 sunt
1673 3749 1821 3827 diversa,
1853 3754 1874 3817 si

261 3824 487 3923 ffpersuadeat
507 3832 587 3897 banc
607 3832 637 3895 id
658 3828 738 3907 quod
746 3830 773 3890 ei
792 3821 962 3903 patefacit,
983 3823 1072 3887 alteri
1110 3830 1284 3897 eorumdem
1298 3828 1414 3895 obiella
1430 3832 1589 3897 moraliter
1598 3830 1694 3910 specie
1710 3823 1872 3900 differant.

262 3951 289 3987 1..
306 3932 372 3977 non
393 3913 630 3989 revelaturam,
661 3931 724 3974 non
750 3910 912 3974 excusatur
940 3927 958 3968 a
986 3903 1074 3980 culpa
1205 3929 1208 3935 ’
1269 3940 1273 3946 ·

263 3997 291 4048 as
309 3990 542 4137 gersaslionis³
569 3989 624 4057 nisi
638 4005 837 4136 εοηόιιυῐτιηῃ
848 3987 919 4052 aliae
945 3986 1073 4127 timum·
1436 3996 1462 4056 ς.
1505 3988 1542 4054 V.

261 4077 288 4114 Ι*
338 4074 433 4138 antiae
449 4090 629 4139 excitantes
727 4083 898 4147 --praectpne
927 4082 963 4131 ut
1005 4084 1073 4129 ania
1478 4107 1484 4119 .
1654 4110 1660 4121 .
1718 4111 1725 4123 .

309 4154 437 4217 alterius
455 4152 622 4220 efficaciter
641 4121 740 4215 i'ibllet
763 4149 843 4213 bono
866 4143 1073 4224 procurand0,
1190 4111 1235 4175 οε
1256 4109 1341 4191 ‘uls‘
1357 4106 1567 4177 mamm
1585 4107 1793 4178 ‘mmmm'
1819 4228 1828 4239 ι

308 4233 344 4300 dc
363 4234 474 4297 bonum
491 4235 547 4299 hoc
567 4234 604 4300 sit
622 4236 686 4311 iure
701 4229 855 4296 debitum.
879 4226 927 4291 lta
948 4225 1072 4290 Natalis
1147 4227 1280 4306 Qiicum
1301 4247 1339 4292 ue
1355 4226 1449 4293 alium
1467 4228 1587 4293 excitat
1616 4250 1651 4294 ac
1669 4228 1787 4295 inducit
1809 4233 1873 4295 live

309 4312 488 4378 Alexander
503 4318 534 4379 in
550 4310 603 4378 sua
620 4312 730 4378 morali
742 4309 930 4386 Theologia.
951 4307 1073 4369 Etenim
1110 4305 1263 4373 hortando
1281 4249 1347 4373 sive
1362 4310 1580 4389 interrogando
1606 4309 1642 4374 de
1671 4310 1799 4398 alicuius
1818 4313 1872 4375 de·
1915 4328 1918 4333 ·

305 4413 377 4458 cum
397 4396 424 4455 ei
445 4392 523 4459 bona
543 4392 708 4459 aeslimatio
736 4391 813 4470 apud
845 4384 1072 4454 aliumausera·
1109 4383 1232 4453 sedibus
1270 4389 1306 4452 ad
1330 4390 1531 4456 inchoandam
1559 4388 1609 4454 vel
1641 4390 1873 4466 prosequendam

308 4493 361 4537 rur
403 4473 515 4538 iniuste
529 4477 558 4537 ei
578 4472 723 4537 damnum
743 4468 894 4549 insertur,
911 4488 973 4533 non
989 4469 1073 4531 secus
1110 4468 1344 4548 dettaslionem,
1363 4488 1418 4535 aut
1433 4470 1471 4534 ad
1486 4489 1554 4537 eam
1571 4468 1668 4534 allicit
1687 4468 1873 4535 ostendendo

308 4574 345 4617 ac
364 4521 401 4615 bt
423 4556 455 4616 in
485 4554 597 4619 iudicio
623 4557 790 4617 temerario
816 4568 878 4628 quo
906 4552 972 4627 quii
995 4546 1072 4626 apud
1108 4548 1211 4693 sestu’
1231 4545 1357 4626 plausu,
1376 4549 1477 4615 verbis
1494 4569 1565 4616 eam
1578 4547 1630 4614 sibi
1651 4567 1772 4630 gratam
1791 4549 1871 4629 elle,

306 4633 337 4695 se
355 4652 450 4696 unum
467 4640 570 4712 privat
590 4635 720 4700 alterum
749 4633 827 4697 bona
846 4627 1071 4696 aestimatione.
1121 4629 1267 4695 ethaliter
1276 4646 1382 4705 peccat
1395 4648 1504 4697 contra
1520 4630 1723 4710 charitatem,
1743 4645 1873 4698 utcom·

305 4711 482 4789 AEqualiter
497 4718 579 4780 enim
606 4718 760 4793 proximus
784 4712 928 4776 damnum
955 4713 1074 4789 patitur
1108 4713 1263 4784 munirer,
1281 4725 1392 4773 contra
1407 4710 1613 4776 detraslorem
1633 4760 1642 4791 ,
1666 4731 1737 4777 eum
1754 4711 1791 4775 ad
1808 4732 1873 4775 ma-

303 4793 372 4857 five
392 4796 426 4857 in
453 4799 598 4874 propria,
622 4794 732 4862 sivein
753 4793 878 4857 alterins
906 4790 1070 4876 mentm-ii
1110 4790 1173 4855 lum
1193 4790 1415 4869 inducens‚&
1434 4789 1624 4856 occasionem
1643 4792 1775 4858 scandali
1796 4813 1874 4868 piae-

308 4877 375 4950 quis
396 4875 509 4938 malam
525 4876 561 4942 de
577 4896 616 4940 to
643 4878 817 4955 opinionem
846 4870 978 4936 insinuet
998 4894 1008 4950 3
1038 4870 1073 4936 dt
1107 4870 1200 4948 beris,
1218 4869 1253 4934 dt
1268 4885 1378 4935 contra
1395 4868 1541 4936 iustitiam
1560 4891 1633 4951 erga
1655 4893 1726 4938 eum
1746 4872 1874 4945 dequo

303 4973 373 5019 tam
392 4952 517 5033 quisque
538 4975 617 5037 aegre
639 4955 700 5020 sert
730 4956 847 5020 uteiua
869 4952 961 5017 decor
978 4954 1072 5017 etiam
1107 4950 1283 5016 detrahitur
1310 4954 1402 5028 ,quia
1421 4949 1464 5015 esl
1491 4950 1594 5016 caussa
1614 4953 1737 5018 moralis
1753 4949 1872 5015 iniussae

304 5040 342 5100 m
371 5037 461 5098 unius
483 5053 587 5101 mente
613 5032 826 5110 offendatur,
861 5049 896 5097 ut
925 5032 1073 5097 summam
1105 5029 1321 5106 detradlionit,
1342 5027 1728 5115 scilicetdamnialterius,
1752 5026 1871 5110 velsal·

302 5110 521 5181 difficultatem
565 5120 703 5197 patiatur
740 5114 771 5179 in
809 5112 1002 5182 revelatione
1035 5112 1073 5177 li·
1107 5128 1173 5177 tem
1187 5111 1224 5184 ad
1240 5108 1316 5174 illud
1334 5110 1495 5179 moraliter
1514 5128 1699 5195 cooperatur
1717 5157 1727 5191 ,
1745 5109 1780 5175 dt
1799 5125 1874 5173 con·

352 5235 355 5240 -
438 5213 442 5224 ·
1760 5210 1834 5256 cur·
