4425 6000
568 522 774 596 Tusce.
803 539 869 595 nu
898 518 1223 600 Conrrncr.
1256 518 1378 596 Csr.
1404 517 1472 593 vt.
1703 537 1777 619 231

267 623 394 707 proprio
409 620 537 688 domino·
553 621 716 687 tellituere
731 671 741 701 ,
758 622 802 686 ita
814 624 846 685 in
865 617 947 686 didio
965 619 1036 689 casu
1071 618 1261 687 teslamentis
1289 619 1495 684 usurariorum
1514 666 1524 697 ,
1552 616 1586 685 dr
1609 637 1716 686 eornm
1747 620 1843 690 tellsb

266 706 460 771 mutuatario
473 751 482 779 ‚
496 702 547 779 qui
558 701 645 766 nullo
655 705 720 765 iure
732 719 858 767 tenetur
866 721 917 766 eas
931 695 1037 786 usuras
1070 717 1176 765 menta
1193 696 1261 765 sunt
1279 696 1341 777 ipso
1357 702 1424 763 iure
1445 701 1533 763 irrita
1553 747 1563 777 ,
1587 699 1642 764 nist
1671 717 1744 766 ante
1759 705 1842 768 mor·

267 785 388 852 solvere
404 806 414 862 ;
430 779 530 848 imosr
551 781 671 859 solvat,
693 778 851 847 usurarius
866 781 970 845 easilli
989 803 1036 846 re·
1070 800 1135 846 tem
1158 777 1352 845 restituerint
1379 800 1448 857 quae
1481 799 1534 857 per
1558 778 1679 845 usuram
1714 798 1841 857 recepte

183 895 186 900 ·
266 864 393 929 stituere
420 862 537 928 debet.
563 862 593 925 Si
626 881 703 926 vero
730 860 787 925 tali
813 861 957 925 creditori
975 882 1036 927 non
1071 858 1230 938 sunt,vel
1248 858 1287 923 de
1305 857 1501 925 restitutione
1515 859 1842 927 cautionemdederint

267 942 388 1011 conslet
407 940 580 1007 usurarium
596 940 647 1005 sibi
669 942 819 1006 creditum
849 937 1037 1021 usurarium,
1071 942 1295 1027 perpignora,
1322 954 1378 1005 aut
1409 937 1609 1028 fideiussiones
1633 960 1701 1017 cap.
1724 941 1841 1023 Quam·

266 1044 303 1089 ac
322 1024 394 1088 ideo
410 1022 557 1087 iniustum
573 1023 700 1099 cedere,
722 1024 770 1086 uti
788 1020 884 1096 potell
897 1021 953 1085 tali
971 1021 1036 1087 asst-
1070 1040 1157 1101 quam
1172 1038 1202 1083 a.
1221 1018 1259 1084 de
1274 1016 1390 1098 usuris,
1412 1038 1440 1098 7.
1462 1038 1495 1083 tn
1517 1022 1547 1082 6.
1574 1039 1603 1099 7.
1633 1021 1707 1087 Non
1729 1020 1841 1087 admit·

266 1105 442 1183 guntione,
471 1123 507 1169 ac
535 1118 606 1167 tuta
634 1098 821 1167 conscientia
852 1096 1037 1168 solutionem
1070 1100 1154 1164 tendi
1176 1096 1245 1164 sunt
1266 1101 1302 1162 ad
1319 1096 1562 1180 consessionem,
1588 1121 1645 1165 nec
1665 1095 1841 1166 absolvendi

267 1186 411 1264 exigere.
1070 1176 1466 1256 antequamsatissecerint,
1482 1178 1532 1242 vel
1552 1184 1730 1245 cautionem
1748 1177 1843 1246 desa·

1071 1255 1252 1324 tissaciendo
1272 1258 1561 1337 descripsimus.
1583 1259 1620 1323 de
1639 1259 1737 1341 usuris
1757 1262 1789 1324 in
1808 1261 1841 1324 6.

546 1348 572 1408 §·
613 1336 773 1405 xv11.
1071 1339 1099 1401 8.
1123 1340 1152 1401 Si
1183 1343 1268 1404 ineo
1288 1358 1416 1416 peccato
1441 1338 1623 1429 decesserint
1642 1342 1844 1430 ‚privantur

448 1449 494 1524 p,
507 1456 599 1537 m
615 1454 836 1538 Μ
1070 1416 1844 1580 sisinnselinuntznsfnsa

305 1573 446 1641 Usfflrli
469 1574 551 1640 ultra
562 1572 740 1650 suprsdlffls
757 1571 960 1652 &158³thssss
971 1568 1038 1640 sub·
1072 1578 1136 1658 ri's,
1150 1578 1201 1644 ubi
1219 1578 1342 1644 additur
1362 1582 1451 1642 iuxta
1467 1578 1625 1643 decretum
1640 1580 1695 1642 cit.
1709 1578 1843 1645 consilii

267 1658 372 1723 iacent
382 1645 585 1730 etinmvatiis
597 1659 695 1731 poenis
705 1652 902 1731 contraipsos
910 1652 1038 1717 abutro·
1071 1661 1180 1725 Later.
1201 1676 1312 1725 contra
1332 1658 1505 1735 usurarios,
1524 1656 1558 1722 dt
1576 1678 1616 1722 ex
1643 1657 1770 1723 decreto
1794 1674 1844 1725 et·

266 1756 325 1815 que
344 1740 412 1816 iure
431 1752 498 1800 tum
512 1735 599 1801 civili
618 1783 627 1814 ,
646 1753 714 1801 tum
730 1736 878 1799 canonico
895 1732 1039 1810 statutis,
1070 1742 1135 1805 iam
1152 1738 1285 1803 Concilii
1300 1737 1480 1818 Lugdunen.
1501 1740 1555 1801 cit.
1588 1740 1620 1799 in
1644 1737 1844 1807 clementino

265 1817 388 1895 ³⁰²⁰d0
407 1832 512 1881 ΨΜ
531 1817 647 1882 notorii
671 1815 741 1882 sunt
754 1861 762 1892 i
777 1813 829 1879 seu
854 1812 987 1893 Publici,
1004 1810 1039 1878 ἃ
1074 1839 1100 1883 1.
1120 1816 1157 1882 de
1176 1818 1273 1899 usuris
1294 1838 1389 1899 poena
1407 1814 1603 1895 suspensionis
1621 1818 1803 1883 incurrenda
1823 1837 1846 1884 ι

268 1893 444 1963 manifesti.
470 1896 552 1959 Nam
580 1894 708 1960 usurarii
730 1896 782 1958 alii
802 1893 912 1972 publici
939 1890 1040 1970 sunt,
1072 1898 1258 1980 Religiosis‚
1287 1900 1424 1974 aliisve,
1454 1893 1714 1975 quimaniseslum
1732 1895 1842 1969 usura·

268 1975 320 2042 len
338 1977 477 2052 notorii,
498 1975 550 2039 alil
579 1977 710 2041 occulti.
732 1972 870 2039 Usurarll
897 1975 1038 2050 notorii,
1073 1983 1150 2044 rium
1178 1980 1215 2043 ad
1240 1975 1470 2044 ecclesiasticam
1492 1974 1682 2054 sepulturam
1711 1974 1845 2043 {eleuter

266 2054 319 2121 seu
340 2054 450 2133 publici
470 2055 522 2121 alii
540 2056 608 2120 sunt
628 2058 742 2121 notorii
772 2056 965 2119 notorietate
995 2056 1038 2115 iu·
1073 2059 1134 2125 ausi
1156 2054 1272 2123 fuerint
1290 2059 1454 2123 admittere
1474 2105 1483 2134 ,
1507 2055 1560 2119 nifi
1588 2057 1669 2133 prius
1698 2055 1736 2120 ad
1762 2055 1844 2122 arbi-

266 2140 329 2213 ris,
349 2135 403 2199 alii
420 2140 610 2200 notorietate
626 2132 713 2200 sassi.
733 2134 1039 2199 Notoriinotorieta·
1073 2144 1169 2205 prium
1191 2136 1353 2203 dioecesapi
1381 2133 1516 2214 Episcopi
1543 2154 1773 2212 competentem
1798 2135 1844 2203 sa·

266 2232 299 2281 te
314 2216 391 2279 iuris
411 2217 433 2277 ii
454 2212 547 2293 sunt,
570 2216 620 2292 qui
643 2219 674 2278 in
696 2215 808 2280 iudicio
837 2214 893 2279 lroc
920 2214 1039 2277 crimen
1074 2217 1279 2284 tjsfastiopem
1296 2216 1518 2281 exhibuerint,

266 2291 389 2362 conscili
409 2290 480 2358 sunt
497 2344 505 2374 ,
523 2294 573 2360 vel
599 2294 635 2357 de
651 2315 690 2361 eo
704 2290 1040 2381 convidiiluernnt,&
1112 2295 1237 2377 Insuper
1258 2298 1433 2373 praecipitur
1452 2294 1580 2360 dominis
1598 2291 1738 2359 omnibus
1759 2294 1845 2360 loco·

264 2374 462 2441 condemnati
483 2393 542 2453 cap„
560 2376 744 2454 quaefitume
792 2392 839 2436 10·
864 2373 901 2439 de
927 2369 1039 2436 cohabr-
1073 2401 1159 2454 rum,
1176 2374 1505 2451 acUniversitaribus‚
1524 2394 1563 2438 ne
1576 2375 1847 2450 pennittantalie-

265 2456 320 2521 iat.
343 2456 438 2520 cleric.
455 2453 497 2521 ἴθ’
515 2455 631 2521 mulier.
656 2455 705 2520 ubi
735 2476 762 2519 ic
781 2480 790 2517 :
809 2454 971 2542 Notarium
988 2468 1040 2531 per
1074 2461 1190 2537 nigenis
1211 2460 1244 2521 in
1265 2458 1355 2522 terris
1370 2456 1429 2521 suis
1443 2452 1615 2521 conducere
1640 2454 1766 2533 domos,
1787 2454 1845 2520 alst

259 2534 465 2616 senientiam,
479 2533 747 2616 sru.conscffionem
757 2532 872 2617 salsam
897 2535 928 2597 in
953 2551 1037 2597 wre-
1072 2536 1235 2604 condustas
1264 2536 1374 2602 babere
1399 2534 1437 2600 ad
1457 2532 1560 2600 usuras
1584 2534 1790 2613 exercendas,
1809 2532 1846 2601 dt

265 2614 409 2682 Usurarii
426 2636 503 2679 veto
522 2620 637 2681 notorii
659 2621 850 2680 notorietate
866 2611 935 2678 sasli
947 2612 1038 2688 lunt,
1073 2639 1111 2683 pe
1132 2622 1198 2697 quis
1214 2618 1317 2682 domos
1333 2619 1377 2681 eis
1393 2616 1430 2680 ad
1447 2614 1502 2680 hoc
1523 2613 1606 2678 locet
1627 2636 1636 2677 :
1664 2617 1716 2693 qui
1737 2632 1846 2679 autem

217 2698 219 2702 ’
264 2699 316 2774 qui
346 2697 392 2761 ita
419 2696 552 2774 palam,
579 2695 612 2760 ἃ
636 2698 800 2761 evidenter
822 2693 926 2760 usuras
952 2712 1039 2758 exer·
1071 2718 1183 2763 contra
1198 2696 1347 2777 fecerint,
1368 2697 1388 2760 sl
1411 2695 1469 2759 smt
1484 2691 1677 2759 ecclesiastici
1697 2697 1846 2773 maiores,

266 2792 357 2853 cent,
379 2790 417 2841 ut
438 2776 524 2841 nulla
546 2776 801 2853 tergiversatione
816 2774 844 2836 id
856 2771 1039 2853 negem&
1073 2796 1107 2843 pt
1125 2777 1329 2853 Patriarchae,
1351 2771 1579 2851 Arcbiepiscopi
1599 2820 1608 2850 ,
1628 2771 1764 2852 Episcopi
1780 2769 1842 2839 dte.

236 2882 239 2888 ·
266 2855 371 2920 celare
390 2856 536 2929 valeant,
558 2858 611 2918 cir.
637 2871 699 2934 cap.
728 2856 880 2943 qqaefitum
908 2854 968 2941 ess!
985 2853 1036 2918 ubi
1072 2854 1419 2934 suspensionis‚s1vero
1439 2857 1572 2918 minores
1596 2848 1730 2927 personas
1757 2851 1843 2931 snit,

265 2934 308 3000 sse
329 2960 339 2996 ε
357 2938 429 3004 Aut
444 2953 496 3016 per
512 2935 702 3001 evidentiam
722 2934 767 3000 rei
778 2984 787 3014 ‚
807 2954 873 3012 quae
893 2944 1036 3015 tergiver-
1074 2935 1722 3016 poenamexcommunicationisincurrant;
1738 2930 1845 3011 srCole

262 3015 379 3096 [mione
397 3017 499 3096 aliqua
519 3017 611 3082 cesari
630 3037 693 3083 non
718 3016 795 3096 offis.
1002 3042 1004 3046 ·
1072 3020 1205 3100 legium,
1223 3016 1273 3081 vel
1296 3013 1516 3091 Universstas,
1540 3011 1691 3078 interdidli
1718 3011 1844 3079 senten·

177 3091 254 3135 Μ·
308 3098 408 3162 Prima
430 3099 530 3177 igitur
554 3114 646 3174 poena
674 3033 745 3170 el,
769 3096 891 3174 quando
908 3090 1036 3160 usurarii
1072 3103 1148 3165 tia'm
1170 3093 1233 3176 ipso
1251 3093 1516 3161 fadloincurrant.
1538 3093 1579 3158 Et
1638 3090 1845 3186 permensum

177 3218 212 3263 ι.
273 3173 334 3241 sint
350 3175 483 3255 publici,
503 3177 555 3241 vel
573 3177 709 3258 notorii,
728 3175 811 3253 quod
825 3173 890 3252 ipso
907 3177 974 3239 iure
991 3178 1036 3238 in·
1071 3177 1281 3257 perstiterint,
1303 3173 1433 3254 ipsorum
1453 3192 1549 3239 terrae
1643 3171 1845 3255 interdsdlae,

201 3325 206 3334 ,
269 3253 456 3338 inmersus
470 3276 539 3334 erp.
566 3253 695 3335 infames
709 3254 743 3326 ι’.
763 3262 789 3322 §.
811 3274 903 3334 porto
926 3255 958 3319 in
974 3258 1037 3334 fine
1070 3259 1142 3325 dum
1161 3258 1203 3324 ibi
1223 3256 1291 3321 disis
1312 3256 1442 3321 usurarii
1461 3253 1623 3319 habitant·
1649 3254 1737 3319 Lairi
1759 3274 1847 3320 con·

239 3366 246 3375 ·
266 3334 361 3401 causs.
375 3354 440 3416 ¹97·
456 3358 521 3414 cap.¹
538 3338 661 3403 discisus
673 3339 719 3417 'rie
738 3334 862 3418 excelsis.
879 3336 1047 3403 Pratum·
1071 3337 1199 3417 pellendi
1216 3337 1287 3401 sunt
1318 3358 1372 3416 pet
1394 3330 1534 3400 censuras
1563 3333 1602 3398 ab
1618 3333 1788 3407 Ordinatio
1803 3332 1845 3403 ad

267 3415 412 3482 stilibi.
434 3437 462 3480 2.
480 3417 572 3494 Qidd
594 3417 738 3502 si'clerici
760 3417 837 3492 sint,
853 3417 904 3480 vel
924 3437 1034 3483 mona·
1069 3417 1243 3503 cessandum
1263 3415 1304 3481 ab
1322 3408 1489 3482 huiusmodi
1504 3413 1625 3504 excello
1646 3416 1678 3477 in
1695 3410 1844 3495 capusu-

265 3495 331 3582 ehi‚
355 3494 388 3562 dt
406 3517 469 3560 non
484 3496 644 3573 desisimt,
664 3495 703 3565 ub
718 3495 820 3570 officio
840 3496 874 3561 dt
884 3495 1034 3561 beneficio
1069 3521 1172 3563 rarum
1187 3519 1262 3562 vora
1280 3498 1360 3562 inem
1381 3515 1409 3559 ι.
1431 3496 1469 3560 de
1483 3492 1588 3574 Usuris
1604 3513 1637 3557 m
1652 3496 1685 3556 6.
1711 3492 1841 3572 insuper

264 3578 339 3640 sunt
363 3565 557 3652 suspendendi
574 3598 589 3652 ·,
613 3582 678 3653 cap'
704 3573 800 3655 Eprln
826 3595 854 3638 1.
882 3597 947 3652 cap.
966 3597 1034 3653 quo·
1069 3578 1227 3644 Officiales
1292 3577 1511 3652 inmunitatum
1532 3572 1763 3652 inclinantes,
1780 3588 1841 3643 aut

177 3724 181 3731 ,
258 3654 347 3719 'niam
366 3675 394 3716 z.
413 3657 446 3719 dc
471 3653 544 3719 alibi
558 3677 568 3730 ;
584 3654 618 3720 ἀ
640 3674 657 3717 a
675 3653 795 3718 fortiori
813 3653 833 3715 ss
850 3655 963 3719 clerici·
974 3654 1034 3720 sint
1068 3656 1231 3724 scribentes
1240 3656 1356 3723 statuta
1372 3657 1457 3733 super
1473 3646 1570 3718 usuris
1585 3650 1738 3718 solvendis
1747 3701 1760 3731 ,
1777 3661 1842 3721 non

261 3736 297 3797 in
317 3734 508 3810 minoribns,
528 3731 694 3809 repellendi
716 3731 788 3798 sunt
803 3730 1034 3812 amarioribus,
1069 3735 1260 3814 repetendis,
1276 3737 1327 3801 vel
1357 3756 1419 3800 non
1444 3730 1661 3810 restituendis,
1684 3731 1738 3797 vel
1761 3732 1840 3796 iudi·

261 3811 317 3878 sou
335 3812 427 3877 sacris
444 3809 600 3876 ordinibus
616 3809 810 3888 suscipiendis
831 3861 841 3891 ,
862 3811 897 3878 dt
913 3811 951 3876 ab
966 3813 1034 3878 ossi·
1066 3833 1174 3882 cantes
1189 3814 1351 3880 secundum
1366 3817 1440 3895 illa,
1461 3813 1513 3878 vel
1529 3832 1591 3877 non
1618 3810 1755 3877 delentes
1785 3810 1839 3881 nst

258 3895 318 3959 ciis
335 3912 372 3955 ac
387 3890 543 3956 beneficiis
561 3889 737 3955 obtinendis
756 3912 823 3983 cap.
840 3890 878 3958 de
889 3890 981 3972 priseo
1000 3899 1042 3985 4>
1068 3897 1089 3959 si
1110 3894 1336 3974 possuntintra
1356 3889 1550 3962 tres-menses
1574 3889 1612 3958 de
1631 3888 1716 3957 libris
1743 3890 1851 3962 Com.

263 3969 333 4036 disi.
349 3990 398 4052 47.
418 3969 453 4039 ἀ
474 3969 569 4037 alibi.
588 3973 674 4036 Nam
694 3969 853 4116 ἑψητὸν]
866 3985 960 4062 pouq
984 3973 1033 4038 dt·
1068 3978 1250 4053 munitatis,
1271 3976 1320 4039 vel
1338 3975 1392 4040 illa
1422 3974 1581 4052 servantes
1599 4021 1608 4049 ,
1626 3969 1697 4038 sunt
1712 3990 1839 4040 excom·

260 4051 414 4133 annum
429 4074 485 4117 non
494 4050 568 4132 suni
587 4050 704 4132 aperies
728 4074 773 4131 ae,
790 4074 856 4132 cap.
871 4051 1033 4134 infamibus
1067 4058 1235 4121 municati.
1256 4054 1292 4121 ln
1311 4052 1505 4122 Clementina
1519 4051 1658 4132 exgravr'
1687 4050 1765 4120 unic·
1796 4051 1838 4121 de

262 4150 313 4214 77.
329 4132 367 4194 dc
389 4153 447 4276 ‘J'
466 4134 540 4222 suris
560 4135 592 4206 ip
613 4134 641 4196 6.
669 4130 836 4214 infamibus
858 4146 952 4215 portae
976 4157 1033 4199 non
1066 4136 1181 4219 usuris.
1479 4143 1482 4150 '
1606 4217 1610 4224 ἱ

258 4225 381 4294 patant
424 4224 604 4295 ignitam.
627 4229 655 4296 3.
677 4214 708 4276 Si
725 4214 794 4278 laici
812 4212 871 4296 sint
885 4261 894 4288 ‚
906 4228 1033 4302 >excom
1107 4215 1249 4281 Usu'rarii
1265 4231 1379 4296 praeter
1394 4232 1504 4296 peenas
1518 4235 1537 4280 a
1552 4214 1619 4279 iure
1639 4212 1835 4291 statutaspu·

261 4293 437 4360 municaudi
461 4289 530 4358 sunt
547 4290 636 4370 usque
655 4292 727 4357 dum
748 4292 851 4359 debite
873 4291 1033 4359 satisfecess
1067 4299 1127 4363 niti
1150 4295 1277 4375 possunt
1297 4298 1393 4362 etiam
1412 4295 1478 4358 aliis
1494 4299 1592 4377 prunis
1615 4292 1836 4362 extraordina-

179 4424 182 4429 .
260 4377 326 4439 rint
343 4393 408 4451 cap.
421 4385 564 4450 praterea
589 4394 617 4455 7.
634 4368 671 4435 de
690 4372 807 4454 usmis,
823 4372 858 4439 ἀ
877 4372 940 4448 lpso
956 4371 1033 4441 iasio
1068 4379 1139 4454 riis,
1157 4380 1307 4456 praecipue
1323 4375 1509 4457 pecuniariis
1545 4376 1630 4440 utin
1649 4393 1711 4453 quo
1764 4393 1834 4442 cca·
1897 4454 1899 4458 Ι
1968 4436 1975 4451 ,

260 4452 438 4532 irregulares
458 4451 667 4528 exiliuntcap.
687 4456 791 4520 marit.
811 4473 839 4516 2.
850 4453 916 4521 disi.
932 4468 981 4536 73.
998 4454 1032 4522 dt
1068 4460 1172 4523 verint
1206 4459 1400 4533 puniantur.
1426 4453 1474 4519 Sic
1524 4453 1599 4521 olos.
1622 4455 1722 4532 Piring
1782 4452 1836 4521 lu·
1882 4505 1888 4516 .

262 4532 332 4600 alibi
344 4579 361 4622 ·.
374 4554 403 4613 4
419 4535 588 4621 Ptiyantur
603 4536 817 4622 communione
840 4535 947 4600 altaris
966 4557 1030 4614 cap.
1066 4538 1124 4602 dex
1139 4537 1283 4609 ¹criminis
1311 4534 1433 4611 usurae,
1456 4532 1537 4600 troad
1563 4527 1706 4601 censuras
1728 4535 1835 4612 priva·

186 4616 192 4635 ¹
261 4612 333 4694 quia
349 4631 383 4674 ιιι
393 4608 527 4676 ominus
537 4627 564 4692 3.
579 4611 787 4690 deuluuuex
796 4612 914 4680 Concil.
923 4616 1031 4698 Later.
1067 4613 1426 4696 opinandorum&
1479 4612 1664 4680 neliciorum
1686 4613 1832 4681 ecclesa·

177 4738 208 4765 ,.
263 4711 289 4776 3.
301 4715 330 4774 5.
350 4690 1029 4781 Eprumobletionesnonposluntrecipi,cit.
1066 4697 1208 4764 siitorum
1237 4694 1280 4761 tsi
1304 4694 1383 4762 solus
1411 4691 1655 4771 Ecclesiaslicm5
1682 4696 1729 4760 ita
1746 4713 1832 4759 com·

259 4791 408 4853 tanqum
423 4772 458 4865 in
478 4768 613 4836 omnibus
631 4789 647 4855 3
675 4773 711 4838 de
728 4772 846 4854 usuris:
869 4793 941 4840 narn
961 4775 1031 4842 usu·
1065 4783 1201 4843 munitet
1215 4794 1253 4842 ex
1274 4791 1334 4856 cap.
1355 4773 1545 4865 monuimus
1561 4784 1591 4839 a.
1612 4789 1672 4853 cap.
1691 4772 1835 4856 Qualiter

180 4898 190 4919 -,
262 4856 334 4919 rarii
351 4868 582 4931 aequsparantut
603 4852 776 4926 raptoribus
796 4875 861 4931 cap.
863 4856 891 4936 fi
905 4856 971 4936 quis
983 4869 1030 4921 ro.
1066 4855 1106 4925 (5
1130 4858 1244 4937 quando
1266 4875 1317 4939 17.
1338 4856 1375 4923 de
1400 4855 1539 4932 iudiciis,
1567 4851 1639 4934 quia
1658 4854 1766 4918 horum
1783 4850 1831 4926 eit

262 4937 358 4999 cauis.
378 4951 425 5013 ¹4·
450 4930 555 5009 quusi.
576 4956 604 5012 4
630 4932 664 5000 dt
689 4931 860 4999 oblationes
876 4954 1032 5013 raptorum
1067 4938 1157 5002 iudex
1183 4937 1258 5014 ille,
1279 4935 1319 5002 ad
1344 4953 1434 5014 quem
1460 4931 1571 5014 speetu
1591 4931 1746 5015 praedisias

262 5032 326 5078 uon
347 5014 538 5089 recipiuntur
559 5011 596 5078 ab
612 5010 744 5079 Ecclesia
758 5027 818 5093 cap
834 5015 987 5080 Minorem
1003 5016 1030 5079 8.
1066 5038 1122 5085 nas
1136 5018 1310 5095 imponere.
1332 5014 1427 5083 ludex
1447 5034 1528 5081 vero
1550 5015 1712 5080 criminum
1765 5032 1832 5080 urz

261 5090 359 5177 coust.
381 5111 430 5173 ιγ.
454 5093 550 5175 quest.
579 5096 608 5158 6.
637 5093 742 5161 Nemo
765 5095 862 5173 potest
888 5097 1035 5165 interesse
1055 5097 1168 5182 ,quoad
1191 5097 1267 5164 aliar
1289 5110 1397 5177 poenas
1422 5093 1520 5236 ροὶξίῖ
1547 5094 1612 5162 esse
1637 5108 1705 5163 tam
1734 5092 1833 5160 laicus

302 5225 304 5229 ·
1524 5195 1545 5252 4
1702 5191 1798 5252 (1⁰⁸³)
