<?xml version="1.0" encoding="UTF-8"?>
<!DOCTYPE html PUBLIC "-//W3C//DTD XHTML 1.0 Transitional//EN"
    "http://www.w3.org/TR/xhtml1/DTD/xhtml1-transitional.dtd">
<html xmlns="http://www.w3.org/1999/xhtml" xml:lang="en" lang="en">
 <head>
  <title>
</title>
<meta http-equiv="Content-Type" content="text/html;charset=utf-8" />
  <meta name='ocr-system' content='tesseract 3.04.00' />
  <meta name='ocr-capabilities' content='ocr_page ocr_carea ocr_par ocr_line ocrx_word'/>
</head>
<body>
  <div class='ocr_page' id='page_1' title='image "./institutionesth00boragoog/institutionesth00boragoog_0234.png"; bbox 0 0 4425 6000; ppageno 0'>
   <div class='ocr_carea' id='block_1_1' title="bbox 211 3367 337 3487">
    <p class='ocr_par' dir='ltr' id='par_1_1' title="bbox 211 3367 337 3487">
     <span class='ocr_line' id='line_1_1' title="bbox 211 3367 337 3487; baseline -0.063 -1"><span class='ocrx_word' id='word_1_1' title='bbox 211 3367 337 3487; x_wconf 55' lang='lat' dir='ltr'>„ill”</span> 
     </span>
    </p>
   </div>
   <div class='ocr_carea' id='block_1_2' title="bbox 213 3494 332 3623">
    <p class='ocr_par' dir='ltr' id='par_1_2' title="bbox 213 3494 332 3623">
     <span class='ocr_line' id='line_1_2' title="bbox 213 3494 308 3558; baseline 0.011 -15"><span class='ocrx_word' id='word_1_2' title='bbox 213 3494 308 3558; x_wconf 70' lang='lat' dir='ltr'>pellite</span> 
     </span>
     <span class='ocr_line' id='line_1_3' title="bbox 213 3561 332 3623; baseline -0.008 -14"><span class='ocrx_word' id='word_1_3' title='bbox 213 3561 263 3623; x_wconf 78' lang='lat' dir='ltr'>pals</span> <span class='ocrx_word' id='word_1_4' title='bbox 274 3572 332 3610; x_wconf 83' lang='lat' dir='ltr'>tra.</span> 
     </span>
    </p>
   </div>
   <div class='ocr_carea' id='block_1_3' title="bbox 354 383 1929 722">
    <p class='ocr_par' dir='ltr' id='par_1_3' title="bbox 354 383 1929 722">
     <span class='ocr_line' id='line_1_4' title="bbox 418 383 1601 486; baseline -0.005 -11"><span class='ocrx_word' id='word_1_5' title='bbox 418 417 497 476; x_wconf 75' lang='lat' dir='ltr'>aro</span> <span class='ocrx_word' id='word_1_6' title='bbox 677 393 887 468; x_wconf 82' lang='lat' dir='ltr'>Tnacr.</span> <span class='ocrx_word' id='word_1_7' title='bbox 924 415 990 468; x_wconf 77' lang='lat' dir='ltr'>oa</span> <span class='ocrx_word' id='word_1_8' title='bbox 1027 383 1357 486; x_wconf 63' lang='lat' dir='ltr'>Courn&#39;act.</span> <span class='ocrx_word' id='word_1_9' title='bbox 1384 393 1601 469; x_wconf 61' lang='lat' dir='ltr'>crnvt.</span> 
     </span>
     <span class='ocr_line' id='line_1_5' title="bbox 357 487 1928 580; baseline 0.002 -19"><span class='ocrx_word' id='word_1_10' title='bbox 357 487 488 561; x_wconf 87' lang='lat' dir='ltr'>sortem.</span> <span class='ocrx_word' id='word_1_11' title='bbox 504 491 534 557; x_wconf 88' lang='lat' dir='ltr'>Si</span> <span class='ocrx_word' id='word_1_12' title='bbox 551 511 628 558; x_wconf 86' lang='lat' dir='ltr'>vero</span> <span class='ocrx_word' id='word_1_13' title='bbox 645 492 789 557; x_wconf 84' lang='lat' dir='ltr'>damnum</span> <span class='ocrx_word' id='word_1_14' title='bbox 804 515 868 559; x_wconf 92' lang='lat' dir='ltr'>non</span> <span class='ocrx_word' id='word_1_15' title='bbox 886 490 923 558; x_wconf 90' lang='lat' dir='ltr'>srt</span> <span class='ocrx_word' id='word_1_16' title='bbox 939 491 1009 558; x_wconf 77' lang='lat' dir='ltr'>assu</span> <span class='ocrx_word' id='word_1_17' title='bbox 1024 512 1122 557; x_wconf 88' lang='lat' dir='ltr'>emer·</span> <span class='ocrx_word' id='word_1_18' title='bbox 1158 493 1270 570; x_wconf 87' lang='lat' dir='ltr'>assequi</span> <span class='ocrx_word' id='word_1_19' title='bbox 1291 495 1472 559; x_wconf 86' lang='lat' dir='ltr'>beneficium</span> <span class='ocrx_word' id='word_1_20' title='bbox 1492 496 1588 560; x_wconf 88' lang='lat' dir='ltr'>etiarn</span> <span class='ocrx_word' id='word_1_21' title='bbox 1604 491 1757 560; x_wconf 82' lang='lat' dir='ltr'>duntaxtt</span> <span class='ocrx_word' id='word_1_22' title='bbox 1773 497 1928 580; x_wconf 87' lang='lat' dir='ltr'>mediate,</span> 
     </span>
     <span class='ocr_line' id='line_1_6' title="bbox 354 572 1929 722; baseline 0.004 -86"><span class='ocrx_word' id='word_1_23' title='bbox 354 595 463 722; x_wconf 52' lang='grc' dir='ltr'><em>ευωὼ,</em></span> <span class='ocrx_word' id='word_1_24' title='bbox 492 572 539 637; x_wconf 89' lang='lat' dir='ltr'>s&#39;ed</span> <span class='ocrx_word' id='word_1_25' title='bbox 557 573 718 648; x_wconf 81' lang='lat' dir='ltr'>prudenter</span> <span class='ocrx_word' id='word_1_26' title='bbox 741 574 952 646; x_wconf 82' lang='lat' dir='ltr'>emersurum,</span> <span class='ocrx_word' id='word_1_27' title='bbox 980 591 1054 638; x_wconf 86' lang='lat' dir='ltr'>tune</span> <span class='ocrx_word' id='word_1_28' title='bbox 1072 574 1122 637; x_wconf 83' lang='lat' dir='ltr'>lra-</span> <span class='ocrx_word' id='word_1_29' title='bbox 1157 573 1228 634; x_wconf 79' lang='lat' dir='ltr'>idesl</span> <span class='ocrx_word' id='word_1_30' title='bbox 1254 575 1442 637; x_wconf 81' lang='lat' dir='ltr'>intendendo</span> <span class='ocrx_word' id='word_1_31' title='bbox 1480 573 1652 636; x_wconf 80' lang='lat' dir='ltr'>immediate</span> <span class='ocrx_word' id='word_1_32' title='bbox 1681 573 1929 643; x_wconf 80' lang='lat' dir='ltr'>benevolentiam</span> 
     </span>
    </p>
   </div>
   <div class='ocr_carea' id='block_1_4' title="bbox 348 648 1936 2802">
    <p class='ocr_par' dir='ltr' id='par_1_4' title="bbox 348 648 1936 2802">
     <span class='ocr_line' id='line_1_7' title="bbox 473 648 1929 733; baseline 0.003 -15"><span class='ocrx_word' id='word_1_33' title='bbox 473 653 517 718; x_wconf 80' lang='lat' dir='ltr'>eil</span> <span class='ocrx_word' id='word_1_34' title='bbox 537 655 618 716; x_wconf 85' lang='lat' dir='ltr'>ratio</span> <span class='ocrx_word' id='word_1_35' title='bbox 638 653 726 716; x_wconf 83' lang='lat' dir='ltr'>huius</span> <span class='ocrx_word' id='word_1_36' title='bbox 750 654 901 730; x_wconf 87' lang='lat' dir='ltr'>periculi,</span> <span class='ocrx_word' id='word_1_37' title='bbox 927 650 962 717; x_wconf 73' lang='grc' dir='ltr'>ἂ</span> <span class='ocrx_word' id='word_1_38' title='bbox 981 672 1120 730; x_wconf 86' lang='lat' dir='ltr'>compen·</span> <span class='ocrx_word' id='word_1_39' title='bbox 1156 648 1351 717; x_wconf 76' lang='lat' dir='ltr'>berresadloris</span> <span class='ocrx_word' id='word_1_40' title='bbox 1374 702 1383 728; x_wconf 97' lang='lat'>,</span> <span class='ocrx_word' id='word_1_41' title='bbox 1411 674 1470 727; x_wconf 81' lang='lat' dir='ltr'>utta</span> <span class='ocrx_word' id='word_1_42' title='bbox 1491 657 1644 716; x_wconf 83' lang='lat' dir='ltr'>mediante</span> <span class='ocrx_word' id='word_1_43' title='bbox 1663 659 1747 717; x_wconf 86' lang='lat' dir='ltr'>viam</span> <span class='ocrx_word' id='word_1_44' title='bbox 1767 653 1819 718; x_wconf 84' lang='lat' dir='ltr'>sibi</span> <span class='ocrx_word' id='word_1_45' title='bbox 1842 677 1929 733; x_wconf 88' lang='lat' dir='ltr'>paret</span> 
     </span>
     <span class='ocr_line' id='line_1_8' title="bbox 356 729 1928 809; baseline -0.002 -9"><span class='ocrx_word' id='word_1_46' title='bbox 356 733 484 802; x_wconf 84' lang='lat' dir='ltr'>sationis</span> <span class='ocrx_word' id='word_1_47' title='bbox 500 729 648 809; x_wconf 84' lang='lat' dir='ltr'>eiusdem,</span> <span class='ocrx_word' id='word_1_48' title='bbox 668 729 703 797; x_wconf 85' lang='lat'>&amp;</span> <span class='ocrx_word' id='word_1_49' title='bbox 722 737 801 796; x_wconf 88' lang='lat' dir='ltr'>tanti</span> <span class='ocrx_word' id='word_1_50' title='bbox 823 730 1031 798; x_wconf 83' lang='lat' dir='ltr'>aestimandum</span> <span class='ocrx_word' id='word_1_51' title='bbox 1049 737 1122 806; x_wconf 88' lang='lat' dir='ltr'>erit,</span> <span class='ocrx_word' id='word_1_52' title='bbox 1158 732 1193 794; x_wconf 89' lang='lat' dir='ltr'>ad</span> <span class='ocrx_word' id='word_1_53' title='bbox 1215 731 1395 797; x_wconf 85' lang='lat' dir='ltr'>beneficium</span> <span class='ocrx_word' id='word_1_54' title='bbox 1412 732 1641 808; x_wconf 87' lang='lat' dir='ltr'>assequendum,</span> <span class='ocrx_word' id='word_1_55' title='bbox 1663 734 1738 807; x_wconf 89' lang='lat' dir='ltr'>apud</span> <span class='ocrx_word' id='word_1_56' title='bbox 1758 755 1864 799; x_wconf 78' lang='lat' dir='ltr'>omnes</span> <span class='ocrx_word' id='word_1_57' title='bbox 1886 739 1928 801; x_wconf 81' lang='lat' dir='ltr'>est</span> 
     </span>
     <span class='ocr_line' id='line_1_9' title="bbox 354 810 1929 896; baseline -0.002 -14"><span class='ocrx_word' id='word_1_58' title='bbox 354 833 504 896; x_wconf 73' lang='lat' dir='ltr'>quantum</span> <span class='ocrx_word' id='word_1_59' title='bbox 529 815 578 875; x_wconf 88' lang='lat' dir='ltr'>vir</span> <span class='ocrx_word' id='word_1_60' title='bbox 602 813 732 890; x_wconf 85' lang='lat' dir='ltr'>prudens</span> <span class='ocrx_word' id='word_1_61' title='bbox 753 811 953 877; x_wconf 84' lang='lat' dir='ltr'>huiuscemodi</span> <span class='ocrx_word' id='word_1_62' title='bbox 978 815 1120 891; x_wconf 79' lang='lat' dir='ltr'>negotio·</span> <span class='ocrx_word' id='word_1_63' title='bbox 1157 810 1352 876; x_wconf 76' lang='lat' dir='ltr'>srnionsacus.</span> <span class='ocrx_word' id='word_1_64' title='bbox 1383 812 1483 874; x_wconf 89' lang='lat' dir='ltr'>Nemo</span> <span class='ocrx_word' id='word_1_65' title='bbox 1512 813 1604 888; x_wconf 80' lang='lat' dir='ltr'>igitur</span> <span class='ocrx_word' id='word_1_66' title='bbox 1634 832 1695 875; x_wconf 93' lang='lat' dir='ltr'>non</span> <span class='ocrx_word' id='word_1_67' title='bbox 1725 814 1808 876; x_wconf 89' lang='lat' dir='ltr'>videt</span> <span class='ocrx_word' id='word_1_68' title='bbox 1829 834 1929 893; x_wconf 91' lang='lat' dir='ltr'>eum,</span> 
     </span>
     <span class='ocr_line' id='line_1_10' title="bbox 354 889 1936 975; baseline -0.003 -11"><span class='ocrx_word' id='word_1_69' title='bbox 354 915 426 964; x_wconf 85' lang='lat' dir='ltr'>rum</span> <span class='ocrx_word' id='word_1_70' title='bbox 444 897 557 972; x_wconf 86' lang='lat' dir='ltr'>peritus</span> <span class='ocrx_word' id='word_1_71' title='bbox 586 891 747 957; x_wconf 89' lang='lat' dir='ltr'>iudicabit.</span> <span class='ocrx_word' id='word_1_72' title='bbox 775 892 806 954; x_wconf 84' lang='lat' dir='ltr'>Si</span> <span class='ocrx_word' id='word_1_73' title='bbox 830 911 936 957; x_wconf 87' lang='lat' dir='ltr'>aurern</span> <span class='ocrx_word' id='word_1_74' title='bbox 962 910 1121 957; x_wconf 84' lang='lat' dir='ltr'>mutuara-</span> <span class='ocrx_word' id='word_1_75' title='bbox 1156 895 1206 966; x_wconf 89' lang='lat' dir='ltr'>qui</span> <span class='ocrx_word' id='word_1_76' title='bbox 1223 889 1307 952; x_wconf 90' lang='lat' dir='ltr'>simili</span> <span class='ocrx_word' id='word_1_77' title='bbox 1326 892 1414 953; x_wconf 91' lang='lat' dir='ltr'>modo</span> <span class='ocrx_word' id='word_1_78' title='bbox 1437 892 1553 975; x_wconf 87' lang='lat' dir='ltr'>sucrum</span> <span class='ocrx_word' id='word_1_79' title='bbox 1570 895 1702 955; x_wconf 86' lang='lat' dir='ltr'>intendit</span> <span class='ocrx_word' id='word_1_80' title='bbox 1727 912 1767 956; x_wconf 82' lang='lat' dir='ltr'>ex</span> <span class='ocrx_word' id='word_1_81' title='bbox 1788 915 1898 960; x_wconf 88' lang='lat' dir='ltr'>mutuo</span> <span class='ocrx_word' id='word_1_82' title='bbox 1914 944 1936 973; x_wconf 60' lang='lat'>,‚</span> 
     </span>
     <span class='ocr_line' id='line_1_11' title="bbox 353 970 1607 1053; baseline -0.01 -11"><span class='ocrx_word' id='word_1_83' title='bbox 353 977 418 1042; x_wconf 74' lang='lat' dir='ltr'>tius</span> <span class='ocrx_word' id='word_1_84' title='bbox 454 995 491 1038; x_wconf 95' lang='lat' dir='ltr'>ro</span> <span class='ocrx_word' id='word_1_85' title='bbox 508 971 563 1035; x_wconf 87' lang='lat' dir='ltr'>tali</span> <span class='ocrx_word' id='word_1_86' title='bbox 581 973 719 1046; x_wconf 89' lang='lat' dir='ltr'>damno,</span> <span class='ocrx_word' id='word_1_87' title='bbox 749 971 827 1048; x_wconf 86' lang='lat' dir='ltr'>quod</span> <span class='ocrx_word' id='word_1_88' title='bbox 849 971 1014 1053; x_wconf 82' lang='lat' dir='ltr'>prudenter</span> <span class='ocrx_word' id='word_1_89' title='bbox 1030 976 1121 1036; x_wconf 89' lang='lat' dir='ltr'>time·</span> <span class='ocrx_word' id='word_1_90' title='bbox 1158 970 1327 1035; x_wconf 87' lang='lat' dir='ltr'>habendum</span> <span class='ocrx_word' id='word_1_91' title='bbox 1347 973 1407 1034; x_wconf 90' lang='lat' dir='ltr'>elle</span> <span class='ocrx_word' id='word_1_92' title='bbox 1425 971 1607 1033; x_wconf 82' lang='lat' dir='ltr'>usurarium.</span> 
     </span>
     <span class='ocr_line' id='line_1_12' title="bbox 353 1049 1118 1128; baseline -0.01 -7"><span class='ocrx_word' id='word_1_93' title='bbox 353 1071 407 1121; x_wconf 88' lang='lat' dir='ltr'>tur</span> <span class='ocrx_word' id='word_1_94' title='bbox 473 1054 538 1118; x_wconf 88' lang='lat' dir='ltr'>ussa</span> <span class='ocrx_word' id='word_1_95' title='bbox 562 1051 677 1117; x_wconf 86' lang='lat' dir='ltr'>summa</span> <span class='ocrx_word' id='word_1_96' title='bbox 702 1052 806 1128; x_wconf 90' lang='lat' dir='ltr'>pacisci</span> <span class='ocrx_word' id='word_1_97' title='bbox 836 1052 944 1128; x_wconf 90' lang='lat' dir='ltr'>nolit,</span> <span class='ocrx_word' id='word_1_98' title='bbox 966 1049 1118 1116; x_wconf 88' lang='lat' dir='ltr'>seddicat</span> 
     </span>
     <span class='ocr_line' id='line_1_13' title="bbox 353 1126 1613 1214; baseline -0.01 -14"><span class='ocrx_word' id='word_1_99' title='bbox 353 1133 386 1200; x_wconf 87' lang='lat' dir='ltr'>se</span> <span class='ocrx_word' id='word_1_100' title='bbox 405 1133 614 1214; x_wconf 71' lang='lat' dir='ltr'>reputaturum</span> <span class='ocrx_word' id='word_1_101' title='bbox 634 1130 777 1194; x_wconf 82' lang='lat' dir='ltr'>damnum</span> <span class='ocrx_word' id='word_1_102' title='bbox 792 1146 894 1194; x_wconf 91' lang='lat' dir='ltr'>totum</span> <span class='ocrx_word' id='word_1_103' title='bbox 918 1130 997 1207; x_wconf 88' lang='lat' dir='ltr'>quod</span> <span class='ocrx_word' id='word_1_104' title='bbox 1022 1150 1118 1194; x_wconf 88' lang='lat' dir='ltr'>emer·</span> <span class='ocrx_word' id='word_1_105' title='bbox 1459 1132 1487 1193; x_wconf 66' lang='lat'>5.</span> <span class='ocrx_word' id='word_1_106' title='bbox 1530 1126 1613 1189; x_wconf 91' lang='lat' dir='ltr'>Vll.</span> 
     </span>
     <span class='ocr_line' id='line_1_14' title="bbox 351 1205 1892 1325; baseline 0.005 -17"><span class='ocrx_word' id='word_1_107' title='bbox 351 1235 423 1297; x_wconf 56' lang='grc' dir='ltr'>ΒΜ</span> <span class='ocrx_word' id='word_1_108' title='bbox 443 1210 554 1309; x_wconf 49' lang='lat' dir='ltr'>Wffiti</span> <span class='ocrx_word' id='word_1_109' title='bbox 569 1217 615 1277; x_wconf 52' lang='grc' dir='ltr'><strong><em>Μ</em></strong></span> <span class='ocrx_word' id='word_1_110' title='bbox 631 1231 667 1276; x_wconf 67' lang='lat' dir='ltr'><strong>m</strong></span> <span class='ocrx_word' id='word_1_111' title='bbox 684 1205 706 1273; x_wconf 69' lang='lat' dir='ltr'>fi</span> <span class='ocrx_word' id='word_1_112' title='bbox 722 1209 842 1274; x_wconf 63' lang='lat' dir='ltr'><strong>”uuum</strong></span> <span class='ocrx_word' id='word_1_113' title='bbox 861 1211 1005 1273; x_wconf 71' lang='lat' dir='ltr'>d²m⁰⁰m</span> <span class='ocrx_word' id='word_1_114' title='bbox 1013 1232 1118 1325; x_wconf 54' lang='lat' dir='ltr'>mut]</span> <span class='ocrx_word' id='word_1_115' title='bbox 1195 1247 1238 1306; x_wconf 81' lang='lat' dir='ltr'>De</span> <span class='ocrx_word' id='word_1_116' title='bbox 1250 1237 1424 1324; x_wconf 74' lang='lat' dir='ltr'>sufficientia</span> <span class='ocrx_word' id='word_1_117' title='bbox 1434 1241 1518 1308; x_wconf 72' lang='lat' dir='ltr'>illusi</span> <span class='ocrx_word' id='word_1_118' title='bbox 1529 1244 1670 1324; x_wconf 72' lang='lat' dir='ltr'>gratuito·</span> <span class='ocrx_word' id='word_1_119' title='bbox 1678 1247 1892 1315; x_wconf 74' lang='lat' dir='ltr'>donarionirad</span> 
     </span>
     <span class='ocr_line' id='line_1_15' title="bbox 352 1288 1802 1390; baseline -0.012 -30"><span class='ocrx_word' id='word_1_120' title='bbox 352 1311 424 1374; x_wconf 78' lang='lat' dir='ltr'>tat,</span> <span class='ocrx_word' id='word_1_121' title='bbox 443 1291 519 1357; x_wconf 76' lang='lat' dir='ltr'>mirri</span> <span class='ocrx_word' id='word_1_122' title='bbox 538 1294 624 1369; x_wconf 84' lang='lat' dir='ltr'>supra</span> <span class='ocrx_word' id='word_1_123' title='bbox 650 1289 766 1355; x_wconf 87' lang='lat' dir='ltr'>sortem</span> <span class='ocrx_word' id='word_1_124' title='bbox 783 1288 922 1364; x_wconf 65' lang='lat' dir='ltr'>pressare</span> <span class='ocrx_word' id='word_1_125' title='bbox 938 1307 1118 1367; x_wconf 82' lang='lat' dir='ltr'>teneatur,</span> <span class='ocrx_word' id='word_1_126' title='bbox 1319 1323 1352 1332; x_wconf 92' lang='lat'>··</span> <span class='ocrx_word' id='word_1_127' title='bbox 1368 1324 1410 1386; x_wconf 63' lang='lat' dir='ltr'>nd</span> <span class='ocrx_word' id='word_1_128' title='bbox 1537 1324 1556 1390; x_wconf 64' lang='lat' dir='ltr'><em>b</em></span> <span class='ocrx_word' id='word_1_129' title='bbox 1663 1325 1667 1334; x_wconf 85' lang='lat'>·</span> <span class='ocrx_word' id='word_1_130' title='bbox 1751 1331 1754 1338; x_wconf 94' lang='lat'><em>.</em></span> <span class='ocrx_word' id='word_1_131' title='bbox 1797 1333 1802 1342; x_wconf 95' lang='lat'>.</span> 
     </span>
     <span class='ocr_line' id='line_1_16' title="bbox 354 1330 1825 1482; baseline -0.009 -42"><span class='ocrx_word' id='word_1_132' title='bbox 354 1375 419 1440; x_wconf 74' lang='lat' dir='ltr'>tale</span> <span class='ocrx_word' id='word_1_133' title='bbox 435 1369 553 1452; x_wconf 69' lang='lat' dir='ltr'>pastum</span> <span class='ocrx_word' id='word_1_134' title='bbox 568 1387 678 1448; x_wconf 80' lang='lat' dir='ltr'>utpote</span> <span class='ocrx_word' id='word_1_135' title='bbox 696 1367 901 1448; x_wconf 78' lang='lat' dir='ltr'>iustissimum,</span> <span class='ocrx_word' id='word_1_136' title='bbox 918 1371 1119 1446; x_wconf 86' lang='lat' dir='ltr'>reiicinequit</span> <span class='ocrx_word' id='word_1_137' title='bbox 1265 1341 1368 1464; x_wconf 50' lang='lat' dir='ltr'>mm}</span> <span class='ocrx_word' id='word_1_138' title='bbox 1409 1345 1462 1465; x_wconf 54' lang='lat' dir='ltr'>un}</span> <span class='ocrx_word' id='word_1_139' title='bbox 1479 1344 1536 1482; x_wconf 59' lang='lat' dir='ltr'>“s</span> <span class='ocrx_word' id='word_1_140' title='bbox 1557 1345 1588 1389; x_wconf 74' lang='lat'>⁰⁶</span> <span class='ocrx_word' id='word_1_141' title='bbox 1604 1339 1697 1401; x_wconf 62' lang='lat' dir='ltr'>“pm</span> <span class='ocrx_word' id='word_1_142' title='bbox 1711 1330 1825 1408; x_wconf 59' lang='lat' dir='ltr'>“hs&#39;&#39;&#39;d</span> 
     </span>
     <span class='ocr_line' id='line_1_17' title="bbox 353 1407 1802 1535; baseline -0.01 -12"><span class='ocrx_word' id='word_1_143' title='bbox 353 1469 569 1522; x_wconf 75' lang='lat' dir='ltr'>orotrtoatore</span> <span class='ocrx_word' id='word_1_144' title='bbox 585 1499 594 1527; x_wconf 96' lang='lat'>,</span> <span class='ocrx_word' id='word_1_145' title='bbox 609 1449 658 1512; x_wconf 89' lang='lat' dir='ltr'>s&#39;ed</span> <span class='ocrx_word' id='word_1_146' title='bbox 676 1446 773 1512; x_wconf 90' lang='lat' dir='ltr'>solum</span> <span class='ocrx_word' id='word_1_147' title='bbox 790 1446 886 1525; x_wconf 88' lang='lat' dir='ltr'>potesl</span> <span class='ocrx_word' id='word_1_148' title='bbox 908 1467 961 1526; x_wconf 91' lang='lat' dir='ltr'>pro</span> <span class='ocrx_word' id='word_1_149' title='bbox 989 1446 1070 1513; x_wconf 90' lang='lat' dir='ltr'>sorte</span> <span class='ocrx_word' id='word_1_150' title='bbox 1085 1449 1119 1514; x_wconf 84' lang='lat' dir='ltr'>dt</span> <span class='ocrx_word' id='word_1_151' title='bbox 1361 1424 1499 1535; x_wconf 38' lang='lat'>”,”’·⁸¹·‘⁰</span> <span class='ocrx_word' id='word_1_152' title='bbox 1532 1407 1738 1484; x_wconf 56' lang='lat' dir='ltr'>&#39;‘ms‘&#39;&#39;&#39;fm‘</span> <span class='ocrx_word' id='word_1_153' title='bbox 1765 1528 1768 1535; x_wconf 90' lang='lat'>.</span> <span class='ocrx_word' id='word_1_154' title='bbox 1795 1524 1802 1534; x_wconf 22' lang='grc' dir='ltr'>ἱ</span> 
     </span>
     <span class='ocr_line' id='line_1_18' title="bbox 350 1516 1925 1614; baseline 0.004 -21"><span class='ocrx_word' id='word_1_155' title='bbox 350 1531 463 1600; x_wconf 70' lang='lat' dir='ltr'>dam</span> <span class='ocrx_word' id='word_1_156' title='bbox 482 1528 704 1595; x_wconf 70' lang='lat' dir='ltr'>siderationem</span> <span class='ocrx_word' id='word_1_157' title='bbox 724 1547 846 1603; x_wconf 77' lang='lat' dir='ltr'>perere.</span> <span class='ocrx_word' id='word_1_158' title='bbox 869 1527 1119 1592; x_wconf 75' lang='lat' dir='ltr'>sinistrarum-</span> <span class='ocrx_word' id='word_1_159' title='bbox 1159 1601 1164 1612; x_wconf 53' lang='grc'><strong>,</strong></span> <span class='ocrx_word' id='word_1_160' title='bbox 1195 1516 1290 1582; x_wconf 80' lang='lat' dir='ltr'>Nossa</span> <span class='ocrx_word' id='word_1_161' title='bbox 1310 1538 1446 1584; x_wconf 74' lang='lat' dir='ltr'>occurrit</span> <span class='ocrx_word' id='word_1_162' title='bbox 1467 1539 1549 1614; x_wconf 77' lang='lat' dir='ltr'>mter</span> <span class='ocrx_word' id='word_1_163' title='bbox 1565 1521 1711 1586; x_wconf 76' lang='lat' dir='ltr'>notiores</span> <span class='ocrx_word' id='word_1_164' title='bbox 1740 1525 1925 1600; x_wconf 64' lang='lat' dir='ltr'>difficultas,</span> 
     </span>
     <span class='ocr_line' id='line_1_19' title="bbox 352 1605 1925 1692; baseline -0.005 -14"><span class='ocrx_word' id='word_1_165' title='bbox 352 1614 505 1680; x_wconf 75' lang='lat' dir='ltr'>tuatttiut</span> <span class='ocrx_word' id='word_1_166' title='bbox 526 1609 634 1688; x_wconf 78' lang='lat' dir='ltr'>pacisci</span> <span class='ocrx_word' id='word_1_167' title='bbox 651 1608 729 1672; x_wconf 89' lang='lat' dir='ltr'>velit</span> <span class='ocrx_word' id='word_1_168' title='bbox 748 1609 787 1672; x_wconf 86' lang='lat' dir='ltr'>de</span> <span class='ocrx_word' id='word_1_169' title='bbox 807 1606 907 1685; x_wconf 78' lang='lat' dir='ltr'>aliqua</span> <span class='ocrx_word' id='word_1_170' title='bbox 929 1605 1041 1672; x_wconf 87' lang='lat' dir='ltr'>summa</span> <span class='ocrx_word' id='word_1_171' title='bbox 1050 1627 1117 1673; x_wconf 88' lang='lat' dir='ltr'>eto·</span> <span class='ocrx_word' id='word_1_172' title='bbox 1157 1619 1218 1663; x_wconf 75' lang='lat' dir='ltr'>smo</span> <span class='ocrx_word' id='word_1_173' title='bbox 1246 1617 1353 1692; x_wconf 77' lang='lat' dir='ltr'>omnes</span> <span class='ocrx_word' id='word_1_174' title='bbox 1380 1618 1537 1665; x_wconf 82' lang='lat' dir='ltr'>unanimes</span> <span class='ocrx_word' id='word_1_175' title='bbox 1559 1607 1750 1667; x_wconf 89' lang='lat' dir='ltr'>conveniunt</span> <span class='ocrx_word' id='word_1_176' title='bbox 1796 1609 1875 1681; x_wconf 87' lang='lat' dir='ltr'>quod</span> <span class='ocrx_word' id='word_1_177' title='bbox 1905 1607 1925 1670; x_wconf 83' lang='lat' dir='ltr'>si</span> 
     </span>
     <span class='ocr_line' id='line_1_20' title="bbox 350 1680 1927 1772; baseline -0.004 -16"><span class='ocrx_word' id='word_1_178' title='bbox 350 1691 451 1772; x_wconf 63' lang='lat' dir='ltr'>gurda</span> <span class='ocrx_word' id='word_1_179' title='bbox 467 1690 582 1755; x_wconf 86' lang='lat' dir='ltr'>iudicio</span> <span class='ocrx_word' id='word_1_180' title='bbox 609 1686 747 1766; x_wconf 79' lang='lat' dir='ltr'>prudenti</span> <span class='ocrx_word' id='word_1_181' title='bbox 765 1703 895 1765; x_wconf 84' lang='lat' dir='ltr'>taxata,</span> <span class='ocrx_word' id='word_1_182' title='bbox 918 1685 1118 1753; x_wconf 88' lang='lat' dir='ltr'>srvecontin·</span> <span class='ocrx_word' id='word_1_183' title='bbox 1156 1687 1360 1771; x_wconf 75' lang='lat' dir='ltr'>mutuatarius</span> <span class='ocrx_word' id='word_1_184' title='bbox 1390 1684 1421 1743; x_wconf 89' lang='lat' dir='ltr'>in</span> <span class='ocrx_word' id='word_1_185' title='bbox 1462 1680 1612 1745; x_wconf 89' lang='lat' dir='ltr'>reddendo</span> <span class='ocrx_word' id='word_1_186' title='bbox 1641 1702 1750 1747; x_wconf 92' lang='lat' dir='ltr'>mutuo</span> <span class='ocrx_word' id='word_1_187' title='bbox 1776 1705 1816 1747; x_wconf 80' lang='lat' dir='ltr'>cx</span> <span class='ocrx_word' id='word_1_188' title='bbox 1845 1707 1927 1751; x_wconf 86' lang='lat' dir='ltr'>mera</span> 
     </span>
     <span class='ocr_line' id='line_1_21' title="bbox 351 1757 1925 1852; baseline -0.004 -16"><span class='ocrx_word' id='word_1_189' title='bbox 351 1787 407 1852; x_wconf 68' lang='lat' dir='ltr'>gat</span> <span class='ocrx_word' id='word_1_190' title='bbox 425 1768 569 1834; x_wconf 85' lang='lat' dir='ltr'>damnum</span> <span class='ocrx_word' id='word_1_191' title='bbox 585 1787 669 1831; x_wconf 88' lang='lat' dir='ltr'>emer</span> <span class='ocrx_word' id='word_1_192' title='bbox 687 1787 758 1842; x_wconf 87' lang='lat' dir='ltr'>ere,</span> <span class='ocrx_word' id='word_1_193' title='bbox 777 1767 829 1832; x_wconf 86' lang='lat' dir='ltr'>ves</span> <span class='ocrx_word' id='word_1_194' title='bbox 850 1787 931 1844; x_wconf 89' lang='lat' dir='ltr'>non,</span> <span class='ocrx_word' id='word_1_195' title='bbox 955 1767 1042 1831; x_wconf 88' lang='lat' dir='ltr'>srcuri</span> <span class='ocrx_word' id='word_1_196' title='bbox 1067 1765 1118 1833; x_wconf 84' lang='lat' dir='ltr'>sae·</span> <span class='ocrx_word' id='word_1_197' title='bbox 1156 1757 1206 1821; x_wconf 90' lang='lat' dir='ltr'>sua</span> <span class='ocrx_word' id='word_1_198' title='bbox 1223 1757 1435 1850; x_wconf 72' lang='lat' dir='ltr'>gratrtudine,</span> <span class='ocrx_word' id='word_1_199' title='bbox 1466 1758 1500 1825; x_wconf 79' lang='lat' dir='ltr'>dt</span> <span class='ocrx_word' id='word_1_200' title='bbox 1519 1759 1704 1823; x_wconf 88' lang='lat' dir='ltr'>liberalitate</span> <span class='ocrx_word' id='word_1_201' title='bbox 1735 1764 1829 1828; x_wconf 91' lang='lat' dir='ltr'>donet</span> <span class='ocrx_word' id='word_1_202' title='bbox 1862 1787 1925 1830; x_wconf 91' lang='lat' dir='ltr'>mu·</span> 
     </span>
     <span class='ocr_line' id='line_1_22' title="bbox 350 1838 1925 1932; baseline -0.001 -20"><span class='ocrx_word' id='word_1_203' title='bbox 350 1869 390 1928; x_wconf 88' lang='lat' dir='ltr'>pe</span> <span class='ocrx_word' id='word_1_204' title='bbox 410 1847 518 1928; x_wconf 64' lang='lat' dir='ltr'>sapius</span> <span class='ocrx_word' id='word_1_205' title='bbox 543 1846 611 1912; x_wconf 85' lang='lat' dir='ltr'>sieri</span> <span class='ocrx_word' id='word_1_206' title='bbox 637 1843 732 1925; x_wconf 90' lang='lat' dir='ltr'>soet,</span> <span class='ocrx_word' id='word_1_207' title='bbox 755 1862 916 1912; x_wconf 86' lang='lat' dir='ltr'>mutuatur</span> <span class='ocrx_word' id='word_1_208' title='bbox 937 1850 1014 1911; x_wconf 88' lang='lat' dir='ltr'>hanc</span> <span class='ocrx_word' id='word_1_209' title='bbox 1033 1846 1117 1911; x_wconf 85' lang='lat' dir='ltr'>obla·</span> <span class='ocrx_word' id='word_1_210' title='bbox 1157 1855 1272 1902; x_wconf 73' lang='lat' dir='ltr'>tu²t⁰1¹</span> <span class='ocrx_word' id='word_1_211' title='bbox 1304 1838 1469 1932; x_wconf 50' lang='lat' dir='ltr'>quidquam</span> <span class='ocrx_word' id='word_1_212' title='bbox 1501 1844 1602 1915; x_wconf 80' lang='lat' dir='ltr'>pretio</span> <span class='ocrx_word' id='word_1_213' title='bbox 1639 1839 1815 1928; x_wconf 85' lang='lat' dir='ltr'>aeslimabile</span> <span class='ocrx_word' id='word_1_214' title='bbox 1838 1843 1925 1922; x_wconf 82' lang='lat' dir='ltr'>supra</span> 
     </span>
     <span class='ocr_line' id='line_1_23' title="bbox 352 1914 1927 2014; baseline 0.001 -20"><span class='ocrx_word' id='word_1_215' title='bbox 352 1929 470 1994; x_wconf 89' lang='lat' dir='ltr'>tionem</span> <span class='ocrx_word' id='word_1_216' title='bbox 490 1926 652 1992; x_wconf 84' lang='lat' dir='ltr'>admittere</span> <span class='ocrx_word' id='word_1_217' title='bbox 669 1945 729 1990; x_wconf 90' lang='lat' dir='ltr'>non</span> <span class='ocrx_word' id='word_1_218' title='bbox 744 1943 883 2004; x_wconf 90' lang='lat' dir='ltr'>tenetur,</span> <span class='ocrx_word' id='word_1_219' title='bbox 907 1922 958 1991; x_wconf 90' lang='lat' dir='ltr'>sed</span> <span class='ocrx_word' id='word_1_220' title='bbox 974 1926 1119 2004; x_wconf 89' lang='lat' dir='ltr'>ipsequo·</span> <span class='ocrx_word' id='word_1_221' title='bbox 1155 1914 1291 1993; x_wconf 70' lang='lat' dir='ltr'>sortem.</span> <span class='ocrx_word' id='word_1_222' title='bbox 1323 1937 1472 2010; x_wconf 60' lang='grc' dir='ltr'>Ρηςψῌθ</span> <span class='ocrx_word' id='word_1_223' title='bbox 1498 1919 1616 1994; x_wconf 61' lang='lat' dir='ltr'>quintio</span> <span class='ocrx_word' id='word_1_224' title='bbox 1647 1923 1753 2005; x_wconf 77' lang='lat' dir='ltr'>apsque</span> <span class='ocrx_word' id='word_1_225' title='bbox 1778 1943 1860 2014; x_wconf 68' lang='lat' dir='ltr'>¹nota</span> <span class='ocrx_word' id='word_1_226' title='bbox 1880 1921 1927 1988; x_wconf 83' lang='lat' dir='ltr'>os·</span> 
     </span>
     <span class='ocr_line' id='line_1_24' title="bbox 348 1994 1925 2086; baseline -0.003 -15"><span class='ocrx_word' id='word_1_227' title='bbox 348 2025 410 2086; x_wconf 76' lang='lat' dir='ltr'>que</span> <span class='ocrx_word' id='word_1_228' title='bbox 428 2005 617 2086; x_wconf 70' lang='lat' dir='ltr'>pretendere</span> <span class='ocrx_word' id='word_1_229' title='bbox 634 2003 730 2081; x_wconf 89' lang='lat' dir='ltr'>potesl</span> <span class='ocrx_word' id='word_1_230' title='bbox 746 2023 783 2072; x_wconf 91' lang='lat' dir='ltr'>ut</span> <span class='ocrx_word' id='word_1_231' title='bbox 803 2009 835 2068; x_wconf 91' lang='lat' dir='ltr'>in</span> <span class='ocrx_word' id='word_1_232' title='bbox 856 2023 926 2071; x_wconf 89' lang='lat' dir='ltr'>toto</span> <span class='ocrx_word' id='word_1_233' title='bbox 942 2006 1056 2072; x_wconf 84' lang='lat' dir='ltr'>damno</span> <span class='ocrx_word' id='word_1_234' title='bbox 1074 2026 1118 2070; x_wconf 91' lang='lat' dir='ltr'>re·</span> <span class='ocrx_word' id='word_1_235' title='bbox 1156 1995 1247 2078; x_wconf 79' lang='lat' dir='ltr'>sensae</span> <span class='ocrx_word' id='word_1_236' title='bbox 1264 1994 1404 2061; x_wconf 85' lang='lat' dir='ltr'>donatori</span> <span class='ocrx_word' id='word_1_237' title='bbox 1435 2016 1577 2076; x_wconf 76' lang='lat' dir='ltr'>irrogatae</span> <span class='ocrx_word' id='word_1_238' title='bbox 1607 2005 1743 2074; x_wconf 90' lang='lat' dir='ltr'>respuere</span> <span class='ocrx_word' id='word_1_239' title='bbox 1775 2003 1851 2067; x_wconf 85' lang='lat' dir='ltr'>illud</span> <span class='ocrx_word' id='word_1_240' title='bbox 1874 2025 1925 2068; x_wconf 88' lang='lat' dir='ltr'>nc·</span> 
     </span>
     <span class='ocr_line' id='line_1_25' title="bbox 351 2079 1926 2168; baseline -0.003 -18"><span class='ocrx_word' id='word_1_241' title='bbox 351 2087 542 2168; x_wconf 70' lang='lat' dir='ltr'>integretur,</span> <span class='ocrx_word' id='word_1_242' title='bbox 564 2083 584 2149; x_wconf 90' lang='lat' dir='ltr'>sr</span> <span class='ocrx_word' id='word_1_243' title='bbox 605 2089 752 2162; x_wconf 80' lang='lat' dir='ltr'>eveniat,</span> <span class='ocrx_word' id='word_1_244' title='bbox 769 2103 825 2150; x_wconf 91' lang='lat' dir='ltr'>aut</span> <span class='ocrx_word' id='word_1_245' title='bbox 842 2084 916 2150; x_wconf 88' lang='lat' dir='ltr'>nihil</span> <span class='ocrx_word' id='word_1_246' title='bbox 936 2083 1118 2165; x_wconf 80' lang='lat' dir='ltr'>praetersor·</span> <span class='ocrx_word' id='word_1_247' title='bbox 1155 2094 1247 2154; x_wconf 88' lang='lat' dir='ltr'>queat</span> <span class='ocrx_word' id='word_1_248' title='bbox 1268 2093 1452 2155; x_wconf 60' lang='lat' dir='ltr'>mutum,</span> <span class='ocrx_word' id='word_1_249' title='bbox 1486 2079 1534 2141; x_wconf 65' lang='lat'>¹¹5⁰</span> <span class='ocrx_word' id='word_1_250' title='bbox 1556 2097 1642 2141; x_wconf 68' lang='grc' dir='ltr'>((’ῐῐθ</span> <span class='ocrx_word' id='word_1_251' title='bbox 1660 2099 1784 2155; x_wconf 70' lang='lat' dir='ltr'>peccare</span> <span class='ocrx_word' id='word_1_252' title='bbox 1803 2102 1866 2147; x_wconf 88' lang='lat' dir='ltr'>oon</span> <span class='ocrx_word' id='word_1_253' title='bbox 1884 2089 1926 2147; x_wconf 87' lang='lat' dir='ltr'>vi·</span> 
     </span>
     <span class='ocr_line' id='line_1_26' title="bbox 351 2153 1926 2244; baseline -0.005 -14"><span class='ocrx_word' id='word_1_254' title='bbox 351 2181 437 2244; x_wconf 88' lang='lat' dir='ltr'>tem,</span> <span class='ocrx_word' id='word_1_255' title='bbox 452 2163 473 2229; x_wconf 88' lang='lat' dir='ltr'>st</span> <span class='ocrx_word' id='word_1_256' title='bbox 491 2187 551 2230; x_wconf 91' lang='lat' dir='ltr'>non</span> <span class='ocrx_word' id='word_1_257' title='bbox 571 2169 717 2242; x_wconf 84' lang='lat' dir='ltr'>eveniat,</span> <span class='ocrx_word' id='word_1_258' title='bbox 739 2170 766 2229; x_wconf 88' lang='lat' dir='ltr'>ei</span> <span class='ocrx_word' id='word_1_259' title='bbox 785 2166 960 2230; x_wconf 89' lang='lat' dir='ltr'>tribuatur.</span> <span class='ocrx_word' id='word_1_260' title='bbox 987 2163 1118 2244; x_wconf 84' lang='lat' dir='ltr'>Quodsi</span> <span class='ocrx_word' id='word_1_261' title='bbox 1155 2156 1243 2221; x_wconf 88' lang='lat' dir='ltr'>detur</span> <span class='ocrx_word' id='word_1_262' title='bbox 1259 2153 1463 2221; x_wconf 85' lang='lat' dir='ltr'>huiuscemodi</span> <span class='ocrx_word' id='word_1_263' title='bbox 1487 2177 1612 2222; x_wconf 87' lang='lat' dir='ltr'>munera</span> <span class='ocrx_word' id='word_1_264' title='bbox 1630 2159 1832 2238; x_wconf 89' lang='lat' dir='ltr'>accipiendo,</span> <span class='ocrx_word' id='word_1_265' title='bbox 1858 2183 1926 2229; x_wconf 82' lang='lat' dir='ltr'>tum</span> 
     </span>
     <span class='ocr_line' id='line_1_27' title="bbox 349 2234 1926 2324; baseline 0 -16"><span class='ocrx_word' id='word_1_266' title='bbox 349 2246 437 2311; x_wconf 92' lang='lat' dir='ltr'>illam</span> <span class='ocrx_word' id='word_1_267' title='bbox 451 2247 662 2312; x_wconf 88' lang='lat' dir='ltr'>conditionem</span> <span class='ocrx_word' id='word_1_268' title='bbox 678 2263 837 2324; x_wconf 79' lang='lat' dir='ltr'>acceptet,</span> <span class='ocrx_word' id='word_1_269' title='bbox 861 2250 932 2322; x_wconf 81' lang='lat' dir='ltr'>quia</span> <span class='ocrx_word' id='word_1_270' title='bbox 954 2247 1120 2322; x_wconf 81' lang='lat' dir='ltr'>periculum</span> <span class='ocrx_word' id='word_1_271' title='bbox 1155 2234 1542 2301; x_wconf 81' lang='lat' dir='ltr'>mutuantcensendurnon</span> <span class='ocrx_word' id='word_1_272' title='bbox 1553 2237 1589 2302; x_wconf 79' lang='lat' dir='ltr'>sit</span> <span class='ocrx_word' id='word_1_273' title='bbox 1605 2237 1764 2304; x_wconf 76' lang='lat' dir='ltr'>deterioris</span> <span class='ocrx_word' id='word_1_274' title='bbox 1778 2243 1926 2308; x_wconf 88' lang='lat' dir='ltr'>conditio·</span> 
     </span>
     <span class='ocr_line' id='line_1_28' title="bbox 351 2317 1926 2407; baseline 0.007 -18"><span class='ocrx_word' id='word_1_275' title='bbox 351 2325 427 2390; x_wconf 84' lang='lat' dir='ltr'>illud</span> <span class='ocrx_word' id='word_1_276' title='bbox 443 2325 555 2390; x_wconf 87' lang='lat' dir='ltr'>iudicio</span> <span class='ocrx_word' id='word_1_277' title='bbox 577 2324 731 2401; x_wconf 70' lang='lat' dir='ltr'>Prudentis</span> <span class='ocrx_word' id='word_1_278' title='bbox 752 2331 832 2390; x_wconf 87' lang='lat' dir='ltr'>tanti</span> <span class='ocrx_word' id='word_1_279' title='bbox 858 2325 1047 2401; x_wconf 81' lang='lat' dir='ltr'>aessimatur,</span> <span class='ocrx_word' id='word_1_280' title='bbox 1067 2343 1114 2390; x_wconf 88' lang='lat' dir='ltr'>ta·</span> <span class='ocrx_word' id='word_1_281' title='bbox 1156 2321 1201 2380; x_wconf 67' lang='lat'>¹15⁸</span> <span class='ocrx_word' id='word_1_282' title='bbox 1215 2319 1286 2393; x_wconf 67' lang='lat'>&lt;1⁰5²</span> <span class='ocrx_word' id='word_1_283' title='bbox 1306 2334 1444 2380; x_wconf 90' lang='lat' dir='ltr'>mutuum</span> <span class='ocrx_word' id='word_1_284' title='bbox 1462 2318 1597 2393; x_wconf 90' lang='lat' dir='ltr'>dederit,</span> <span class='ocrx_word' id='word_1_285' title='bbox 1615 2338 1651 2383; x_wconf 63' lang='grc' dir='ltr'>ἃ(</span> <span class='ocrx_word' id='word_1_286' title='bbox 1672 2317 1700 2407; x_wconf 73' lang='lat' dir='ltr'>fi,</span> <span class='ocrx_word' id='word_1_287' title='bbox 1717 2338 1780 2383; x_wconf 77' lang='lat'>⁰⁰¹¹</span> <span class='ocrx_word' id='word_1_288' title='bbox 1790 2321 1926 2400; x_wconf 88' lang='lat' dir='ltr'>dedisset,</span> 
     </span>
     <span class='ocr_line' id='line_1_29' title="bbox 350 2394 1925 2494; baseline -0.001 -24"><span class='ocrx_word' id='word_1_289' title='bbox 350 2402 438 2470; x_wconf 79' lang='lat' dir='ltr'>mersi</span> <span class='ocrx_word' id='word_1_290' title='bbox 454 2405 599 2470; x_wconf 83' lang='lat' dir='ltr'>damnum</span> <span class='ocrx_word' id='word_1_291' title='bbox 616 2425 677 2465; x_wconf 89' lang='lat' dir='ltr'>non</span> <span class='ocrx_word' id='word_1_292' title='bbox 695 2424 851 2482; x_wconf 67' lang='lat' dir='ltr'>emeritae,</span> <span class='ocrx_word' id='word_1_293' title='bbox 877 2404 953 2467; x_wconf 90' lang='lat' dir='ltr'>iusle</span> <span class='ocrx_word' id='word_1_294' title='bbox 970 2405 1052 2467; x_wconf 89' lang='lat' dir='ltr'>issam</span> <span class='ocrx_word' id='word_1_295' title='bbox 1074 2427 1117 2468; x_wconf 89' lang='lat' dir='ltr'>re·</span> <span class='ocrx_word' id='word_1_296' title='bbox 1156 2398 1204 2461; x_wconf 73' lang='lat' dir='ltr'>sed</span> <span class='ocrx_word' id='word_1_297' title='bbox 1219 2394 1321 2490; x_wconf 61' lang='lat' dir='ltr'>mullo</span> <span class='ocrx_word' id='word_1_298' title='bbox 1335 2398 1496 2471; x_wconf 54' lang='lat' dir='ltr'>mellitis,</span> <span class='ocrx_word' id='word_1_299' title='bbox 1519 2418 1589 2461; x_wconf 75' lang='lat' dir='ltr'>tum</span> <span class='ocrx_word' id='word_1_300' title='bbox 1604 2398 1787 2462; x_wconf 56' lang='lat' dir='ltr'>benificium</span> <span class='ocrx_word' id='word_1_301' title='bbox 1802 2401 1925 2494; x_wconf 61' lang='lat' dir='ltr'>dignum</span> 
     </span>
     <span class='ocr_line' id='line_1_30' title="bbox 349 2473 1923 2569; baseline -0.001 -22"><span class='ocrx_word' id='word_1_302' title='bbox 349 2483 550 2562; x_wconf 71' lang='lat' dir='ltr'>tributionem</span> <span class='ocrx_word' id='word_1_303' title='bbox 567 2489 698 2548; x_wconf 89' lang='lat' dir='ltr'>retinere</span> <span class='ocrx_word' id='word_1_304' title='bbox 723 2483 835 2560; x_wconf 87' lang='lat' dir='ltr'>potest.</span> <span class='ocrx_word' id='word_1_305' title='bbox 864 2500 890 2565; x_wconf 85' lang='lat'>3.</span> <span class='ocrx_word' id='word_1_306' title='bbox 909 2484 954 2546; x_wconf 90' lang='lat' dir='ltr'>Ut</span> <span class='ocrx_word' id='word_1_307' title='bbox 976 2503 1118 2549; x_wconf 75' lang='lat' dir='ltr'>nrutnans</span> <span class='ocrx_word' id='word_1_308' title='bbox 1155 2476 1191 2540; x_wconf 85' lang='lat' dir='ltr'>stt</span> <span class='ocrx_word' id='word_1_309' title='bbox 1209 2492 1249 2569; x_wconf 78' lang='lat' dir='ltr'>ut</span> <span class='ocrx_word' id='word_1_310' title='bbox 1263 2496 1291 2538; x_wconf 89' lang='lat' dir='ltr'>er</span> <span class='ocrx_word' id='word_1_311' title='bbox 1315 2473 1550 2569; x_wconf 78' lang='lat' dir='ltr'>respondeantur</span> <span class='ocrx_word' id='word_1_312' title='bbox 1570 2476 1809 2568; x_wconf 72' lang='lat' dir='ltr'>gratificationis</span> <span class='ocrx_word' id='word_1_313' title='bbox 1830 2483 1923 2561; x_wconf 78' lang='lat' dir='ltr'>signa.</span> 
     </span>
     <span class='ocr_line' id='line_1_31' title="bbox 350 2551 1925 2644; baseline 0.004 -26"><span class='ocrx_word' id='word_1_314' title='bbox 350 2564 510 2642; x_wconf 69' lang='lat' dir='ltr'>expresse,</span> <span class='ocrx_word' id='word_1_315' title='bbox 532 2580 698 2639; x_wconf 75' lang='lat' dir='ltr'>antequam</span> <span class='ocrx_word' id='word_1_316' title='bbox 714 2583 856 2628; x_wconf 74' lang='lat' dir='ltr'>mertuum</span> <span class='ocrx_word' id='word_1_317' title='bbox 873 2566 942 2636; x_wconf 74' lang='lat' dir='ltr'>det,</span> <span class='ocrx_word' id='word_1_318' title='bbox 961 2584 1119 2631; x_wconf 62' lang='lat' dir='ltr'>menata-</span> <span class='ocrx_word' id='word_1_319' title='bbox 1155 2557 1273 2621; x_wconf 80' lang='lat' dir='ltr'>Idcirco</span> <span class='ocrx_word' id='word_1_320' title='bbox 1294 2551 1379 2616; x_wconf 82' lang='lat' dir='ltr'>sicuti</span> <span class='ocrx_word' id='word_1_321' title='bbox 1398 2561 1496 2644; x_wconf 61' lang='lat' dir='ltr'>sinon</span> <span class='ocrx_word' id='word_1_322' title='bbox 1518 2556 1642 2621; x_wconf 76' lang='lat' dir='ltr'>dedisset</span> <span class='ocrx_word' id='word_1_323' title='bbox 1662 2607 1672 2637; x_wconf 85' lang='lat'>,</span> <span class='ocrx_word' id='word_1_324' title='bbox 1691 2555 1795 2624; x_wconf 73' lang='lat' dir='ltr'>officia</span> <span class='ocrx_word' id='word_1_325' title='bbox 1816 2566 1925 2640; x_wconf 80' lang='lat' dir='ltr'>recipe·</span> 
     </span>
     <span class='ocr_line' id='line_1_32' title="bbox 354 2633 1927 2728; baseline -0.001 -20"><span class='ocrx_word' id='word_1_326' title='bbox 354 2645 433 2709; x_wconf 85' lang='lat' dir='ltr'>rium</span> <span class='ocrx_word' id='word_1_327' title='bbox 451 2659 640 2722; x_wconf 82' lang='lat' dir='ltr'>praemoneat</span> <span class='ocrx_word' id='word_1_328' title='bbox 669 2643 783 2728; x_wconf 81' lang='lat' dir='ltr'>detali</span> <span class='ocrx_word' id='word_1_329' title='bbox 808 2644 922 2708; x_wconf 88' lang='lat' dir='ltr'>damno</span> <span class='ocrx_word' id='word_1_330' title='bbox 944 2663 1119 2724; x_wconf 78' lang='lat' dir='ltr'>emergente</span> <span class='ocrx_word' id='word_1_331' title='bbox 1156 2658 1187 2700; x_wconf 89' lang='lat' dir='ltr'>re</span> <span class='ocrx_word' id='word_1_332' title='bbox 1214 2633 1309 2712; x_wconf 75' lang='lat' dir='ltr'>posset</span> <span class='ocrx_word' id='word_1_333' title='bbox 1338 2634 1549 2727; x_wconf 75' lang='lat' dir='ltr'>benencentiae</span> <span class='ocrx_word' id='word_1_334' title='bbox 1584 2656 1634 2712; x_wconf 86' lang='lat' dir='ltr'>per</span> <span class='ocrx_word' id='word_1_335' title='bbox 1663 2643 1927 2720; x_wconf 68' lang='lat' dir='ltr'>donapratuit13</span> 
     </span>
     <span class='ocr_line' id='line_1_33' title="bbox 354 2716 1926 2802; baseline -0.001 -14"><span class='ocrx_word' id='word_1_336' title='bbox 354 2722 586 2802; x_wconf 70' lang='lat' dir='ltr'>reintegrando,</span> <span class='ocrx_word' id='word_1_337' title='bbox 604 2722 676 2796; x_wconf 78' lang='lat' dir='ltr'>quia</span> <span class='ocrx_word' id='word_1_338' title='bbox 700 2721 801 2786; x_wconf 90' lang='lat' dir='ltr'>sorsan</span> <span class='ocrx_word' id='word_1_339' title='bbox 825 2727 1032 2789; x_wconf 72' lang='lat' dir='ltr'>mutuatarius</span> <span class='ocrx_word' id='word_1_340' title='bbox 1054 2746 1120 2787; x_wconf 90' lang='lat' dir='ltr'>mu·</span> <span class='ocrx_word' id='word_1_341' title='bbox 1154 2720 1198 2780; x_wconf 74' lang='lat' dir='ltr'>ita</span> <span class='ocrx_word' id='word_1_342' title='bbox 1218 2716 1317 2780; x_wconf 85' lang='lat' dir='ltr'>musto</span> <span class='ocrx_word' id='word_1_343' title='bbox 1337 2735 1431 2794; x_wconf 78' lang='lat' dir='ltr'>magn</span> <span class='ocrx_word' id='word_1_344' title='bbox 1463 2719 1598 2791; x_wconf 88' lang='lat' dir='ltr'>accipere</span> <span class='ocrx_word' id='word_1_345' title='bbox 1630 2716 1759 2797; x_wconf 83' lang='lat' dir='ltr'>potest,</span> <span class='ocrx_word' id='word_1_346' title='bbox 1785 2721 1926 2800; x_wconf 87' lang='lat' dir='ltr'>quiade·</span> 
     </span>
    </p>
   </div>
   <div class='ocr_carea' id='block_1_5' title="bbox 353 2794 2033 2880">
    <p class='ocr_par' dir='ltr' id='par_1_5' title="bbox 353 2794 2033 2880">
     <span class='ocr_line' id='line_1_34' title="bbox 353 2794 2033 2880; baseline -0.004 -13"><span class='ocrx_word' id='word_1_347' title='bbox 353 2815 441 2868; x_wconf 89' lang='lat' dir='ltr'>tuum</span> <span class='ocrx_word' id='word_1_348' title='bbox 455 2824 526 2867; x_wconf 88' lang='lat' dir='ltr'>cum</span> <span class='ocrx_word' id='word_1_349' title='bbox 547 2801 602 2864; x_wconf 88' lang='lat' dir='ltr'>tali</span> <span class='ocrx_word' id='word_1_350' title='bbox 623 2819 714 2864; x_wconf 90' lang='lat' dir='ltr'>onere</span> <span class='ocrx_word' id='word_1_351' title='bbox 747 2800 891 2880; x_wconf 82' lang='lat' dir='ltr'>suscipere</span> <span class='ocrx_word' id='word_1_352' title='bbox 921 2802 1018 2866; x_wconf 86' lang='lat' dir='ltr'>nosset</span> <span class='ocrx_word' id='word_1_353' title='bbox 1039 2851 1048 2880; x_wconf 95' lang='lat'>,</span> <span class='ocrx_word' id='word_1_354' title='bbox 1071 2803 1118 2867; x_wconf 89' lang='lat' dir='ltr'>sed</span> <span class='ocrx_word' id='word_1_355' title='bbox 1154 2796 1281 2871; x_wconf 57' lang='lat' dir='ltr'>diu&amp;</span> <span class='ocrx_word' id='word_1_356' title='bbox 1308 2794 1363 2857; x_wconf 89' lang='lat' dir='ltr'>hoc</span> <span class='ocrx_word' id='word_1_357' title='bbox 1387 2798 1472 2859; x_wconf 92' lang='lat' dir='ltr'>docet</span> <span class='ocrx_word' id='word_1_358' title='bbox 1503 2797 1652 2858; x_wconf 78' lang='lat' dir='ltr'>etiams.</span> <span class='ocrx_word' id='word_1_359' title='bbox 1686 2795 1820 2864; x_wconf 81' lang='lat' dir='ltr'>Thomas</span> <span class='ocrx_word' id='word_1_360' title='bbox 1842 2819 1871 2863; x_wconf 81' lang='lat' dir='ltr'>a.</span> <span class='ocrx_word' id='word_1_361' title='bbox 1896 2821 1924 2863; x_wconf 84' lang='lat' dir='ltr'>a.</span> <span class='ocrx_word' id='word_1_362' title='bbox 2030 2817 2033 2822; x_wconf 91' lang='lat'>·</span> 
     </span>
    </p>
   </div>
   <div class='ocr_carea' id='block_1_6' title="bbox 351 2875 1928 3038">
    <p class='ocr_par' dir='ltr' id='par_1_6' title="bbox 351 2875 1928 3038">
     <span class='ocr_line' id='line_1_35' title="bbox 351 2875 1928 2962; baseline -0.002 -16"><span class='ocrx_word' id='word_1_363' title='bbox 351 2885 463 2946; x_wconf 89' lang='lat' dir='ltr'>minori</span> <span class='ocrx_word' id='word_1_364' title='bbox 486 2903 554 2944; x_wconf 89' lang='lat' dir='ltr'>enm</span> <span class='ocrx_word' id='word_1_365' title='bbox 574 2879 730 2955; x_wconf 90' lang='lat' dir='ltr'>dispendio</span> <span class='ocrx_word' id='word_1_366' title='bbox 751 2884 813 2946; x_wconf 89' lang='lat' dir='ltr'>alio</span> <span class='ocrx_word' id='word_1_367' title='bbox 833 2884 924 2948; x_wconf 79' lang='lat' dir='ltr'>niodo</span> <span class='ocrx_word' id='word_1_368' title='bbox 945 2881 1033 2948; x_wconf 80' lang='lat' dir='ltr'>rebus</span> <span class='ocrx_word' id='word_1_369' title='bbox 1062 2883 1119 2947; x_wconf 81' lang='lat' dir='ltr'>suia</span> <span class='ocrx_word' id='word_1_370' title='bbox 1154 2877 1252 2955; x_wconf 75' lang='lat' dir='ltr'>qua-st.</span> <span class='ocrx_word' id='word_1_371' title='bbox 1271 2875 1319 2954; x_wconf 81' lang='lat'>78·</span> <span class='ocrx_word' id='word_1_372' title='bbox 1333 2886 1395 2961; x_wconf 62' lang='lat' dir='ltr'>eri.</span> <span class='ocrx_word' id='word_1_373' title='bbox 1418 2893 1446 2962; x_wconf 80' lang='lat'>².-</span> <span class='ocrx_word' id='word_1_374' title='bbox 1464 2877 1549 2937; x_wconf 88' lang='lat' dir='ltr'>cuius</span> <span class='ocrx_word' id='word_1_375' title='bbox 1572 2884 1637 2940; x_wconf 82' lang='lat' dir='ltr'>haec</span> <span class='ocrx_word' id='word_1_376' title='bbox 1655 2875 1724 2939; x_wconf 92' lang='lat' dir='ltr'>sunt</span> <span class='ocrx_word' id='word_1_377' title='bbox 1746 2879 1839 2943; x_wconf 83' lang='lat' dir='ltr'>verba</span> <span class='ocrx_word' id='word_1_378' title='bbox 1863 2905 1873 2942; x_wconf 91' lang='lat'>.·</span> <span class='ocrx_word' id='word_1_379' title='bbox 1895 2880 1928 2947; x_wconf 81' lang='lat' dir='ltr'>si</span> 
     </span>
     <span class='ocr_line' id='line_1_36' title="bbox 351 2953 1926 3038; baseline -0.002 -11"><span class='ocrx_word' id='word_1_380' title='bbox 351 2959 506 3027; x_wconf 72' lang='lat' dir='ltr'>conlisere</span> <span class='ocrx_word' id='word_1_381' title='bbox 530 2960 643 3024; x_wconf 84' lang='lat' dir='ltr'>vellet.</span> <span class='ocrx_word' id='word_1_382' title='bbox 662 2961 710 3025; x_wconf 86' lang='lat' dir='ltr'>Sic</span> <span class='ocrx_word' id='word_1_383' title='bbox 726 2967 950 3028; x_wconf 86' lang='lat' dir='ltr'>communiter.</span> <span class='ocrx_word' id='word_1_384' title='bbox 1154 2976 1229 3021; x_wconf 86' lang='lat' dir='ltr'>vero</span> <span class='ocrx_word' id='word_1_385' title='bbox 1247 2954 1370 3031; x_wconf 81' lang='lat' dir='ltr'>accipiar</span> <span class='ocrx_word' id='word_1_386' title='bbox 1390 2955 1508 3033; x_wconf 81' lang='lat' dir='ltr'>aliquid</span> <span class='ocrx_word' id='word_1_387' title='bbox 1520 2953 1686 3036; x_wconf 78' lang='lat' dir='ltr'>huirrsmodi</span> <span class='ocrx_word' id='word_1_388' title='bbox 1704 2979 1758 3021; x_wconf 82' lang='lat' dir='ltr'>noir</span> <span class='ocrx_word' id='word_1_389' title='bbox 1775 2960 1854 3038; x_wconf 75' lang='lat' dir='ltr'>qufi</span> <span class='ocrx_word' id='word_1_390' title='bbox 1862 2964 1926 3024; x_wconf 80' lang='lat' dir='ltr'>exi·</span> 
     </span>
    </p>
   </div>
   <div class='ocr_carea' id='block_1_7' title="bbox 390 3035 2038 3124">
    <p class='ocr_par' dir='ltr' id='par_1_7' title="bbox 390 3035 2038 3124">
     <span class='ocr_line' id='line_1_37' title="bbox 390 3035 2038 3124; baseline -0.002 -19"><span class='ocrx_word' id='word_1_391' title='bbox 390 3040 558 3119; x_wconf 77' lang='lat' dir='ltr'>Colligitur</span> <span class='ocrx_word' id='word_1_392' title='bbox 581 3059 714 3124; x_wconf 74' lang='lat' dir='ltr'>ergoet</span> <span class='ocrx_word' id='word_1_393' title='bbox 738 3043 824 3106; x_wconf 78' lang='lat' dir='ltr'>diliis</span> <span class='ocrx_word' id='word_1_394' title='bbox 849 3043 927 3119; x_wconf 82' lang='lat' dir='ltr'>quod</span> <span class='ocrx_word' id='word_1_395' title='bbox 958 3045 1115 3119; x_wconf 84' lang='lat' dir='ltr'>inquovis</span> <span class='ocrx_word' id='word_1_396' title='bbox 1150 3038 1407 3117; x_wconf 55' lang='lat' dir='ltr'>gemmatus</span> <span class='ocrx_word' id='word_1_397' title='bbox 1424 3038 1579 3111; x_wconf 74' lang='lat' dir='ltr'>exaliqua</span> <span class='ocrx_word' id='word_1_398' title='bbox 1609 3035 1780 3117; x_wconf 75' lang='lat' dir='ltr'>obligatione</span> <span class='ocrx_word' id='word_1_399' title='bbox 1807 3040 1926 3120; x_wconf 58' lang='lat' dir='ltr'>tadu,</span> <span class='ocrx_word' id='word_1_400' title='bbox 2034 3038 2038 3067; x_wconf 84' lang='lat'>·&#39;</span> 
     </span>
    </p>
   </div>
   <div class='ocr_carea' id='block_1_8' title="bbox 349 3111 1976 3915">
    <p class='ocr_par' dir='ltr' id='par_1_8' title="bbox 349 3111 1976 3915">
     <span class='ocr_line' id='line_1_38' title="bbox 351 3111 1927 3204; baseline -0.001 -18"><span class='ocrx_word' id='word_1_401' title='bbox 351 3138 461 3186; x_wconf 84' lang='lat' dir='ltr'>mutuo</span> <span class='ocrx_word' id='word_1_402' title='bbox 481 3119 588 3194; x_wconf 84' lang='lat' dir='ltr'>absque</span> <span class='ocrx_word' id='word_1_403' title='bbox 605 3116 682 3182; x_wconf 87' lang='lat' dir='ltr'>iuslo</span> <span class='ocrx_word' id='word_1_404' title='bbox 698 3123 794 3186; x_wconf 88' lang='lat' dir='ltr'>titulo</span> <span class='ocrx_word' id='word_1_405' title='bbox 816 3121 878 3186; x_wconf 86' lang='lat' dir='ltr'>sive</span> <span class='ocrx_word' id='word_1_406' title='bbox 899 3121 1059 3198; x_wconf 86' lang='lat' dir='ltr'>probabilis</span> <span class='ocrx_word' id='word_1_407' title='bbox 1071 3143 1119 3196; x_wconf 88' lang='lat' dir='ltr'>pe·</span> <span class='ocrx_word' id='word_1_408' title='bbox 1155 3119 1211 3180; x_wconf 85' lang='lat' dir='ltr'>vel</span> <span class='ocrx_word' id='word_1_409' title='bbox 1224 3111 1367 3203; x_wconf 68' lang='lat' dir='ltr'>expreffa,</span> <span class='ocrx_word' id='word_1_410' title='bbox 1384 3116 1438 3204; x_wconf 71' lang='lat' dir='ltr'>irai</span> <span class='ocrx_word' id='word_1_411' title='bbox 1451 3119 1528 3192; x_wconf 78' lang='lat' dir='ltr'>sicut</span> <span class='ocrx_word' id='word_1_412' title='bbox 1546 3117 1713 3193; x_wconf 74' lang='lat' dir='ltr'>protritum</span> <span class='ocrx_word' id='word_1_413' title='bbox 1722 3116 1852 3197; x_wconf 56' lang='lat' dir='ltr'>danum</span> <span class='ocrx_word' id='word_1_414' title='bbox 1872 3144 1927 3184; x_wconf 79' lang='lat' dir='ltr'>ron</span> 
     </span>
     <span class='ocr_line' id='line_1_39' title="bbox 351 3196 1929 3284; baseline -0.002 -19"><span class='ocrx_word' id='word_1_415' title='bbox 351 3198 440 3265; x_wconf 84' lang='lat' dir='ltr'>tituli</span> <span class='ocrx_word' id='word_1_416' title='bbox 459 3197 624 3263; x_wconf 80' lang='lat' dir='ltr'>extrinseci</span> <span class='ocrx_word' id='word_1_417' title='bbox 642 3196 757 3279; x_wconf 77' lang='lat' dir='ltr'>sortis,</span> <span class='ocrx_word' id='word_1_418' title='bbox 786 3202 837 3266; x_wconf 86' lang='lat' dir='ltr'>vel</span> <span class='ocrx_word' id='word_1_419' title='bbox 862 3204 934 3266; x_wconf 89' lang='lat' dir='ltr'>lucri</span> <span class='ocrx_word' id='word_1_420' title='bbox 956 3202 1122 3278; x_wconf 80' lang='lat' dir='ltr'>cessantis,</span> <span class='ocrx_word' id='word_1_421' title='bbox 1154 3208 1469 3284; x_wconf 61' lang='lat' dir='ltr'>peremptoriarum</span> <span class='ocrx_word' id='word_1_422' title='bbox 1497 3210 1656 3271; x_wconf 77' lang='lat' dir='ltr'>antequam</span> <span class='ocrx_word' id='word_1_423' title='bbox 1682 3198 1838 3274; x_wconf 81' lang='lat' dir='ltr'>pecuniam</span> <span class='ocrx_word' id='word_1_424' title='bbox 1863 3223 1929 3263; x_wconf 84' lang='lat' dir='ltr'>rrrrr·</span> 
     </span>
     <span class='ocr_line' id='line_1_40' title="bbox 350 3274 1930 3361; baseline 0.001 -18"><span class='ocrx_word' id='word_1_425' title='bbox 350 3280 404 3344; x_wconf 80' lang='lat' dir='ltr'>ves</span> <span class='ocrx_word' id='word_1_426' title='bbox 419 3278 521 3343; x_wconf 86' lang='lat' dir='ltr'>damni</span> <span class='ocrx_word' id='word_1_427' title='bbox 538 3297 604 3341; x_wconf 88' lang='lat' dir='ltr'>eme</span> <span class='ocrx_word' id='word_1_428' title='bbox 639 3281 718 3343; x_wconf 82' lang='lat' dir='ltr'>entis</span> <span class='ocrx_word' id='word_1_429' title='bbox 735 3282 876 3357; x_wconf 82' lang='lat' dir='ltr'>quidquid</span> <span class='ocrx_word' id='word_1_430' title='bbox 904 3281 990 3357; x_wconf 86' lang='lat' dir='ltr'>supra</span> <span class='ocrx_word' id='word_1_431' title='bbox 1007 3279 1120 3345; x_wconf 90' lang='lat' dir='ltr'>sortem</span> <span class='ocrx_word' id='word_1_432' title='bbox 1155 3274 1276 3356; x_wconf 64' lang='lat' dir='ltr'>lucin,</span> <span class='ocrx_word' id='word_1_433' title='bbox 1296 3276 1373 3339; x_wconf 83' lang='lat' dir='ltr'>lum</span> <span class='ocrx_word' id='word_1_434' title='bbox 1385 3288 1497 3353; x_wconf 78' lang='lat' dir='ltr'>poterat</span> <span class='ocrx_word' id='word_1_435' title='bbox 1516 3277 1635 3361; x_wconf 74' lang='lat' dir='ltr'>aliquod</span> <span class='ocrx_word' id='word_1_436' title='bbox 1647 3278 1757 3339; x_wconf 81' lang='lat' dir='ltr'>donum</span> <span class='ocrx_word' id='word_1_437' title='bbox 1767 3280 1930 3357; x_wconf 69' lang='lat' dir='ltr'>gratisne·</span> 
     </span>
     <span class='ocr_line' id='line_1_41' title="bbox 351 3354 1925 3445; baseline -0.001 -22"><span class='ocrx_word' id='word_1_438' title='bbox 351 3362 515 3439; x_wconf 75' lang='lat' dir='ltr'>exigatur,</span> <span class='ocrx_word' id='word_1_439' title='bbox 534 3356 576 3421; x_wconf 89' lang='lat' dir='ltr'>eil</span> <span class='ocrx_word' id='word_1_440' title='bbox 596 3362 784 3425; x_wconf 87' lang='lat' dir='ltr'>uurarium.</span> <span class='ocrx_word' id='word_1_441' title='bbox 806 3360 936 3437; x_wconf 66' lang='lat' dir='ltr'>Eretria</span> <span class='ocrx_word' id='word_1_442' title='bbox 958 3360 1121 3436; x_wconf 85' lang='lat' dir='ltr'>aliquando</span> <span class='ocrx_word' id='word_1_443' title='bbox 1155 3357 1262 3434; x_wconf 82' lang='lat' dir='ltr'>cipere,</span> <span class='ocrx_word' id='word_1_444' title='bbox 1283 3375 1333 3417; x_wconf 85' lang='lat' dir='ltr'>nec</span> <span class='ocrx_word' id='word_1_445' title='bbox 1349 3354 1455 3445; x_wconf 71' lang='lat' dir='ltr'>peioris</span> <span class='ocrx_word' id='word_1_446' title='bbox 1473 3354 1646 3419; x_wconf 78' lang='lat' dir='ltr'>conditionis</span> <span class='ocrx_word' id='word_1_447' title='bbox 1666 3356 1790 3439; x_wconf 76' lang='lat' dir='ltr'>efficitur</span> <span class='ocrx_word' id='word_1_448' title='bbox 1802 3358 1925 3438; x_wconf 72' lang='lat' dir='ltr'>prebor,</span> 
     </span>
     <span class='ocr_line' id='line_1_42' title="bbox 350 3436 1474 3525; baseline -0.004 -22"><span class='ocrx_word' id='word_1_449' title='bbox 350 3436 418 3505; x_wconf 77' lang='lat' dir='ltr'>brec</span> <span class='ocrx_word' id='word_1_450' title='bbox 444 3437 568 3515; x_wconf 80' lang='lat' dir='ltr'>palliare</span> <span class='ocrx_word' id='word_1_451' title='bbox 595 3441 748 3503; x_wconf 87' lang='lat' dir='ltr'>committi</span> <span class='ocrx_word' id='word_1_452' title='bbox 771 3438 868 3517; x_wconf 84' lang='lat' dir='ltr'>potesl</span> <span class='ocrx_word' id='word_1_453' title='bbox 895 3488 904 3518; x_wconf 90' lang='lat'>‚</span> <span class='ocrx_word' id='word_1_454' title='bbox 927 3439 996 3503; x_wconf 89' lang='lat' dir='ltr'>binc</span> <span class='ocrx_word' id='word_1_455' title='bbox 1019 3460 1120 3516; x_wconf 82' lang='lat' dir='ltr'>operae</span> <span class='ocrx_word' id='word_1_456' title='bbox 1154 3437 1232 3516; x_wconf 77' lang='lat' dir='ltr'>quod</span> <span class='ocrx_word' id='word_1_457' title='bbox 1245 3446 1416 3499; x_wconf 77' lang='lat' dir='ltr'>mutuavit.</span> <span class='ocrx_word' id='word_1_458' title='bbox 1467 3515 1474 3525; x_wconf 34' lang='lat'><strong>·</strong></span> 
     </span>
     <span class='ocr_line' id='line_1_43' title="bbox 350 3514 1931 3595; baseline 0.001 -14"><span class='ocrx_word' id='word_1_459' title='bbox 350 3520 485 3595; x_wconf 87' lang='lat' dir='ltr'>pretium</span> <span class='ocrx_word' id='word_1_460' title='bbox 503 3515 546 3580; x_wconf 85' lang='lat' dir='ltr'>est</span> <span class='ocrx_word' id='word_1_461' title='bbox 568 3537 623 3591; x_wconf 92' lang='lat' dir='ltr'>pro</span> <span class='ocrx_word' id='word_1_462' title='bbox 642 3521 749 3582; x_wconf 86' lang='lat' dir='ltr'>maiori</span> <span class='ocrx_word' id='word_1_463' title='bbox 770 3521 893 3585; x_wconf 87' lang='lat' dir='ltr'>cautela</span> <span class='ocrx_word' id='word_1_464' title='bbox 922 3520 970 3585; x_wconf 87' lang='lat' dir='ltr'>hic</span> <span class='ocrx_word' id='word_1_465' title='bbox 993 3521 1121 3583; x_wconf 88' lang='lat' dir='ltr'>adnota·</span> <span class='ocrx_word' id='word_1_466' title='bbox 1196 3517 1248 3581; x_wconf 81' lang='lat' dir='ltr'>Vir</span> <span class='ocrx_word' id='word_1_467' title='bbox 1273 3535 1375 3579; x_wconf 76' lang='lat' dir='ltr'>tanien</span> <span class='ocrx_word' id='word_1_468' title='bbox 1412 3515 1602 3580; x_wconf 82' lang='lat' dir='ltr'>drtlteustatis</span> <span class='ocrx_word' id='word_1_469' title='bbox 1630 3520 1712 3581; x_wconf 84' lang='lat' dir='ltr'>eirca</span> <span class='ocrx_word' id='word_1_470' title='bbox 1738 3539 1800 3582; x_wconf 91' lang='lat' dir='ltr'>rem</span> <span class='ocrx_word' id='word_1_471' title='bbox 1832 3514 1931 3584; x_wconf 85' lang='lat' dir='ltr'>huius·</span> 
     </span>
     <span class='ocr_line' id='line_1_44' title="bbox 351 3595 1932 3680; baseline -0.001 -17"><span class='ocrx_word' id='word_1_472' title='bbox 351 3616 385 3663; x_wconf 86' lang='lat' dir='ltr'>te</span> <span class='ocrx_word' id='word_1_473' title='bbox 405 3600 436 3661; x_wconf 93' lang='lat' dir='ltr'>io</span> <span class='ocrx_word' id='word_1_474' title='bbox 452 3614 591 3673; x_wconf 87' lang='lat' dir='ltr'>mutuo,</span> <span class='ocrx_word' id='word_1_475' title='bbox 620 3596 739 3661; x_wconf 91' lang='lat' dir='ltr'>usuram</span> <span class='ocrx_word' id='word_1_476' title='bbox 754 3603 908 3663; x_wconf 88' lang='lat' dir='ltr'>committi</span> <span class='ocrx_word' id='word_1_477' title='bbox 931 3602 1012 3680; x_wconf 87' lang='lat' dir='ltr'>posse</span> <span class='ocrx_word' id='word_1_478' title='bbox 1027 3603 1122 3662; x_wconf 87' lang='lat' dir='ltr'>etiam</span> <span class='ocrx_word' id='word_1_479' title='bbox 1156 3596 1234 3659; x_wconf 91' lang='lat' dir='ltr'>modi</span> <span class='ocrx_word' id='word_1_480' title='bbox 1255 3600 1284 3659; x_wconf 86' lang='lat' dir='ltr'>in</span> <span class='ocrx_word' id='word_1_481' title='bbox 1305 3617 1343 3658; x_wconf 82' lang='lat' dir='ltr'>eo</span> <span class='ocrx_word' id='word_1_482' title='bbox 1362 3595 1497 3659; x_wconf 89' lang='lat' dir='ltr'>consissit</span> <span class='ocrx_word' id='word_1_483' title='bbox 1520 3647 1527 3674; x_wconf 91' lang='lat'>,</span> <span class='ocrx_word' id='word_1_484' title='bbox 1556 3596 1589 3660; x_wconf 68' lang='grc' dir='ltr'>ἃ</span> <span class='ocrx_word' id='word_1_485' title='bbox 1619 3617 1681 3659; x_wconf 91' lang='lat' dir='ltr'>non</span> <span class='ocrx_word' id='word_1_486' title='bbox 1699 3599 1776 3662; x_wconf 80' lang='lat' dir='ltr'>levir</span> <span class='ocrx_word' id='word_1_487' title='bbox 1808 3598 1850 3661; x_wconf 93' lang='lat' dir='ltr'>esl</span> <span class='ocrx_word' id='word_1_488' title='bbox 1870 3619 1932 3663; x_wconf 91' lang='lat' dir='ltr'>mo·</span> 
     </span>
     <span class='ocr_line' id='line_1_45' title="bbox 349 3673 1932 3818; baseline 0.001 -77"><span class='ocrx_word' id='word_1_489' title='bbox 349 3676 721 3818; x_wconf 45' lang='lat' dir='ltr'>auandolucrummuod</span> <span class='ocrx_word' id='word_1_490' title='bbox 742 3678 943 3756; x_wconf 82' lang='lat' dir='ltr'>intenditur,</span> <span class='ocrx_word' id='word_1_491' title='bbox 972 3700 1033 3743; x_wconf 87' lang='lat' dir='ltr'>non</span> <span class='ocrx_word' id='word_1_492' title='bbox 1055 3698 1121 3757; x_wconf 92' lang='lat' dir='ltr'>pro·</span> <span class='ocrx_word' id='word_1_493' title='bbox 1156 3678 1281 3752; x_wconf 90' lang='lat' dir='ltr'>menti,</span> <span class='ocrx_word' id='word_1_494' title='bbox 1312 3696 1351 3738; x_wconf 92' lang='lat' dir='ltr'>an</span> <span class='ocrx_word' id='word_1_495' title='bbox 1382 3679 1561 3738; x_wconf 87' lang='lat' dir='ltr'>nmtuatarii</span> <span class='ocrx_word' id='word_1_496' title='bbox 1590 3673 1720 3743; x_wconf 89' lang='lat' dir='ltr'>donatio</span> <span class='ocrx_word' id='word_1_497' title='bbox 1745 3676 1782 3741; x_wconf 89' lang='lat' dir='ltr'>sit</span> <span class='ocrx_word' id='word_1_498' title='bbox 1814 3676 1932 3755; x_wconf 77' lang='lat' dir='ltr'>prorsua</span> 
     </span>
     <span class='ocr_line' id='line_1_46' title="bbox 377 3753 1976 3836; baseline 0.003 -19"><span class='ocrx_word' id='word_1_499' title='bbox 377 3760 421 3819; x_wconf 75' lang='lat' dir='ltr'>:rit</span> <span class='ocrx_word' id='word_1_500' title='bbox 450 3756 625 3818; x_wconf 87' lang='lat' dir='ltr'>immediate</span> <span class='ocrx_word' id='word_1_501' title='bbox 651 3778 690 3821; x_wconf 88' lang='lat' dir='ltr'>err</span> <span class='ocrx_word' id='word_1_502' title='bbox 720 3754 781 3833; x_wconf 89' lang='lat' dir='ltr'>ipso</span> <span class='ocrx_word' id='word_1_503' title='bbox 797 3778 935 3836; x_wconf 89' lang='lat' dir='ltr'>mutuo,</span> <span class='ocrx_word' id='word_1_504' title='bbox 959 3758 1122 3825; x_wconf 90' lang='lat' dir='ltr'>sedetiam</span> <span class='ocrx_word' id='word_1_505' title='bbox 1156 3758 1314 3835; x_wconf 77' lang='lat' dir='ltr'>gratuita,</span> <span class='ocrx_word' id='word_1_506' title='bbox 1336 3753 1490 3829; x_wconf 78' lang='lat' dir='ltr'>liberalis,</span> <span class='ocrx_word' id='word_1_507' title='bbox 1506 3754 1539 3820; x_wconf 76' lang='lat' dir='ltr'>dr</span> <span class='ocrx_word' id='word_1_508' title='bbox 1562 3755 1749 3833; x_wconf 70' lang='lat' dir='ltr'>spontanea,</span> <span class='ocrx_word' id='word_1_509' title='bbox 1770 3754 1804 3822; x_wconf 80' lang='lat' dir='ltr'>or</span> <span class='ocrx_word' id='word_1_510' title='bbox 1823 3758 1932 3823; x_wconf 86' lang='lat' dir='ltr'>adhoc</span> <span class='ocrx_word' id='word_1_511' title='bbox 1966 3797 1976 3818; x_wconf 59' lang='grc' dir='ltr'><em>ι</em></span> 
     </span>
     <span class='ocr_line' id='line_1_47' title="bbox 349 3835 1932 3915; baseline 0.001 -16"><span class='ocrx_word' id='word_1_512' title='bbox 349 3836 483 3899; x_wconf 80' lang='lat' dir='ltr'>mediate</span> <span class='ocrx_word' id='word_1_513' title='bbox 513 3850 663 3900; x_wconf 84' lang='lat' dir='ltr'>tantum:</span> <span class='ocrx_word' id='word_1_514' title='bbox 691 3857 740 3900; x_wconf 85' lang='lat' dir='ltr'>ex.</span> <span class='ocrx_word' id='word_1_515' title='bbox 771 3859 813 3915; x_wconf 80' lang='lat' dir='ltr'>gr.</span> <span class='ocrx_word' id='word_1_516' title='bbox 839 3838 958 3913; x_wconf 85' lang='lat' dir='ltr'>quando</span> <span class='ocrx_word' id='word_1_517' title='bbox 985 3841 1050 3914; x_wconf 78' lang='lat' dir='ltr'>quir</span> <span class='ocrx_word' id='word_1_518' title='bbox 1070 3837 1120 3901; x_wconf 87' lang='lat' dir='ltr'>dat</span> <span class='ocrx_word' id='word_1_519' title='bbox 1156 3835 1438 3912; x_wconf 88' lang='lat' dir='ltr'>deprehendendum</span> <span class='ocrx_word' id='word_1_520' title='bbox 1459 3856 1521 3898; x_wconf 90' lang='lat' dir='ltr'>nou</span> <span class='ocrx_word' id='word_1_521' title='bbox 1546 3858 1651 3912; x_wconf 88' lang='lat' dir='ltr'>parurn</span> <span class='ocrx_word' id='word_1_522' title='bbox 1671 3837 1815 3901; x_wconf 88' lang='lat' dir='ltr'>conserte</span> <span class='ocrx_word' id='word_1_523' title='bbox 1834 3836 1932 3915; x_wconf 86' lang='lat' dir='ltr'>potesl</span> 
     </span>
    </p>
   </div>
   <div class='ocr_carea' id='block_1_9' title="bbox 350 3914 2048 3995">
    <p class='ocr_par' dir='ltr' id='par_1_9' title="bbox 350 3914 2048 3995">
     <span class='ocr_line' id='line_1_48' title="bbox 350 3914 2048 3995; baseline 0.002 -17"><span class='ocrx_word' id='word_1_524' title='bbox 350 3932 515 3990; x_wconf 90' lang='lat' dir='ltr'>mutuum,</span> <span class='ocrx_word' id='word_1_525' title='bbox 535 3931 570 3977; x_wconf 94' lang='lat' dir='ltr'>ur</span> <span class='ocrx_word' id='word_1_526' title='bbox 593 3917 770 3979; x_wconf 85' lang='lat' dir='ltr'>immediate</span> <span class='ocrx_word' id='word_1_527' title='bbox 792 3920 988 3995; x_wconf 86' lang='lat' dir='ltr'>amicitiam,</span> <span class='ocrx_word' id='word_1_528' title='bbox 1016 3915 1051 3983; x_wconf 73' lang='grc' dir='ltr'>ἀ</span> <span class='ocrx_word' id='word_1_529' title='bbox 1070 3917 1122 3981; x_wconf 89' lang='lat' dir='ltr'>be·</span> <span class='ocrx_word' id='word_1_530' title='bbox 1158 3936 1185 3979; x_wconf 88' lang='lat'>1.</span> <span class='ocrx_word' id='word_1_531' title='bbox 1208 3915 1367 3978; x_wconf 87' lang='lat' dir='ltr'>attendere</span> <span class='ocrx_word' id='word_1_532' title='bbox 1401 3915 1438 3977; x_wconf 87' lang='lat' dir='ltr'>ad</span> <span class='ocrx_word' id='word_1_533' title='bbox 1457 3914 1699 3980; x_wconf 80' lang='lat' dir='ltr'>circumslantiaa</span> <span class='ocrx_word' id='word_1_534' title='bbox 1718 3935 1933 3994; x_wconf 73' lang='lat' dir='ltr'>occurrentes,</span> <span class='ocrx_word' id='word_1_535' title='bbox 2032 3918 2048 3965; x_wconf 77' lang='grc'>-’</span> 
     </span>
    </p>
   </div>
   <div class='ocr_carea' id='block_1_10' title="bbox 346 3993 1992 5106">
    <p class='ocr_par' dir='ltr' id='par_1_10' title="bbox 346 3993 1992 5106">
     <span class='ocr_line' id='line_1_49' title="bbox 349 3993 1933 4083; baseline 0.001 -24"><span class='ocrx_word' id='word_1_536' title='bbox 349 3993 562 4059; x_wconf 74' lang='lat' dir='ltr'>nevolentiam</span> <span class='ocrx_word' id='word_1_537' title='bbox 578 3998 758 4059; x_wconf 87' lang='lat' dir='ltr'>mutuatatii</span> <span class='ocrx_word' id='word_1_538' title='bbox 777 3995 827 4059; x_wconf 88' lang='lat' dir='ltr'>srbi</span> <span class='ocrx_word' id='word_1_539' title='bbox 844 4013 974 4083; x_wconf 82' lang='lat' dir='ltr'>captet,</span> <span class='ocrx_word' id='word_1_540' title='bbox 1009 4014 1045 4060; x_wconf 90' lang='lat' dir='ltr'>ut</span> <span class='ocrx_word' id='word_1_541' title='bbox 1070 3996 1121 4059; x_wconf 90' lang='lat' dir='ltr'>de·</span> <span class='ocrx_word' id='word_1_542' title='bbox 1158 4014 1230 4071; x_wconf 80' lang='lat' dir='ltr'>puta</span> <span class='ocrx_word' id='word_1_543' title='bbox 1252 3994 1288 4058; x_wconf 91' lang='lat' dir='ltr'>ad</span> <span class='ocrx_word' id='word_1_544' title='bbox 1306 3998 1513 4071; x_wconf 87' lang='lat' dir='ltr'>quantitatem</span> <span class='ocrx_word' id='word_1_545' title='bbox 1534 3998 1577 4058; x_wconf 87' lang='lat' dir='ltr'>rei</span> <span class='ocrx_word' id='word_1_546' title='bbox 1595 3993 1717 4062; x_wconf 81' lang='lat' dir='ltr'>donata:</span> <span class='ocrx_word' id='word_1_547' title='bbox 1738 4042 1748 4074; x_wconf 88' lang='lat'>‚</span> <span class='ocrx_word' id='word_1_548' title='bbox 1773 3998 1812 4060; x_wconf 78' lang='lat' dir='ltr'>ad</span> <span class='ocrx_word' id='word_1_549' title='bbox 1827 3996 1933 4061; x_wconf 89' lang='lat' dir='ltr'>condi·</span> 
     </span>
     <span class='ocr_line' id='line_1_50' title="bbox 346 4072 1935 4155; baseline 0.003 -18"><span class='ocrx_word' id='word_1_550' title='bbox 346 4073 421 4137; x_wconf 81' lang='lat' dir='ltr'>inde</span> <span class='ocrx_word' id='word_1_551' title='bbox 442 4092 483 4137; x_wconf 89' lang='lat' dir='ltr'>ex</span> <span class='ocrx_word' id='word_1_552' title='bbox 515 4072 730 4137; x_wconf 75' lang='lat' dir='ltr'>benevolentia</span> <span class='ocrx_word' id='word_1_553' title='bbox 759 4073 810 4137; x_wconf 80' lang='lat' dir='ltr'>sibi</span> <span class='ocrx_word' id='word_1_554' title='bbox 838 4079 984 4142; x_wconf 85' lang='lat' dir='ltr'>inserviat</span> <span class='ocrx_word' id='word_1_555' title='bbox 1014 4075 1050 4139; x_wconf 88' lang='lat' dir='ltr'>ad</span> <span class='ocrx_word' id='word_1_556' title='bbox 1081 4078 1121 4146; x_wconf 84' lang='lat' dir='ltr'>su;</span> <span class='ocrx_word' id='word_1_557' title='bbox 1159 4081 1274 4138; x_wconf 85' lang='lat' dir='ltr'>tionem</span> <span class='ocrx_word' id='word_1_558' title='bbox 1289 4075 1457 4148; x_wconf 76' lang='lat' dir='ltr'>donantis,</span> <span class='ocrx_word' id='word_1_559' title='bbox 1488 4072 1641 4137; x_wconf 74' lang='lat' dir='ltr'>sranricus</span> <span class='ocrx_word' id='word_1_560' title='bbox 1662 4075 1726 4150; x_wconf 84' lang='lat' dir='ltr'>sit,</span> <span class='ocrx_word' id='word_1_561' title='bbox 1756 4076 1935 4155; x_wconf 75' lang='lat' dir='ltr'>consangui-</span> 
     </span>
     <span class='ocr_line' id='line_1_51' title="bbox 348 4150 1992 4229; baseline 0 -8"><span class='ocrx_word' id='word_1_562' title='bbox 348 4174 435 4221; x_wconf 82' lang='lat' dir='ltr'>ctum</span> <span class='ocrx_word' id='word_1_563' title='bbox 450 4150 571 4228; x_wconf 87' lang='lat' dir='ltr'>aliquod</span> <span class='ocrx_word' id='word_1_564' title='bbox 592 4153 793 4229; x_wconf 87' lang='lat' dir='ltr'>eliciendum,</span> <span class='ocrx_word' id='word_1_565' title='bbox 813 4154 876 4219; x_wconf 83' lang='lat' dir='ltr'>sive</span> <span class='ocrx_word' id='word_1_566' title='bbox 896 4160 1005 4219; x_wconf 89' lang='lat' dir='ltr'>saltem</span> <span class='ocrx_word' id='word_1_567' title='bbox 1025 4155 1061 4218; x_wconf 91' lang='lat' dir='ltr'>ad</span> <span class='ocrx_word' id='word_1_568' title='bbox 1080 4155 1121 4219; x_wconf 93' lang='lat' dir='ltr'>lu·</span> <span class='ocrx_word' id='word_1_569' title='bbox 1159 4155 1525 4228; x_wconf 82' lang='lat' dir='ltr'>neur,dives,liberalis</span> <span class='ocrx_word' id='word_1_570' title='bbox 1558 4153 1609 4229; x_wconf 86' lang='lat' dir='ltr'>‚si</span> <span class='ocrx_word' id='word_1_571' title='bbox 1633 4151 1730 4221; x_wconf 87' lang='lat' dir='ltr'>sacere</span> <span class='ocrx_word' id='word_1_572' title='bbox 1757 4155 1934 4222; x_wconf 83' lang='lat' dir='ltr'>consuescat</span> <span class='ocrx_word' id='word_1_573' title='bbox 1988 4182 1992 4191; x_wconf 93' lang='lat'><em>·</em></span> 
     </span>
     <span class='ocr_line' id='line_1_52' title="bbox 349 4230 1935 4314; baseline 0.001 -15"><span class='ocrx_word' id='word_1_574' title='bbox 349 4230 628 4299; x_wconf 83' lang='lat' dir='ltr'>&#39;crttmsacicndum</span> <span class='ocrx_word' id='word_1_575' title='bbox 658 4235 743 4295; x_wconf 89' lang='lat' dir='ltr'>viam</span> <span class='ocrx_word' id='word_1_576' title='bbox 769 4234 819 4296; x_wconf 87' lang='lat' dir='ltr'>sibi</span> <span class='ocrx_word' id='word_1_577' title='bbox 853 4254 971 4312; x_wconf 84' lang='lat' dir='ltr'>aperiat</span> <span class='ocrx_word' id='word_1_578' title='bbox 994 4284 1002 4310; x_wconf 97' lang='lat'>,</span> <span class='ocrx_word' id='word_1_579' title='bbox 1029 4238 1122 4298; x_wconf 88' lang='lat' dir='ltr'>etiam</span> <span class='ocrx_word' id='word_1_580' title='bbox 1159 4232 1360 4296; x_wconf 79' lang='lat' dir='ltr'>huiuscemodi</span> <span class='ocrx_word' id='word_1_581' title='bbox 1382 4233 1585 4309; x_wconf 77' lang='lat' dir='ltr'>donationes,</span> <span class='ocrx_word' id='word_1_582' title='bbox 1606 4238 1643 4296; x_wconf 85' lang='lat' dir='ltr'>iis</span> <span class='ocrx_word' id='word_1_583' title='bbox 1660 4232 1770 4300; x_wconf 85' lang='lat' dir='ltr'>saltem</span> <span class='ocrx_word' id='word_1_584' title='bbox 1792 4235 1935 4314; x_wconf 75' lang='lat' dir='ltr'>aquibus</span> 
     </span>
     <span class='ocr_line' id='line_1_53' title="bbox 349 4306 1935 4390; baseline 0.004 -16"><span class='ocrx_word' id='word_1_585' title='bbox 349 4306 405 4375; x_wconf 81' lang='lat' dir='ltr'>iila</span> <span class='ocrx_word' id='word_1_586' title='bbox 425 4308 467 4374; x_wconf 84' lang='lat' dir='ltr'>esi</span> <span class='ocrx_word' id='word_1_587' title='bbox 485 4314 616 4375; x_wconf 90' lang='lat' dir='ltr'>intentio</span> <span class='ocrx_word' id='word_1_588' title='bbox 647 4312 780 4379; x_wconf 87' lang='lat' dir='ltr'>usuraria</span> <span class='ocrx_word' id='word_1_589' title='bbox 807 4334 846 4376; x_wconf 88' lang='lat' dir='ltr'>eo</span> <span class='ocrx_word' id='word_1_590' title='bbox 866 4316 943 4390; x_wconf 73' lang='lat' dir='ltr'>qood</span> <span class='ocrx_word' id='word_1_591' title='bbox 963 4336 1022 4376; x_wconf 89' lang='lat' dir='ltr'>uon</span> <span class='ocrx_word' id='word_1_592' title='bbox 1045 4316 1121 4377; x_wconf 91' lang='lat' dir='ltr'>velit</span> <span class='ocrx_word' id='word_1_593' title='bbox 1157 4313 1303 4376; x_wconf 85' lang='lat' dir='ltr'>benelicia</span> <span class='ocrx_word' id='word_1_594' title='bbox 1327 4360 1335 4388; x_wconf 93' lang='lat'>,</span> <span class='ocrx_word' id='word_1_595' title='bbox 1357 4310 1537 4389; x_wconf 81' lang='lat' dir='ltr'>favoresque</span> <span class='ocrx_word' id='word_1_596' title='bbox 1552 4316 1689 4390; x_wconf 82' lang='lat' dir='ltr'>recepit.</span> <span class='ocrx_word' id='word_1_597' title='bbox 1720 4335 1748 4379; x_wconf 78' lang='lat' dir='ltr'>a.</span> <span class='ocrx_word' id='word_1_598' title='bbox 1770 4316 1855 4382; x_wconf 83' lang='lat' dir='ltr'>Scire</span> <span class='ocrx_word' id='word_1_599' title='bbox 1875 4336 1935 4381; x_wconf 84' lang='lat' dir='ltr'>nun</span> 
     </span>
     <span class='ocr_line' id='line_1_54' title="bbox 350 4391 1937 4476; baseline 0.004 -21"><span class='ocrx_word' id='word_1_600' title='bbox 350 4395 535 4465; x_wconf 72' lang='lat' dir='ltr'>amicitiam,</span> <span class='ocrx_word' id='word_1_601' title='bbox 555 4392 587 4454; x_wconf 68' lang='grc' dir='ltr'>ἃ</span> <span class='ocrx_word' id='word_1_602' title='bbox 606 4391 853 4457; x_wconf 80' lang='lat' dir='ltr'>benevolentiam</span> <span class='ocrx_word' id='word_1_603' title='bbox 866 4414 988 4469; x_wconf 87' lang='lat' dir='ltr'>propter</span> <span class='ocrx_word' id='word_1_604' title='bbox 1006 4392 1123 4468; x_wconf 84' lang='lat' dir='ltr'>seipsas,</span> <span class='ocrx_word' id='word_1_605' title='bbox 1158 4395 1218 4455; x_wconf 80' lang='lat' dir='ltr'>esl&#39;e</span> <span class='ocrx_word' id='word_1_606' title='bbox 1242 4392 1478 4467; x_wconf 83' lang='lat' dir='ltr'>praesumendam</span> <span class='ocrx_word' id='word_1_607' title='bbox 1499 4393 1698 4458; x_wconf 84' lang='lat' dir='ltr'>donationem</span> <span class='ocrx_word' id='word_1_608' title='bbox 1719 4416 1803 4460; x_wconf 91' lang='lat' dir='ltr'>mere</span> <span class='ocrx_word' id='word_1_609' title='bbox 1822 4398 1937 4476; x_wconf 77' lang='lat' dir='ltr'>gratui-</span> 
     </span>
     <span class='ocr_line' id='line_1_55' title="bbox 346 4466 1936 4551; baseline 0.003 -16"><span class='ocrx_word' id='word_1_610' title='bbox 346 4466 400 4535; x_wconf 81' lang='lat' dir='ltr'>sed</span> <span class='ocrx_word' id='word_1_611' title='bbox 428 4488 550 4547; x_wconf 88' lang='lat' dir='ltr'>propter</span> <span class='ocrx_word' id='word_1_612' title='bbox 579 4474 695 4533; x_wconf 86' lang='lat' dir='ltr'>lucrum</span> <span class='ocrx_word' id='word_1_613' title='bbox 725 4492 869 4538; x_wconf 91' lang='lat' dir='ltr'>amuruo</span> <span class='ocrx_word' id='word_1_614' title='bbox 896 4475 969 4537; x_wconf 89' lang='lat' dir='ltr'>dato</span> <span class='ocrx_word' id='word_1_615' title='bbox 989 4475 1123 4536; x_wconf 87' lang='lat' dir='ltr'>mediate</span> <span class='ocrx_word' id='word_1_616' title='bbox 1159 4490 1252 4547; x_wconf 91' lang='lat' dir='ltr'>tam,</span> <span class='ocrx_word' id='word_1_617' title='bbox 1291 4471 1309 4532; x_wconf 88' lang='lat' dir='ltr'>ii</span> <span class='ocrx_word' id='word_1_618' title='bbox 1338 4490 1482 4536; x_wconf 80' lang='lat' dir='ltr'>mutuant</span> <span class='ocrx_word' id='word_1_619' title='bbox 1507 4473 1589 4551; x_wconf 73' lang='lat' dir='ltr'>signo</span> <span class='ocrx_word' id='word_1_620' title='bbox 1627 4473 1729 4551; x_wconf 90' lang='lat' dir='ltr'>aliquo</span> <span class='ocrx_word' id='word_1_621' title='bbox 1751 4477 1936 4543; x_wconf 82' lang='lat' dir='ltr'>indicaverit</span> 
     </span>
     <span class='ocr_line' id='line_1_56' title="bbox 350 4547 1937 4637; baseline 0.004 -24"><span class='ocrx_word' id='word_1_622' title='bbox 350 4552 528 4628; x_wconf 85' lang='lat' dir='ltr'>intentum,</span> <span class='ocrx_word' id='word_1_623' title='bbox 548 4547 582 4615; x_wconf 72' lang='grc' dir='ltr'>ὃ(</span> <span class='ocrx_word' id='word_1_624' title='bbox 602 4570 618 4613; x_wconf 87' lang='lat' dir='ltr'>a</span> <span class='ocrx_word' id='word_1_625' title='bbox 636 4571 745 4616; x_wconf 86' lang='lat' dir='ltr'>mutuo</span> <span class='ocrx_word' id='word_1_626' title='bbox 761 4557 948 4637; x_wconf 73' lang='lat' dir='ltr'>originarii-e</span> <span class='ocrx_word' id='word_1_627' title='bbox 970 4548 1121 4629; x_wconf 71' lang='lat' dir='ltr'>profesto,</span> <span class='ocrx_word' id='word_1_628' title='bbox 1158 4550 1355 4635; x_wconf 85' lang='lat' dir='ltr'>quoddando</span> <span class='ocrx_word' id='word_1_629' title='bbox 1372 4571 1514 4616; x_wconf 89' lang='lat' dir='ltr'>mutuum</span> <span class='ocrx_word' id='word_1_630' title='bbox 1544 4554 1656 4629; x_wconf 88' lang='lat' dir='ltr'>aliquid</span> <span class='ocrx_word' id='word_1_631' title='bbox 1683 4557 1819 4632; x_wconf 92' lang='lat' dir='ltr'>recipere</span> <span class='ocrx_word' id='word_1_632' title='bbox 1836 4560 1937 4621; x_wconf 87' lang='lat' dir='ltr'>inten-</span> 
     </span>
     <span class='ocr_line' id='line_1_57' title="bbox 347 4627 1937 4717; baseline 0.003 -20"><span class='ocrx_word' id='word_1_633' title='bbox 347 4632 398 4697; x_wconf 77' lang='lat' dir='ltr'>stt</span> <span class='ocrx_word' id='word_1_634' title='bbox 418 4646 531 4695; x_wconf 87' lang='lat' dir='ltr'>utnon</span> <span class='ocrx_word' id='word_1_635' title='bbox 553 4631 668 4717; x_wconf 78' lang='lat' dir='ltr'>daret,</span> <span class='ocrx_word' id='word_1_636' title='bbox 696 4630 751 4697; x_wconf 83' lang='lat' dir='ltr'>nist</span> <span class='ocrx_word' id='word_1_637' title='bbox 773 4632 905 4707; x_wconf 89' lang='lat' dir='ltr'>speraret</span> <span class='ocrx_word' id='word_1_638' title='bbox 925 4636 954 4695; x_wconf 93' lang='lat' dir='ltr'>se</span> <span class='ocrx_word' id='word_1_639' title='bbox 970 4631 1123 4695; x_wconf 83' lang='lat' dir='ltr'>mediante</span> <span class='ocrx_word' id='word_1_640' title='bbox 1159 4635 1211 4694; x_wconf 92' lang='lat' dir='ltr'>dat</span> <span class='ocrx_word' id='word_1_641' title='bbox 1235 4644 1317 4705; x_wconf 88' lang='lat' dir='ltr'>supra</span> <span class='ocrx_word' id='word_1_642' title='bbox 1336 4627 1463 4696; x_wconf 88' lang='lat' dir='ltr'>sortem.</span> <span class='ocrx_word' id='word_1_643' title='bbox 1495 4632 1574 4695; x_wconf 93' lang='lat' dir='ltr'>ltem</span> <span class='ocrx_word' id='word_1_644' title='bbox 1607 4631 1855 4701; x_wconf 80' lang='lat' dir='ltr'>simutuatariut</span> <span class='ocrx_word' id='word_1_645' title='bbox 1872 4658 1937 4701; x_wconf 88' lang='lat' dir='ltr'>mu·</span> 
     </span>
     <span class='ocr_line' id='line_1_58' title="bbox 351 4710 1938 4797; baseline 0.004 -24"><span class='ocrx_word' id='word_1_646' title='bbox 351 4711 488 4779; x_wconf 82' lang='lat' dir='ltr'>amicitia</span> <span class='ocrx_word' id='word_1_647' title='bbox 519 4718 665 4783; x_wconf 81' lang='lat' dir='ltr'>acquisita</span> <span class='ocrx_word' id='word_1_648' title='bbox 694 4712 813 4775; x_wconf 90' lang='lat' dir='ltr'>sucrum</span> <span class='ocrx_word' id='word_1_649' title='bbox 837 4710 960 4777; x_wconf 87' lang='lat' dir='ltr'>tandem</span> <span class='ocrx_word' id='word_1_650' title='bbox 980 4710 1121 4776; x_wconf 84' lang='lat' dir='ltr'>consecu·</span> <span class='ocrx_word' id='word_1_651' title='bbox 1159 4728 1248 4774; x_wconf 90' lang='lat' dir='ltr'>tuum</span> <span class='ocrx_word' id='word_1_652' title='bbox 1268 4713 1413 4785; x_wconf 79' lang='lat' dir='ltr'>exquirat</span> <span class='ocrx_word' id='word_1_653' title='bbox 1436 4761 1443 4787; x_wconf 93' lang='lat'>,</span> <span class='ocrx_word' id='word_1_654' title='bbox 1473 4731 1506 4775; x_wconf 87' lang='lat' dir='ltr'>nr</span> <span class='ocrx_word' id='word_1_655' title='bbox 1529 4716 1589 4778; x_wconf 84' lang='lat' dir='ltr'>suae</span> <span class='ocrx_word' id='word_1_656' title='bbox 1608 4717 1766 4789; x_wconf 85' lang='lat' dir='ltr'>provideat</span> <span class='ocrx_word' id='word_1_657' title='bbox 1788 4720 1878 4797; x_wconf 71' lang='lat' dir='ltr'>gravi</span> <span class='ocrx_word' id='word_1_658' title='bbox 1895 4720 1938 4779; x_wconf 91' lang='lat' dir='ltr'>in·</span> 
     </span>
     <span class='ocr_line' id='line_1_59' title="bbox 352 4788 1938 4877; baseline 0.004 -20"><span class='ocrx_word' id='word_1_659' title='bbox 352 4796 476 4856; x_wconf 76' lang='lat' dir='ltr'>turum·</span> <span class='ocrx_word' id='word_1_660' title='bbox 498 4788 538 4852; x_wconf 80' lang='lat' dir='ltr'>Et</span> <span class='ocrx_word' id='word_1_661' title='bbox 567 4789 622 4853; x_wconf 81' lang='lat' dir='ltr'>lice</span> <span class='ocrx_word' id='word_1_662' title='bbox 646 4790 849 4877; x_wconf 82' lang='lat' dir='ltr'>confirmatur</span> <span class='ocrx_word' id='word_1_663' title='bbox 876 4791 1018 4867; x_wconf 80' lang='lat' dir='ltr'>exemplo</span> <span class='ocrx_word' id='word_1_664' title='bbox 1034 4790 1121 4854; x_wconf 91' lang='lat' dir='ltr'>srmo-</span> <span class='ocrx_word' id='word_1_665' title='bbox 1159 4790 1333 4869; x_wconf 77' lang='lat' dir='ltr'>digentiau,</span> <span class='ocrx_word' id='word_1_666' title='bbox 1362 4790 1447 4857; x_wconf 86' lang='lat' dir='ltr'>sicuti</span> <span class='ocrx_word' id='word_1_667' title='bbox 1476 4798 1570 4857; x_wconf 90' lang='lat' dir='ltr'>etiarn</span> <span class='ocrx_word' id='word_1_668' title='bbox 1600 4793 1622 4855; x_wconf 84' lang='lat' dir='ltr'>si</span> <span class='ocrx_word' id='word_1_669' title='bbox 1652 4816 1762 4860; x_wconf 88' lang='lat' dir='ltr'>munus</span> <span class='ocrx_word' id='word_1_670' title='bbox 1781 4818 1938 4863; x_wconf 84' lang='lat' dir='ltr'>antemu-</span> 
     </span>
     <span class='ocr_line' id='line_1_60' title="bbox 353 4870 1938 4947; baseline 0.004 -13"><span class='ocrx_word' id='word_1_671' title='bbox 353 4875 434 4947; x_wconf 78' lang='lat' dir='ltr'>oiae,</span> <span class='ocrx_word' id='word_1_672' title='bbox 452 4889 521 4947; x_wconf 80' lang='lat' dir='ltr'>quae</span> <span class='ocrx_word' id='word_1_673' title='bbox 537 4889 608 4931; x_wconf 91' lang='lat' dir='ltr'>cum</span> <span class='ocrx_word' id='word_1_674' title='bbox 625 4870 719 4933; x_wconf 88' lang='lat' dir='ltr'>usura</span> <span class='ocrx_word' id='word_1_675' title='bbox 741 4870 894 4946; x_wconf 78' lang='lat' dir='ltr'>aequascm</span> <span class='ocrx_word' id='word_1_676' title='bbox 916 4872 1004 4934; x_wconf 85' lang='lat' dir='ltr'>habet</span> <span class='ocrx_word' id='word_1_677' title='bbox 1027 4875 1120 4934; x_wconf 92' lang='lat' dir='ltr'>ratio-</span> <span class='ocrx_word' id='word_1_678' title='bbox 1160 4888 1270 4945; x_wconf 91' lang='lat' dir='ltr'>tuum,</span> <span class='ocrx_word' id='word_1_679' title='bbox 1292 4887 1347 4932; x_wconf 84' lang='lat' dir='ltr'>aut</span> <span class='ocrx_word' id='word_1_680' title='bbox 1366 4890 1439 4934; x_wconf 88' lang='lat' dir='ltr'>aute</span> <span class='ocrx_word' id='word_1_681' title='bbox 1464 4872 1649 4937; x_wconf 90' lang='lat' dir='ltr'>solutionem</span> <span class='ocrx_word' id='word_1_682' title='bbox 1678 4876 1769 4940; x_wconf 83' lang='lat' dir='ltr'>sortis</span> <span class='ocrx_word' id='word_1_683' title='bbox 1791 4878 1938 4946; x_wconf 81' lang='lat' dir='ltr'>retribue·</span> 
     </span>
     <span class='ocr_line' id='line_1_61' title="bbox 352 4948 1935 5029; baseline 0.003 -14"><span class='ocrx_word' id='word_1_684' title='bbox 352 4970 446 5023; x_wconf 72' lang='lat' dir='ltr'>ocni.</span> <span class='ocrx_word' id='word_1_685' title='bbox 472 4949 536 5027; x_wconf 85' lang='lat' dir='ltr'>Qui</span> <span class='ocrx_word' id='word_1_686' title='bbox 565 4949 647 5010; x_wconf 88' lang='lat' dir='ltr'>enim</span> <span class='ocrx_word' id='word_1_687' title='bbox 675 4948 808 5013; x_wconf 85' lang='lat' dir='ltr'>intendit</span> <span class='ocrx_word' id='word_1_688' title='bbox 841 4950 1015 5016; x_wconf 82' lang='lat' dir='ltr'>muneribus</span> <span class='ocrx_word' id='word_1_689' title='bbox 1043 4951 1123 5018; x_wconf 81' lang='lat' dir='ltr'>datis</span> <span class='ocrx_word' id='word_1_690' title='bbox 1160 4968 1229 5027; x_wconf 85' lang='lat' dir='ltr'>tur,</span> <span class='ocrx_word' id='word_1_691' title='bbox 1249 4954 1403 5027; x_wconf 78' lang='lat' dir='ltr'>quierunt</span> <span class='ocrx_word' id='word_1_692' title='bbox 1422 4949 1789 5029; x_wconf 79' lang='lat' dir='ltr'>praestrmendumesldari</span> <span class='ocrx_word' id='word_1_693' title='bbox 1812 4956 1935 5025; x_wconf 92' lang='lat' dir='ltr'>utsosu·</span> 
     </span>
     <span class='ocr_line' id='line_1_62' title="bbox 1802 5058 1896 5106; baseline 0 -1"><span class='ocrx_word' id='word_1_694' title='bbox 1802 5058 1896 5106; x_wconf 75' lang='lat' dir='ltr'>tronis</span> 
     </span>
    </p>
   </div>
   <div class='ocr_carea' id='block_1_11' title="bbox 0 0 2219 6000">
    <p class='ocr_par' dir='ltr' id='par_1_11' title="bbox 0 0 2219 6000">
     <span class='ocr_line' id='line_1_63' title="bbox 0 0 2219 6000; baseline 0 0"><span class='ocrx_word' id='word_1_695' title='bbox 0 0 2219 6000; x_wconf 95' lang='lat' dir='ltr'> </span> 
     </span>
    </p>
   </div>
  </div>
 </body>
</html>
