<?xml version="1.0" encoding="UTF-8"?>
<!DOCTYPE html PUBLIC "-//W3C//DTD XHTML 1.0 Transitional//EN"
    "http://www.w3.org/TR/xhtml1/DTD/xhtml1-transitional.dtd">
<html xmlns="http://www.w3.org/1999/xhtml" xml:lang="en" lang="en">
 <head>
  <title>
</title>
<meta http-equiv="Content-Type" content="text/html;charset=utf-8" />
  <meta name='ocr-system' content='tesseract 3.04.00' />
  <meta name='ocr-capabilities' content='ocr_page ocr_carea ocr_par ocr_line ocrx_word'/>
</head>
<body>
  <div class='ocr_page' id='page_1' title='image "./institutionesth00boragoog/institutionesth00boragoog_0277.png"; bbox 0 0 4425 6000; ppageno 0'>
   <div class='ocr_carea' id='block_1_1' title="bbox 232 571 1806 1470">
    <p class='ocr_par' dir='ltr' id='par_1_1' title="bbox 356 571 1805 910">
     <span class='ocr_line' id='line_1_1' title="bbox 546 571 1747 669; baseline -0.003 -19"><span class='ocrx_word' id='word_1_1' title='bbox 546 580 752 653; x_wconf 77' lang='lat' dir='ltr'>Tnacr.</span> <span class='ocrx_word' id='word_1_2' title='bbox 781 598 848 650; x_wconf 81' lang='lat' dir='ltr'>or.</span> <span class='ocrx_word' id='word_1_3' title='bbox 878 575 1204 649; x_wconf 71' lang='lat' dir='ltr'>courtier.</span> <span class='ocrx_word' id='word_1_4' title='bbox 1232 573 1351 647; x_wconf 82' lang='lat' dir='ltr'>Cat.</span> <span class='ocrx_word' id='word_1_5' title='bbox 1379 572 1481 647; x_wconf 85' lang='lat' dir='ltr'><strong>XIII.</strong></span> <span class='ocrx_word' id='word_1_6' title='bbox 1674 571 1747 669; x_wconf 77' lang='lat'>263</span> 
     </span>
     <span class='ocr_line' id='line_1_2' title="bbox 1036 667 1800 751; baseline -0.001 -17"><span class='ocrx_word' id='word_1_7' title='bbox 1036 667 1087 735; x_wconf 89' lang='lat' dir='ltr'>suo</span> <span class='ocrx_word' id='word_1_8' title='bbox 1116 688 1253 751; x_wconf 90' lang='lat' dir='ltr'>tempore</span> <span class='ocrx_word' id='word_1_9' title='bbox 1280 672 1476 750; x_wconf 81' lang='lat' dir='ltr'>neglexerit,</span> <span class='ocrx_word' id='word_1_10' title='bbox 1499 669 1534 737; x_wconf 80' lang='lat' dir='ltr'>bc</span> <span class='ocrx_word' id='word_1_11' title='bbox 1560 670 1677 736; x_wconf 85' lang='lat' dir='ltr'>debitor</span> <span class='ocrx_word' id='word_1_12' title='bbox 1699 668 1800 746; x_wconf 81' lang='lat' dir='ltr'>pellea</span> 
     </span>
     <span class='ocr_line' id='line_1_3' title="bbox 356 748 1805 833; baseline -0.006 -11"><span class='ocrx_word' id='word_1_13' title='bbox 356 758 383 822; x_wconf 90' lang='lat' dir='ltr'><strong>C</strong></span> <span class='ocrx_word' id='word_1_14' title='bbox 423 758 452 823; x_wconf 79' lang='lat' dir='ltr'>A</span> <span class='ocrx_word' id='word_1_15' title='bbox 492 755 515 823; x_wconf 79' lang='grc' dir='ltr'><strong>Ρ</strong></span> <span class='ocrx_word' id='word_1_16' title='bbox 553 754 585 818; x_wconf 91' lang='lat' dir='ltr'>U</span> <span class='ocrx_word' id='word_1_17' title='bbox 628 757 658 822; x_wconf 91' lang='lat' dir='ltr'>T</span> <span class='ocrx_word' id='word_1_18' title='bbox 738 752 879 819; x_wconf 89' lang='lat' dir='ltr'><strong>XIII.</strong></span> <span class='ocrx_word' id='word_1_19' title='bbox 1035 749 1131 833; x_wconf 81' lang='lat' dir='ltr'>saslus</span> <span class='ocrx_word' id='word_1_20' title='bbox 1151 750 1188 816; x_wconf 86' lang='lat' dir='ltr'>stt</span> <span class='ocrx_word' id='word_1_21' title='bbox 1215 755 1386 831; x_wconf 79' lang='lat' dir='ltr'>impotens,</span> <span class='ocrx_word' id='word_1_22' title='bbox 1408 753 1479 830; x_wconf 88' lang='lat' dir='ltr'>quia</span> <span class='ocrx_word' id='word_1_23' title='bbox 1499 769 1562 816; x_wconf 90' lang='lat' dir='ltr'>non</span> <span class='ocrx_word' id='word_1_24' title='bbox 1587 764 1712 816; x_wconf 86' lang='lat' dir='ltr'>tenetur</span> <span class='ocrx_word' id='word_1_25' title='bbox 1731 748 1805 814; x_wconf 85' lang='lat' dir='ltr'>lide·</span> 
     </span>
     <span class='ocr_line' id='line_1_4' title="bbox 1035 828 1803 910; baseline 0.001 -16"><span class='ocrx_word' id='word_1_26' title='bbox 1035 831 1128 895; x_wconf 84' lang='lat' dir='ltr'>iuffor</span> <span class='ocrx_word' id='word_1_27' title='bbox 1147 832 1291 897; x_wconf 86' lang='lat' dir='ltr'>damnum</span> <span class='ocrx_word' id='word_1_28' title='bbox 1307 830 1470 906; x_wconf 89' lang='lat' dir='ltr'>resarcire,</span> <span class='ocrx_word' id='word_1_29' title='bbox 1491 828 1570 910; x_wconf 91' lang='lat' dir='ltr'>quod</span> <span class='ocrx_word' id='word_1_30' title='bbox 1595 831 1729 897; x_wconf 82' lang='lat' dir='ltr'>creditor</span> <span class='ocrx_word' id='word_1_31' title='bbox 1751 828 1803 896; x_wconf 77' lang='lat' dir='ltr'>sua</span> 
     </span>
    </p>

    <p class='ocr_par' dir='ltr' id='par_1_2' title="bbox 232 909 1364 998">
     <span class='ocr_line' id='line_1_5' title="bbox 232 909 1364 998; baseline -0.005 -17"><span class='ocrx_word' id='word_1_32' title='bbox 232 923 275 984; x_wconf 82' lang='lat' dir='ltr'>De</span> <span class='ocrx_word' id='word_1_33' title='bbox 290 916 398 986; x_wconf 75' lang='lat' dir='ltr'>Fideiu</span> <span class='ocrx_word' id='word_1_34' title='bbox 418 940 495 995; x_wconf 81' lang='lat' dir='ltr'>tone,</span> <span class='ocrx_word' id='word_1_35' title='bbox 508 914 998 998; x_wconf 68' lang='lat' dir='ltr'>Afflcurarione,Pignote‚Patir</span> <span class='ocrx_word' id='word_1_36' title='bbox 1034 909 1095 976; x_wconf 91' lang='lat' dir='ltr'>sola</span> <span class='ocrx_word' id='word_1_37' title='bbox 1116 912 1207 987; x_wconf 88' lang='lat' dir='ltr'>eulpa</span> <span class='ocrx_word' id='word_1_38' title='bbox 1228 915 1364 992; x_wconf 90' lang='lat' dir='ltr'>patitur.</span> 
     </span>
    </p>

    <p class='ocr_par' dir='ltr' id='par_1_3' title="bbox 404 980 1806 1470">
     <span class='ocr_line' id='line_1_6' title="bbox 404 980 1805 1076; baseline -0.007 -13"><span class='ocrx_word' id='word_1_39' title='bbox 404 996 597 1076; x_wconf 76' lang='lat' dir='ltr'>urbicreseor,</span> <span class='ocrx_word' id='word_1_40' title='bbox 612 996 790 1074; x_wconf 75' lang='lat' dir='ltr'>rtyporhrra,</span> <span class='ocrx_word' id='word_1_41' title='bbox 809 997 850 1064; x_wconf 66' lang='lat'>&lt;5</span> <span class='ocrx_word' id='word_1_42' title='bbox 1073 987 1158 1054; x_wconf 86' lang='lat' dir='ltr'>Num</span> <span class='ocrx_word' id='word_1_43' title='bbox 1179 1008 1255 1057; x_wconf 87' lang='lat' dir='ltr'>vero</span> <span class='ocrx_word' id='word_1_44' title='bbox 1276 993 1366 1057; x_wconf 88' lang='lat' dir='ltr'>liceat</span> <span class='ocrx_word' id='word_1_45' title='bbox 1385 993 1506 1072; x_wconf 77' lang='lat' dir='ltr'>exigere</span> <span class='ocrx_word' id='word_1_46' title='bbox 1535 993 1667 1069; x_wconf 87' lang='lat' dir='ltr'>pretium</span> <span class='ocrx_word' id='word_1_47' title='bbox 1686 1006 1703 1056; x_wconf 85' lang='lat' dir='ltr'>a</span> <span class='ocrx_word' id='word_1_48' title='bbox 1720 980 1805 1054; x_wconf 79' lang='lat' dir='ltr'>debi-</span> 
     </span>
     <span class='ocr_line' id='line_1_7' title="bbox 497 1068 1805 1155; baseline -0.005 -14"><span class='ocrx_word' id='word_1_49' title='bbox 497 1075 721 1155; x_wconf 76' lang='lat' dir='ltr'>Transaeiione.</span> <span class='ocrx_word' id='word_1_50' title='bbox 1035 1084 1100 1135; x_wconf 91' lang='lat' dir='ltr'>tore</span> <span class='ocrx_word' id='word_1_51' title='bbox 1128 1092 1182 1149; x_wconf 90' lang='lat' dir='ltr'>pro</span> <span class='ocrx_word' id='word_1_52' title='bbox 1212 1070 1426 1147; x_wconf 82' lang='lat' dir='ltr'>fideiussione,</span> <span class='ocrx_word' id='word_1_53' title='bbox 1457 1092 1517 1137; x_wconf 89' lang='lat' dir='ltr'>non</span> <span class='ocrx_word' id='word_1_54' title='bbox 1539 1075 1626 1149; x_wconf 91' lang='lat' dir='ltr'>pauci</span> <span class='ocrx_word' id='word_1_55' title='bbox 1645 1068 1805 1135; x_wconf 81' lang='lat' dir='ltr'>affirmant</span> 
     </span>
     <span class='ocr_line' id='line_1_8' title="bbox 1035 1150 1805 1232; baseline -0.004 -19"><span class='ocrx_word' id='word_1_56' title='bbox 1035 1152 1151 1216; x_wconf 85' lang='lat' dir='ltr'>licitum</span> <span class='ocrx_word' id='word_1_57' title='bbox 1175 1150 1235 1215; x_wconf 84' lang='lat' dir='ltr'>elle</span> <span class='ocrx_word' id='word_1_58' title='bbox 1261 1173 1316 1232; x_wconf 93' lang='lat' dir='ltr'>pro</span> <span class='ocrx_word' id='word_1_59' title='bbox 1338 1155 1461 1216; x_wconf 79' lang='lat' dir='ltr'>tatione</span> <span class='ocrx_word' id='word_1_60' title='bbox 1483 1155 1666 1229; x_wconf 79' lang='lat' dir='ltr'>quantitatis</span> <span class='ocrx_word' id='word_1_61' title='bbox 1687 1150 1805 1226; x_wconf 81' lang='lat' dir='ltr'>debiti,</span> 
     </span>
     <span class='ocr_line' id='line_1_9' title="bbox 564 1229 1806 1321; baseline -0.008 -19"><span class='ocrx_word' id='word_1_62' title='bbox 564 1245 590 1303; x_wconf 84' lang='lat'>§.</span> <span class='ocrx_word' id='word_1_63' title='bbox 633 1235 657 1298; x_wconf 90' lang='lat' dir='ltr'>l.</span> <span class='ocrx_word' id='word_1_64' title='bbox 1032 1231 1064 1297; x_wconf 77' lang='grc' dir='ltr'>ὅ(</span> <span class='ocrx_word' id='word_1_65' title='bbox 1093 1233 1217 1310; x_wconf 89' lang='lat' dir='ltr'>periculi</span> <span class='ocrx_word' id='word_1_66' title='bbox 1229 1256 1238 1309; x_wconf 77' lang='lat'>3</span> <span class='ocrx_word' id='word_1_67' title='bbox 1261 1249 1287 1293; x_wconf 90' lang='lat' dir='ltr'>r.</span> <span class='ocrx_word' id='word_1_68' title='bbox 1313 1236 1383 1321; x_wconf 86' lang='lat' dir='ltr'>quia</span> <span class='ocrx_word' id='word_1_69' title='bbox 1403 1231 1549 1309; x_wconf 82' lang='lat' dir='ltr'>obligatio</span> <span class='ocrx_word' id='word_1_70' title='bbox 1572 1229 1806 1306; x_wconf 80' lang='lat' dir='ltr'>civitis,qua1ia</span> 
     </span>
     <span class='ocr_line' id='line_1_10' title="bbox 480 1305 1803 1470; baseline -0.006 -13"><span class='ocrx_word' id='word_1_71' title='bbox 480 1352 748 1433; x_wconf 57' lang='lat' dir='ltr'>mo</span> <span class='ocrx_word' id='word_1_72' title='bbox 1031 1305 1803 1470; x_wconf 53' lang='lat' dir='ltr'>ufflfflmme</span> 
     </span>
    </p>
   </div>
   <div class='ocr_carea' id='block_1_2' title="bbox 177 1464 1802 1623">
    <p class='ocr_par' dir='ltr' id='par_1_4' title="bbox 177 1464 1802 1623">
     <span class='ocr_line' id='line_1_11' title="bbox 177 1464 1802 1623; baseline -0.002 -89"><span class='ocrx_word' id='word_1_73' title='bbox 177 1467 443 1623; x_wconf 55' lang='lat' dir='ltr'>llFHeiUffio</span> <span class='ocrx_word' id='word_1_74' title='bbox 463 1470 506 1534; x_wconf 88' lang='lat' dir='ltr'>ell</span> <span class='ocrx_word' id='word_1_75' title='bbox 526 1468 787 1547; x_wconf 75' lang='lat' dir='ltr'>contractos,quo</span> <span class='ocrx_word' id='word_1_76' title='bbox 814 1470 877 1545; x_wconf 87' lang='lat' dir='ltr'>quis</span> <span class='ocrx_word' id='word_1_77' title='bbox 902 1464 995 1608; x_wconf 61' lang='lat' dir='ltr'>[fasci</span> <span class='ocrx_word' id='word_1_78' title='bbox 1032 1469 1080 1535; x_wconf 92' lang='lat' dir='ltr'>sor</span> <span class='ocrx_word' id='word_1_79' title='bbox 1101 1489 1311 1535; x_wconf 76' lang='lat' dir='ltr'>tenetureanr</span> <span class='ocrx_word' id='word_1_80' title='bbox 1331 1474 1426 1552; x_wconf 82' lang='lat' dir='ltr'>gratis</span> <span class='ocrx_word' id='word_1_81' title='bbox 1454 1467 1619 1550; x_wconf 77' lang='lat' dir='ltr'>praestare,</span> <span class='ocrx_word' id='word_1_82' title='bbox 1648 1490 1703 1533; x_wconf 93' lang='lat' dir='ltr'>nec</span> <span class='ocrx_word' id='word_1_83' title='bbox 1729 1468 1802 1533; x_wconf 77' lang='lat' dir='ltr'>ratis</span> 
     </span>
    </p>
   </div>
   <div class='ocr_carea' id='block_1_3' title="bbox 177 1546 1979 5353">
    <p class='ocr_par' dir='ltr' id='par_1_5' title="bbox 177 1546 1979 5353">
     <span class='ocr_line' id='line_1_12' title="bbox 305 1546 1799 1640; baseline 0 -29"><span class='ocrx_word' id='word_1_84' title='bbox 305 1547 351 1640; x_wconf 74' lang='lat' dir='ltr'>pit</span> <span class='ocrx_word' id='word_1_85' title='bbox 367 1549 399 1615; x_wconf 88' lang='lat' dir='ltr'>in</span> <span class='ocrx_word' id='word_1_86' title='bbox 417 1549 450 1630; x_wconf 79' lang='lat' dir='ltr'>se</span> <span class='ocrx_word' id='word_1_87' title='bbox 477 1547 677 1631; x_wconf 73' lang='lat' dir='ltr'>obligationem</span> <span class='ocrx_word' id='word_1_88' title='bbox 701 1548 839 1626; x_wconf 75' lang='lat' dir='ltr'>solvendi</span> <span class='ocrx_word' id='word_1_89' title='bbox 865 1549 900 1612; x_wconf 86' lang='lat' dir='ltr'>dr</span> <span class='ocrx_word' id='word_1_90' title='bbox 919 1561 996 1612; x_wconf 81' lang='lat' dir='ltr'>itum</span> <span class='ocrx_word' id='word_1_91' title='bbox 1031 1550 1127 1627; x_wconf 77' lang='lat' dir='ltr'>pallio</span> <span class='ocrx_word' id='word_1_92' title='bbox 1146 1549 1188 1614; x_wconf 86' lang='lat' dir='ltr'>cll</span> <span class='ocrx_word' id='word_1_93' title='bbox 1204 1569 1345 1615; x_wconf 86' lang='lat' dir='ltr'>mutuum</span> <span class='ocrx_word' id='word_1_94' title='bbox 1366 1552 1526 1629; x_wconf 91' lang='lat' dir='ltr'>virtuale,</span> <span class='ocrx_word' id='word_1_95' title='bbox 1554 1565 1704 1629; x_wconf 85' lang='lat' dir='ltr'>quatenus</span> <span class='ocrx_word' id='word_1_96' title='bbox 1726 1546 1799 1611; x_wconf 84' lang='lat' dir='ltr'>fide·</span> 
     </span>
     <span class='ocr_line' id='line_1_13' title="bbox 184 1626 1797 1773; baseline -0.004 -78"><span class='ocrx_word' id='word_1_97' title='bbox 184 1647 196 1669; x_wconf 90' lang='lat'><strong>·</strong></span> <span class='ocrx_word' id='word_1_98' title='bbox 224 1631 367 1708; x_wconf 67' lang='lat' dir='ltr'>armus,</span> <span class='ocrx_word' id='word_1_99' title='bbox 379 1632 408 1712; x_wconf 82' lang='lat' dir='ltr'><em>fi</em></span> <span class='ocrx_word' id='word_1_100' title='bbox 428 1627 488 1710; x_wconf 79' lang='lat' dir='ltr'>ipse</span> <span class='ocrx_word' id='word_1_101' title='bbox 503 1626 695 1773; x_wconf 50' lang='lat' dir='ltr'>norfolciae,</span> <span class='ocrx_word' id='word_1_102' title='bbox 722 1628 771 1690; x_wconf 88' lang='lat' dir='ltr'>seu</span> <span class='ocrx_word' id='word_1_103' title='bbox 795 1626 995 1705; x_wconf 75' lang='lat' dir='ltr'>contraditis,</span> <span class='ocrx_word' id='word_1_104' title='bbox 1031 1632 1124 1694; x_wconf 90' lang='lat' dir='ltr'>iullor</span> <span class='ocrx_word' id='word_1_105' title='bbox 1143 1629 1223 1707; x_wconf 82' lang='lat' dir='ltr'>quasi</span> <span class='ocrx_word' id='word_1_106' title='bbox 1245 1630 1314 1693; x_wconf 89' lang='lat' dir='ltr'>dare</span> <span class='ocrx_word' id='word_1_107' title='bbox 1334 1629 1494 1695; x_wconf 81' lang='lat' dir='ltr'>censeatur</span> <span class='ocrx_word' id='word_1_108' title='bbox 1510 1629 1598 1696; x_wconf 89' lang='lat' dir='ltr'>alterl</span> <span class='ocrx_word' id='word_1_109' title='bbox 1621 1630 1797 1706; x_wconf 87' lang='lat' dir='ltr'>pecuniam,</span> 
     </span>
     <span class='ocr_line' id='line_1_14' title="bbox 227 1704 1798 1789; baseline -0.002 -17"><span class='ocrx_word' id='word_1_110' title='bbox 227 1727 283 1787; x_wconf 82' lang='lat' dir='ltr'>quo</span> <span class='ocrx_word' id='word_1_111' title='bbox 302 1707 369 1789; x_wconf 83' lang='lat' dir='ltr'>quis</span> <span class='ocrx_word' id='word_1_112' title='bbox 389 1709 514 1775; x_wconf 81' lang='lat' dir='ltr'>alienam</span> <span class='ocrx_word' id='word_1_113' title='bbox 534 1705 732 1789; x_wconf 81' lang='lat' dir='ltr'>obr&#39;gatr&#39;onem</span> <span class='ocrx_word' id='word_1_114' title='bbox 754 1706 929 1785; x_wconf 80' lang='lat' dir='ltr'><em>implendam</em></span> <span class='ocrx_word' id='word_1_115' title='bbox 940 1704 995 1787; x_wconf 75' lang='lat' dir='ltr'>su·</span> <span class='ocrx_word' id='word_1_116' title='bbox 1030 1710 1101 1776; x_wconf 89' lang='lat' dir='ltr'>dum</span> <span class='ocrx_word' id='word_1_117' title='bbox 1130 1712 1227 1774; x_wconf 88' lang='lat' dir='ltr'>eidem</span> <span class='ocrx_word' id='word_1_118' title='bbox 1258 1708 1344 1775; x_wconf 88' lang='lat' dir='ltr'>illam</span> <span class='ocrx_word' id='word_1_119' title='bbox 1368 1725 1510 1788; x_wconf 83' lang='lat' dir='ltr'>procurat</span> <span class='ocrx_word' id='word_1_120' title='bbox 1539 1709 1569 1773; x_wconf 93' lang='lat' dir='ltr'>se</span> <span class='ocrx_word' id='word_1_121' title='bbox 1593 1708 1798 1772; x_wconf 80' lang='lat' dir='ltr'>fideiussorem</span> 
     </span>
     <span class='ocr_line' id='line_1_15' title="bbox 221 1782 1798 1877; baseline -0.004 -22"><span class='ocrx_word' id='word_1_122' title='bbox 221 1787 332 1870; x_wconf 62' lang='lat' dir='ltr'>sopit,</span> <span class='ocrx_word' id='word_1_123' title='bbox 342 1791 368 1869; x_wconf 86' lang='lat' dir='ltr'><em>fi</em></span> <span class='ocrx_word' id='word_1_124' title='bbox 383 1788 492 1871; x_wconf 81' lang='lat' dir='ltr'>debitor</span> <span class='ocrx_word' id='word_1_125' title='bbox 504 1788 673 1877; x_wconf 72' lang='lat' dir='ltr'>principalis</span> <span class='ocrx_word' id='word_1_126' title='bbox 693 1805 756 1851; x_wconf 83' lang='lat' dir='ltr'>eam</span> <span class='ocrx_word' id='word_1_127' title='bbox 779 1808 834 1850; x_wconf 82' lang='lat' dir='ltr'>non</span> <span class='ocrx_word' id='word_1_128' title='bbox 853 1786 993 1865; x_wconf 83' lang='lat' dir='ltr'>impleve-</span> <span class='ocrx_word' id='word_1_129' title='bbox 1029 1791 1266 1867; x_wconf 83' lang='lat' dir='ltr'>constituendo,</span> <span class='ocrx_word' id='word_1_130' title='bbox 1286 1807 1356 1854; x_wconf 89' lang='lat' dir='ltr'>eum</span> <span class='ocrx_word' id='word_1_131' title='bbox 1373 1794 1403 1852; x_wconf 90' lang='lat' dir='ltr'>in</span> <span class='ocrx_word' id='word_1_132' title='bbox 1426 1789 1613 1854; x_wconf 78' lang='lat' dir='ltr'>fideiussione</span> <span class='ocrx_word' id='word_1_133' title='bbox 1634 1785 1715 1851; x_wconf 92' lang='lat' dir='ltr'>nulla</span> <span class='ocrx_word' id='word_1_134' title='bbox 1740 1782 1798 1849; x_wconf 85' lang='lat' dir='ltr'>liat</span> 
     </span>
     <span class='ocr_line' id='line_1_16' title="bbox 177 1862 1799 1954; baseline -0.005 -19"><span class='ocrx_word' id='word_1_135' title='bbox 177 1868 410 1954; x_wconf 38' lang='lat' dir='ltr'>fradulenter</span> <span class='ocrx_word' id='word_1_136' title='bbox 427 1887 532 1935; x_wconf 91' lang='lat' dir='ltr'>autem</span> <span class='ocrx_word' id='word_1_137' title='bbox 549 1867 617 1931; x_wconf 87' lang='lat' dir='ltr'>sunt</span> <span class='ocrx_word' id='word_1_138' title='bbox 632 1862 826 1930; x_wconf 80' lang='lat' dir='ltr'>bdeiuslionis</span> <span class='ocrx_word' id='word_1_139' title='bbox 845 1868 993 1931; x_wconf 86' lang='lat' dir='ltr'>conditio·</span> <span class='ocrx_word' id='word_1_140' title='bbox 1030 1874 1072 1934; x_wconf 91' lang='lat' dir='ltr'>rei</span> <span class='ocrx_word' id='word_1_141' title='bbox 1098 1871 1245 1947; x_wconf 88' lang='lat' dir='ltr'>traditio,</span> <span class='ocrx_word' id='word_1_142' title='bbox 1265 1891 1333 1946; x_wconf 87' lang='lat' dir='ltr'>quae</span> <span class='ocrx_word' id='word_1_143' title='bbox 1355 1873 1385 1932; x_wconf 91' lang='lat' dir='ltr'>io</span> <span class='ocrx_word' id='word_1_144' title='bbox 1413 1888 1523 1933; x_wconf 90' lang='lat' dir='ltr'>mutuo</span> <span class='ocrx_word' id='word_1_145' title='bbox 1545 1872 1641 1935; x_wconf 86' lang='lat' dir='ltr'>etiam</span> <span class='ocrx_word' id='word_1_146' title='bbox 1669 1864 1799 1931; x_wconf 89' lang='lat' dir='ltr'>virtuali</span> 
     </span>
     <span class='ocr_line' id='line_1_17' title="bbox 177 1943 1799 2027; baseline -0.004 -13"><span class='ocrx_word' id='word_1_147' title='bbox 177 1947 205 2000; x_wconf 61' lang='lat' dir='ltr'>l*</span> <span class='ocrx_word' id='word_1_148' title='bbox 227 1967 301 2025; x_wconf 82' lang='lat' dir='ltr'>nes,</span> <span class='ocrx_word' id='word_1_149' title='bbox 322 1967 349 2011; x_wconf 86' lang='lat'>1.</span> <span class='ocrx_word' id='word_1_150' title='bbox 378 1969 486 2027; x_wconf 84' lang='lat' dir='ltr'>nempe</span> <span class='ocrx_word' id='word_1_151' title='bbox 513 1947 591 2027; x_wconf 83' lang='lat' dir='ltr'>quod</span> <span class='ocrx_word' id='word_1_152' title='bbox 618 1946 770 2010; x_wconf 82' lang='lat' dir='ltr'>fideiussor</span> <span class='ocrx_word' id='word_1_153' title='bbox 797 1965 858 2009; x_wconf 90' lang='lat' dir='ltr'>non</span> <span class='ocrx_word' id='word_1_154' title='bbox 877 1944 993 2024; x_wconf 76' lang='lat' dir='ltr'>obliga·</span> <span class='ocrx_word' id='word_1_155' title='bbox 1030 1952 1214 2027; x_wconf 85' lang='lat' dir='ltr'>requiritur,</span> <span class='ocrx_word' id='word_1_156' title='bbox 1231 1952 1278 2013; x_wconf 88' lang='lat' dir='ltr'>led</span> <span class='ocrx_word' id='word_1_157' title='bbox 1296 1943 1417 2027; x_wconf 87' lang='lat' dir='ltr'>praecise</span> <span class='ocrx_word' id='word_1_158' title='bbox 1436 1948 1594 2025; x_wconf 87' lang='lat' dir='ltr'>suscipitur</span> <span class='ocrx_word' id='word_1_159' title='bbox 1613 1945 1799 2013; x_wconf 88' lang='lat' dir='ltr'>alienaobli·</span> 
     </span>
     <span class='ocr_line' id='line_1_18' title="bbox 177 2022 1802 2109; baseline -0.004 -15"><span class='ocrx_word' id='word_1_160' title='bbox 177 2024 281 2094; x_wconf 80' lang='lat' dir='ltr'>¹&#39;&#39;tut</span> <span class='ocrx_word' id='word_1_161' title='bbox 316 2028 502 2093; x_wconf 80' lang='lat' dir='ltr'>sidebitoris</span> <span class='ocrx_word' id='word_1_162' title='bbox 524 2025 695 2105; x_wconf 85' lang='lat' dir='ltr'>principalis</span> <span class='ocrx_word' id='word_1_163' title='bbox 711 2026 861 2105; x_wconf 82' lang='lat' dir='ltr'>obligatio</span> <span class='ocrx_word' id='word_1_164' title='bbox 881 2026 992 2090; x_wconf 91' lang='lat' dir='ltr'>invali·</span> <span class='ocrx_word' id='word_1_165' title='bbox 1029 2032 1173 2109; x_wconf 81' lang='lat' dir='ltr'>garinim</span> <span class='ocrx_word' id='word_1_166' title='bbox 1194 2030 1299 2094; x_wconf 85' lang='lat' dir='ltr'>lenda.</span> <span class='ocrx_word' id='word_1_167' title='bbox 1320 2029 1387 2093; x_wconf 90' lang='lat' dir='ltr'>Nec</span> <span class='ocrx_word' id='word_1_168' title='bbox 1413 2022 1567 2093; x_wconf 82' lang='lat' dir='ltr'>fideiussor</span> <span class='ocrx_word' id='word_1_169' title='bbox 1598 2024 1713 2104; x_wconf 84' lang='lat' dir='ltr'>aliquid</span> <span class='ocrx_word' id='word_1_170' title='bbox 1733 2027 1802 2109; x_wconf 49' lang='lat' dir='ltr'>exi&lt;</span> 
     </span>
     <span class='ocr_line' id='line_1_19' title="bbox 226 2053 1800 2188; baseline -0.003 -15"><span class='ocrx_word' id='word_1_171' title='bbox 226 2107 265 2173; x_wconf 87' lang='lat' dir='ltr'>da</span> <span class='ocrx_word' id='word_1_172' title='bbox 285 2075 345 2185; x_wconf 74' lang='lat' dir='ltr'>llt,</span> <span class='ocrx_word' id='word_1_173' title='bbox 366 2109 417 2172; x_wconf 91' lang='lat' dir='ltr'>vel</span> <span class='ocrx_word' id='word_1_174' title='bbox 439 2107 675 2185; x_wconf 76' lang='lat' dir='ltr'>stertingatur3</span> <span class='ocrx_word' id='word_1_175' title='bbox 692 2106 786 2170; x_wconf 82' lang='lat' dir='ltr'>cellar</span> <span class='ocrx_word' id='word_1_176' title='bbox 809 2108 891 2167; x_wconf 89' lang='lat' dir='ltr'>enim</span> <span class='ocrx_word' id='word_1_177' title='bbox 918 2104 992 2168; x_wconf 92' lang='lat' dir='ltr'>obli·</span> <span class='ocrx_word' id='word_1_178' title='bbox 1027 2114 1071 2188; x_wconf 81' lang='lat' dir='ltr'>git</span> <span class='ocrx_word' id='word_1_179' title='bbox 1090 2129 1146 2188; x_wconf 92' lang='lat' dir='ltr'>pro</span> <span class='ocrx_word' id='word_1_180' title='bbox 1167 2053 1313 2174; x_wconf 74' lang='lat' dir='ltr'>sblvenda</span> <span class='ocrx_word' id='word_1_181' title='bbox 1334 2109 1476 2172; x_wconf 89' lang='lat' dir='ltr'>creditori</span> <span class='ocrx_word' id='word_1_182' title='bbox 1500 2113 1629 2184; x_wconf 85' lang='lat' dir='ltr'>pecunia</span> <span class='ocrx_word' id='word_1_183' title='bbox 1652 2110 1719 2173; x_wconf 89' lang='lat' dir='ltr'>loco</span> <span class='ocrx_word' id='word_1_184' title='bbox 1742 2105 1800 2168; x_wconf 78' lang='lat' dir='ltr'>de⁴</span> 
     </span>
     <span class='ocr_line' id='line_1_20' title="bbox 226 2180 1800 2268; baseline -0.004 -17"><span class='ocrx_word' id='word_1_185' title='bbox 226 2188 313 2268; x_wconf 73' lang='lat' dir='ltr'>gatio</span> <span class='ocrx_word' id='word_1_186' title='bbox 332 2186 514 2251; x_wconf 81' lang='lat' dir='ltr'>fideiussoria</span> <span class='ocrx_word' id='word_1_187' title='bbox 536 2181 815 2260; x_wconf 73' lang='lat' dir='ltr'>materteraefettu,</span> <span class='ocrx_word' id='word_1_188' title='bbox 837 2206 902 2261; x_wconf 85' lang='lat' dir='ltr'>quae</span> <span class='ocrx_word' id='word_1_189' title='bbox 919 2184 990 2247; x_wconf 89' lang='lat' dir='ltr'>sem·</span> <span class='ocrx_word' id='word_1_190' title='bbox 1028 2191 1157 2262; x_wconf 85' lang='lat' dir='ltr'>bitoris,</span> <span class='ocrx_word' id='word_1_191' title='bbox 1187 2190 1265 2265; x_wconf 87' lang='lat' dir='ltr'>quod</span> <span class='ocrx_word' id='word_1_192' title='bbox 1296 2205 1403 2253; x_wconf 88' lang='lat' dir='ltr'>revera</span> <span class='ocrx_word' id='word_1_193' title='bbox 1432 2190 1505 2252; x_wconf 87' lang='lat' dir='ltr'>ellet</span> <span class='ocrx_word' id='word_1_194' title='bbox 1527 2186 1720 2262; x_wconf 89' lang='lat' dir='ltr'>usurarium,</span> <span class='ocrx_word' id='word_1_195' title='bbox 1749 2180 1800 2246; x_wconf 89' lang='lat' dir='ltr'>sed</span> 
     </span>
     <span class='ocr_line' id='line_1_21' title="bbox 226 2263 1800 2348; baseline -0.003 -16"><span class='ocrx_word' id='word_1_196' title='bbox 226 2285 279 2345; x_wconf 83' lang='lat' dir='ltr'>per</span> <span class='ocrx_word' id='word_1_197' title='bbox 298 2263 440 2345; x_wconf 75' lang='lat' dir='ltr'>supponit</span> <span class='ocrx_word' id='word_1_198' title='bbox 460 2266 680 2348; x_wconf 84' lang='lat' dir='ltr'>obligationem</span> <span class='ocrx_word' id='word_1_199' title='bbox 711 2266 928 2343; x_wconf 86' lang='lat' dir='ltr'>principalem,</span> <span class='ocrx_word' id='word_1_200' title='bbox 942 2268 991 2328; x_wconf 90' lang='lat' dir='ltr'>cui</span> <span class='ocrx_word' id='word_1_201' title='bbox 1029 2290 1082 2345; x_wconf 93' lang='lat' dir='ltr'>pro</span> <span class='ocrx_word' id='word_1_202' title='bbox 1101 2270 1288 2346; x_wconf 79' lang='lat' dir='ltr'>obIIgatione</span> <span class='ocrx_word' id='word_1_203' title='bbox 1308 2269 1440 2332; x_wconf 87' lang='lat' dir='ltr'>solvendi</span> <span class='ocrx_word' id='word_1_204' title='bbox 1463 2267 1599 2331; x_wconf 88' lang='lat' dir='ltr'>debitum</span> <span class='ocrx_word' id='word_1_205' title='bbox 1627 2263 1697 2333; x_wconf 89' lang='lat' dir='ltr'>loco</span> <span class='ocrx_word' id='word_1_206' title='bbox 1718 2264 1800 2329; x_wconf 81' lang='lat' dir='ltr'>alte·</span> 
     </span>
     <span class='ocr_line' id='line_1_22' title="bbox 225 2341 1798 2427; baseline -0.002 -15"><span class='ocrx_word' id='word_1_207' title='bbox 225 2345 269 2412; x_wconf 83' lang='lat' dir='ltr'>ell</span> <span class='ocrx_word' id='word_1_208' title='bbox 287 2347 447 2412; x_wconf 80' lang='lat' dir='ltr'>accelloria</span> <span class='ocrx_word' id='word_1_209' title='bbox 473 2372 482 2409; x_wconf 94' lang='lat'>.·</span> <span class='ocrx_word' id='word_1_210' title='bbox 503 2368 564 2411; x_wconf 89' lang='lat' dir='ltr'>uon</span> <span class='ocrx_word' id='word_1_211' title='bbox 582 2344 715 2410; x_wconf 88' lang='lat' dir='ltr'>intendit</span> <span class='ocrx_word' id='word_1_212' title='bbox 739 2347 821 2407; x_wconf 81' lang='lat' dir='ltr'>eninr</span> <span class='ocrx_word' id='word_1_213' title='bbox 841 2341 992 2410; x_wconf 80' lang='lat' dir='ltr'>fideiuslor</span> <span class='ocrx_word' id='word_1_214' title='bbox 1029 2352 1113 2427; x_wconf 84' lang='lat' dir='ltr'>rius,</span> <span class='ocrx_word' id='word_1_215' title='bbox 1132 2348 1205 2413; x_wconf 89' lang='lat' dir='ltr'>idell</span> <span class='ocrx_word' id='word_1_216' title='bbox 1223 2367 1275 2423; x_wconf 92' lang='lat' dir='ltr'>pro</span> <span class='ocrx_word' id='word_1_217' title='bbox 1301 2346 1433 2424; x_wconf 89' lang='lat' dir='ltr'>eoquod</span> <span class='ocrx_word' id='word_1_218' title='bbox 1466 2344 1605 2423; x_wconf 86' lang='lat' dir='ltr'>suscipiat</span> <span class='ocrx_word' id='word_1_219' title='bbox 1635 2342 1798 2425; x_wconf 80' lang='lat' dir='ltr'>obligatio·</span> 
     </span>
     <span class='ocr_line' id='line_1_23' title="bbox 226 2421 1797 2504; baseline -0.003 -15"><span class='ocrx_word' id='word_1_220' title='bbox 226 2427 255 2489; x_wconf 87' lang='lat' dir='ltr'>le</span> <span class='ocrx_word' id='word_1_221' title='bbox 270 2425 406 2504; x_wconf 79' lang='lat' dir='ltr'>obligare</span> <span class='ocrx_word' id='word_1_222' title='bbox 431 2447 485 2504; x_wconf 91' lang='lat' dir='ltr'>pro</span> <span class='ocrx_word' id='word_1_223' title='bbox 507 2445 563 2502; x_wconf 92' lang='lat' dir='ltr'>eo,</span> <span class='ocrx_word' id='word_1_224' title='bbox 581 2427 631 2503; x_wconf 88' lang='lat' dir='ltr'>qui</span> <span class='ocrx_word' id='word_1_225' title='bbox 655 2421 752 2500; x_wconf 89' lang='lat' dir='ltr'>reipsa</span> <span class='ocrx_word' id='word_1_226' title='bbox 782 2422 856 2486; x_wconf 87' lang='lat' dir='ltr'>nibil</span> <span class='ocrx_word' id='word_1_227' title='bbox 873 2422 961 2488; x_wconf 88' lang='lat' dir='ltr'>debet</span> <span class='ocrx_word' id='word_1_228' title='bbox 982 2468 990 2485; x_wconf 83' lang='grc'><strong>.</strong></span> <span class='ocrx_word' id='word_1_229' title='bbox 1030 2448 1097 2491; x_wconf 89' lang='lat' dir='ltr'>nem</span> <span class='ocrx_word' id='word_1_230' title='bbox 1118 2429 1175 2492; x_wconf 89' lang='lat' dir='ltr'>tali</span> <span class='ocrx_word' id='word_1_231' title='bbox 1192 2428 1293 2491; x_wconf 86' lang='lat' dir='ltr'>debito</span> <span class='ocrx_word' id='word_1_232' title='bbox 1309 2426 1524 2492; x_wconf 83' lang='lat' dir='ltr'>satisfaciendi.</span> <span class='ocrx_word' id='word_1_233' title='bbox 1545 2429 1575 2489; x_wconf 85' lang='lat' dir='ltr'>Si</span> <span class='ocrx_word' id='word_1_234' title='bbox 1598 2444 1702 2491; x_wconf 89' lang='lat' dir='ltr'>tamen</span> <span class='ocrx_word' id='word_1_235' title='bbox 1724 2424 1797 2488; x_wconf 89' lang='lat' dir='ltr'>fide·</span> 
     </span>
     <span class='ocr_line' id='line_1_24' title="bbox 226 2498 1797 2593; baseline -0.001 -26"><span class='ocrx_word' id='word_1_236' title='bbox 226 2523 253 2567; x_wconf 73' lang='grc' dir='ltr'>ι.</span> <span class='ocrx_word' id='word_1_237' title='bbox 272 2505 440 2571; x_wconf 82' lang='lat' dir='ltr'>FIdeiulIor</span> <span class='ocrx_word' id='word_1_238' title='bbox 465 2507 530 2586; x_wconf 85' lang='lat' dir='ltr'>plus</span> <span class='ocrx_word' id='word_1_239' title='bbox 547 2510 579 2568; x_wconf 93' lang='lat' dir='ltr'>in</span> <span class='ocrx_word' id='word_1_240' title='bbox 600 2502 768 2593; x_wconf 77' lang='lat' dir='ltr'>accessione</span> <span class='ocrx_word' id='word_1_241' title='bbox 784 2503 845 2567; x_wconf 85' lang='lat' dir='ltr'>effe</span> <span class='ocrx_word' id='word_1_242' title='bbox 865 2504 991 2593; x_wconf 82' lang='lat' dir='ltr'>nonde·</span> <span class='ocrx_word' id='word_1_243' title='bbox 1029 2508 1122 2573; x_wconf 87' lang='lat' dir='ltr'>iullor</span> <span class='ocrx_word' id='word_1_244' title='bbox 1148 2507 1221 2571; x_wconf 91' lang='lat' dir='ltr'>sciat</span> <span class='ocrx_word' id='word_1_245' title='bbox 1246 2498 1364 2572; x_wconf 89' lang='lat' dir='ltr'>lrullum</span> <span class='ocrx_word' id='word_1_246' title='bbox 1383 2498 1499 2572; x_wconf 88' lang='lat' dir='ltr'>subesse</span> <span class='ocrx_word' id='word_1_247' title='bbox 1519 2503 1713 2584; x_wconf 87' lang='lat' dir='ltr'>periculum,</span> <span class='ocrx_word' id='word_1_248' title='bbox 1740 2515 1797 2566; x_wconf 87' lang='lat' dir='ltr'>nec</span> 
     </span>
     <span class='ocr_line' id='line_1_25' title="bbox 223 2582 1799 2664; baseline -0.003 -14"><span class='ocrx_word' id='word_1_249' title='bbox 223 2587 297 2662; x_wconf 90' lang='lat' dir='ltr'>bet,</span> <span class='ocrx_word' id='word_1_250' title='bbox 314 2603 405 2662; x_wconf 86' lang='lat' dir='ltr'>quam</span> <span class='ocrx_word' id='word_1_251' title='bbox 426 2588 458 2649; x_wconf 89' lang='lat' dir='ltr'>in</span> <span class='ocrx_word' id='word_1_252' title='bbox 480 2585 668 2663; x_wconf 84' lang='lat' dir='ltr'>principale,</span> <span class='ocrx_word' id='word_1_253' title='bbox 684 2584 779 2663; x_wconf 79' lang='lat' dir='ltr'>Instat.</span> <span class='ocrx_word' id='word_1_254' title='bbox 798 2584 834 2646; x_wconf 80' lang='lat' dir='ltr'>de</span> <span class='ocrx_word' id='word_1_255' title='bbox 853 2582 989 2663; x_wconf 81' lang='lat' dir='ltr'>fideiuss.</span> <span class='ocrx_word' id='word_1_256' title='bbox 1028 2586 1215 2664; x_wconf 63' lang='lat' dir='ltr'>molestum,</span> <span class='ocrx_word' id='word_1_257' title='bbox 1235 2585 1358 2652; x_wconf 87' lang='lat' dir='ltr'>censent</span> <span class='ocrx_word' id='word_1_258' title='bbox 1379 2587 1432 2651; x_wconf 86' lang='lat' dir='ltr'>alii</span> <span class='ocrx_word' id='word_1_259' title='bbox 1448 2585 1481 2651; x_wconf 78' lang='lat' dir='ltr'>bc</span> <span class='ocrx_word' id='word_1_260' title='bbox 1509 2585 1712 2664; x_wconf 77' lang='lat' dir='ltr'>probabilius,</span> <span class='ocrx_word' id='word_1_261' title='bbox 1733 2586 1799 2657; x_wconf 89' lang='lat' dir='ltr'>qui·</span> 
     </span>
     <span class='ocr_line' id='line_1_26' title="bbox 225 2663 1797 2744; baseline -0.004 -15"><span class='ocrx_word' id='word_1_262' title='bbox 225 2668 315 2744; x_wconf 87' lang='lat' dir='ltr'>quia,</span> <span class='ocrx_word' id='word_1_263' title='bbox 332 2683 366 2729; x_wconf 87' lang='lat' dir='ltr'>nt</span> <span class='ocrx_word' id='word_1_264' title='bbox 387 2666 496 2729; x_wconf 87' lang='lat' dir='ltr'>ibidem</span> <span class='ocrx_word' id='word_1_265' title='bbox 515 2665 650 2740; x_wconf 92' lang='lat' dir='ltr'>dicitur,</span> <span class='ocrx_word' id='word_1_266' title='bbox 666 2684 727 2726; x_wconf 93' lang='lat' dir='ltr'>non</span> <span class='ocrx_word' id='word_1_267' title='bbox 745 2663 843 2740; x_wconf 85' lang='lat' dir='ltr'>potell</span> <span class='ocrx_word' id='word_1_268' title='bbox 865 2665 901 2727; x_wconf 89' lang='lat' dir='ltr'>ad</span> <span class='ocrx_word' id='word_1_269' title='bbox 924 2666 990 2742; x_wconf 80' lang='lat' dir='ltr'>plus</span> <span class='ocrx_word' id='word_1_270' title='bbox 1027 2669 1079 2731; x_wconf 86' lang='lat' dir='ltr'>bus</span> <span class='ocrx_word' id='word_1_271' title='bbox 1111 2673 1179 2730; x_wconf 85' lang='lat' dir='ltr'>ideo</span> <span class='ocrx_word' id='word_1_272' title='bbox 1204 2668 1275 2730; x_wconf 87' lang='lat' dir='ltr'>mihi</span> <span class='ocrx_word' id='word_1_273' title='bbox 1297 2669 1422 2732; x_wconf 90' lang='lat' dir='ltr'>videtur</span> <span class='ocrx_word' id='word_1_274' title='bbox 1446 2667 1696 2743; x_wconf 74' lang='lat' dir='ltr'>attendendum,</span> <span class='ocrx_word' id='word_1_275' title='bbox 1726 2683 1797 2725; x_wconf 92' lang='lat' dir='ltr'>eum</span> 
     </span>
     <span class='ocr_line' id='line_1_27' title="bbox 199 2741 1797 2826; baseline -0.001 -18"><span class='ocrx_word' id='word_1_276' title='bbox 199 2754 200 2758; x_wconf 77' lang='grc'>’</span> <span class='ocrx_word' id='word_1_277' title='bbox 225 2745 352 2826; x_wconf 80' lang='lat' dir='ltr'>obligari</span> <span class='ocrx_word' id='word_1_278' title='bbox 368 2742 432 2810; x_wconf 84' lang='lat' dir='ltr'>sive</span> <span class='ocrx_word' id='word_1_279' title='bbox 447 2747 570 2810; x_wconf 89' lang='lat' dir='ltr'>ratione</span> <span class='ocrx_word' id='word_1_280' title='bbox 585 2746 772 2823; x_wconf 85' lang='lat' dir='ltr'>quantitatis</span> <span class='ocrx_word' id='word_1_281' title='bbox 791 2792 800 2822; x_wconf 94' lang='lat'>,</span> <span class='ocrx_word' id='word_1_282' title='bbox 819 2741 884 2808; x_wconf 85' lang='lat' dir='ltr'>five</span> <span class='ocrx_word' id='word_1_283' title='bbox 905 2744 965 2807; x_wconf 88' lang='lat' dir='ltr'>loci</span> <span class='ocrx_word' id='word_1_284' title='bbox 982 2789 989 2817; x_wconf 88' lang='lat'>,</span> <span class='ocrx_word' id='word_1_285' title='bbox 1028 2749 1101 2811; x_wconf 90' lang='lat' dir='ltr'>nihil</span> <span class='ocrx_word' id='word_1_286' title='bbox 1112 2747 1192 2823; x_wconf 86' lang='lat' dir='ltr'>posse</span> <span class='ocrx_word' id='word_1_287' title='bbox 1209 2752 1349 2825; x_wconf 82' lang='lat' dir='ltr'>exigere,</span> <span class='ocrx_word' id='word_1_288' title='bbox 1365 2748 1437 2823; x_wconf 90' lang='lat' dir='ltr'>quia</span> <span class='ocrx_word' id='word_1_289' title='bbox 1453 2761 1529 2810; x_wconf 88' lang='lat' dir='ltr'>tunc</span> <span class='ocrx_word' id='word_1_290' title='bbox 1547 2745 1797 2825; x_wconf 83' lang='lat' dir='ltr'>obligatioquam</span> 
     </span>
     <span class='ocr_line' id='line_1_28' title="bbox 224 2822 1798 2904; baseline -0.001 -18"><span class='ocrx_word' id='word_1_291' title='bbox 224 2826 290 2890; x_wconf 81' lang='lat' dir='ltr'>rive</span> <span class='ocrx_word' id='word_1_292' title='bbox 319 2826 490 2904; x_wconf 83' lang='lat' dir='ltr'>temporis,</span> <span class='ocrx_word' id='word_1_293' title='bbox 519 2843 611 2902; x_wconf 84' lang='lat' dir='ltr'>quarn</span> <span class='ocrx_word' id='word_1_294' title='bbox 640 2822 812 2900; x_wconf 80' lang='lat' dir='ltr'>principalis</span> <span class='ocrx_word' id='word_1_295' title='bbox 853 2822 990 2899; x_wconf 89' lang='lat' dir='ltr'>debitor;</span> <span class='ocrx_word' id='word_1_296' title='bbox 1029 2824 1165 2903; x_wconf 77' lang='lat' dir='ltr'>Iristioit,</span> <span class='ocrx_word' id='word_1_297' title='bbox 1186 2845 1247 2888; x_wconf 91' lang='lat' dir='ltr'>non</span> <span class='ocrx_word' id='word_1_298' title='bbox 1273 2826 1370 2902; x_wconf 83' lang='lat' dir='ltr'>potest</span> <span class='ocrx_word' id='word_1_299' title='bbox 1395 2826 1508 2887; x_wconf 84' lang='lat' dir='ltr'>censeri</span> <span class='ocrx_word' id='word_1_300' title='bbox 1531 2845 1609 2890; x_wconf 86' lang='lat' dir='ltr'>onus</span> <span class='ocrx_word' id='word_1_301' title='bbox 1638 2826 1736 2902; x_wconf 87' lang='lat' dir='ltr'>pretio</span> <span class='ocrx_word' id='word_1_302' title='bbox 1754 2838 1798 2883; x_wconf 70' lang='grc' dir='ltr'>σε·</span> 
     </span>
     <span class='ocr_line' id='line_1_29' title="bbox 223 2901 1565 2981; baseline -0.001 -11"><span class='ocrx_word' id='word_1_303' title='bbox 223 2901 321 2981; x_wconf 84' lang='lat' dir='ltr'>potest</span> <span class='ocrx_word' id='word_1_304' title='bbox 338 2918 442 2970; x_wconf 86' lang='lat' dir='ltr'>tamen</span> <span class='ocrx_word' id='word_1_305' title='bbox 474 2910 573 2969; x_wconf 85' lang='lat' dir='ltr'>maior</span> <span class='ocrx_word' id='word_1_306' title='bbox 602 2903 663 2966; x_wconf 84' lang='lat' dir='ltr'>else</span> <span class='ocrx_word' id='word_1_307' title='bbox 684 2905 749 2965; x_wconf 88' lang='lat' dir='ltr'>eius</span> <span class='ocrx_word' id='word_1_308' title='bbox 778 2901 924 2980; x_wconf 83' lang='lat' dir='ltr'>obligatio</span> <span class='ocrx_word' id='word_1_309' title='bbox 945 2923 991 2967; x_wconf 91' lang='lat' dir='ltr'>ra·</span> <span class='ocrx_word' id='word_1_310' title='bbox 1028 2906 1189 2971; x_wconf 79' lang='lat' dir='ltr'>llirnabile.</span> <span class='ocrx_word' id='word_1_311' title='bbox 1209 2904 1256 2970; x_wconf 86' lang='lat' dir='ltr'>Sic</span> <span class='ocrx_word' id='word_1_312' title='bbox 1277 2906 1342 2968; x_wconf 88' lang='lat' dir='ltr'>DD.</span> <span class='ocrx_word' id='word_1_313' title='bbox 1360 2908 1565 2971; x_wconf 79' lang='lat' dir='ltr'>communius.</span> 
     </span>
     <span class='ocr_line' id='line_1_30' title="bbox 224 2974 1459 3068; baseline -0.003 -20"><span class='ocrx_word' id='word_1_314' title='bbox 224 2985 310 3051; x_wconf 89' lang='lat' dir='ltr'>tione</span> <span class='ocrx_word' id='word_1_315' title='bbox 331 2985 465 3063; x_wconf 86' lang='lat' dir='ltr'>vinculi,</span> <span class='ocrx_word' id='word_1_316' title='bbox 488 2974 561 3050; x_wconf 82' lang='lat' dir='ltr'>ursa</span> <span class='ocrx_word' id='word_1_317' title='bbox 591 3004 659 3049; x_wconf 87' lang='lat' dir='ltr'>eam</span> <span class='ocrx_word' id='word_1_318' title='bbox 685 2986 858 3048; x_wconf 85' lang='lat' dir='ltr'>iuramento</span> <span class='ocrx_word' id='word_1_319' title='bbox 878 2980 990 3047; x_wconf 86' lang='lat' dir='ltr'>conlit-</span> <span class='ocrx_word' id='word_1_320' title='bbox 1144 2999 1146 3002; x_wconf 87' lang='lat'>·</span> <span class='ocrx_word' id='word_1_321' title='bbox 1453 3058 1459 3068; x_wconf 21' lang='grc' dir='ltr'>ι</span> 
     </span>
     <span class='ocr_line' id='line_1_31' title="bbox 224 3059 1471 3148; baseline 0.002 -20"><span class='ocrx_word' id='word_1_322' title='bbox 224 3066 380 3143; x_wconf 90' lang='lat' dir='ltr'>met,vel</span> <span class='ocrx_word' id='word_1_323' title='bbox 399 3065 603 3148; x_wconf 84' lang='lat' dir='ltr'>hypothecam</span> <span class='ocrx_word' id='word_1_324' title='bbox 626 3062 777 3140; x_wconf 87' lang='lat' dir='ltr'>praebeat.</span> <span class='ocrx_word' id='word_1_325' title='bbox 803 3073 827 3142; x_wconf 87' lang='lat'>3.</span> <span class='ocrx_word' id='word_1_326' title='bbox 859 3059 990 3128; x_wconf 84' lang='lat' dir='ltr'>FIdeius·</span> <span class='ocrx_word' id='word_1_327' title='bbox 1355 3068 1381 3135; x_wconf 72' lang='lat' dir='ltr'>i.</span> <span class='ocrx_word' id='word_1_328' title='bbox 1424 3069 1471 3135; x_wconf 82' lang='grc' dir='ltr'>ΙΙ.</span> 
     </span>
     <span class='ocr_line' id='line_1_32' title="bbox 223 3142 1489 3248; baseline 0 -42"><span class='ocrx_word' id='word_1_329' title='bbox 223 3142 271 3207; x_wconf 91' lang='lat' dir='ltr'>sor</span> <span class='ocrx_word' id='word_1_330' title='bbox 299 3162 361 3229; x_wconf 87' lang='lat' dir='ltr'>non</span> <span class='ocrx_word' id='word_1_331' title='bbox 390 3143 487 3222; x_wconf 89' lang='lat' dir='ltr'>potesl</span> <span class='ocrx_word' id='word_1_332' title='bbox 504 3146 663 3210; x_wconf 87' lang='lat' dir='ltr'>conveniri</span> <span class='ocrx_word' id='word_1_333' title='bbox 691 3163 708 3205; x_wconf 89' lang='lat' dir='ltr'>a</span> <span class='ocrx_word' id='word_1_334' title='bbox 732 3143 884 3209; x_wconf 87' lang='lat' dir='ltr'>creditore</span> <span class='ocrx_word' id='word_1_335' title='bbox 906 3188 913 3220; x_wconf 92' lang='lat'>,</span> <span class='ocrx_word' id='word_1_336' title='bbox 935 3143 989 3206; x_wconf 80' lang='lat' dir='ltr'>nist</span> <span class='ocrx_word' id='word_1_337' title='bbox 1265 3181 1292 3248; x_wconf 67' lang='lat' dir='ltr'>D</span> <span class='ocrx_word' id='word_1_338' title='bbox 1484 3186 1489 3195; x_wconf 82' lang='lat'><strong>·</strong></span> 
     </span>
     <span class='ocr_line' id='line_1_33' title="bbox 224 3179 1743 3310; baseline 0.001 -26"><span class='ocrx_word' id='word_1_339' title='bbox 224 3220 360 3287; x_wconf 82' lang='lat' dir='ltr'>debitum</span> <span class='ocrx_word' id='word_1_340' title='bbox 386 3227 466 3301; x_wconf 80' lang='lat' dir='ltr'>prius</span> <span class='ocrx_word' id='word_1_341' title='bbox 497 3246 514 3289; x_wconf 90' lang='lat' dir='ltr'>a</span> <span class='ocrx_word' id='word_1_342' title='bbox 536 3222 691 3302; x_wconf 90' lang='lat' dir='ltr'>principali</span> <span class='ocrx_word' id='word_1_343' title='bbox 717 3218 856 3288; x_wconf 89' lang='lat' dir='ltr'>debitore</span> <span class='ocrx_word' id='word_1_344' title='bbox 879 3226 988 3298; x_wconf 82' lang='lat' dir='ltr'>repeti·</span> <span class='ocrx_word' id='word_1_345' title='bbox 1293 3179 1558 3266; x_wconf 62' lang='lat' dir='ltr'>‘Aff“”&#39;‘“¹⁰&#39;¹‘⁴</span> <span class='ocrx_word' id='word_1_346' title='bbox 1652 3299 1657 3310; x_wconf 33' lang='grc' dir='ltr'>Ι</span> <span class='ocrx_word' id='word_1_347' title='bbox 1736 3297 1743 3310; x_wconf 27' lang='grc' dir='ltr'>ι</span> 
     </span>
     <span class='ocr_line' id='line_1_34' title="bbox 223 3292 1939 3389; baseline 0 -22"><span class='ocrx_word' id='word_1_348' title='bbox 223 3318 291 3369; x_wconf 87' lang='lat' dir='ltr'>turn</span> <span class='ocrx_word' id='word_1_349' title='bbox 308 3296 399 3368; x_wconf 87' lang='lat' dir='ltr'>suerit</span> <span class='ocrx_word' id='word_1_350' title='bbox 413 3352 423 3382; x_wconf 93' lang='lat'>,</span> <span class='ocrx_word' id='word_1_351' title='bbox 437 3302 471 3370; x_wconf 81' lang='lat' dir='ltr'>bc</span> <span class='ocrx_word' id='word_1_352' title='bbox 488 3308 513 3368; x_wconf 86' lang='lat' dir='ltr'>is</span> <span class='ocrx_word' id='word_1_353' title='bbox 534 3303 652 3370; x_wconf 87' lang='lat' dir='ltr'>solvere</span> <span class='ocrx_word' id='word_1_354' title='bbox 681 3324 743 3367; x_wconf 92' lang='lat' dir='ltr'>non</span> <span class='ocrx_word' id='word_1_355' title='bbox 767 3305 891 3369; x_wconf 88' lang='lat' dir='ltr'>valeat.</span> <span class='ocrx_word' id='word_1_356' title='bbox 914 3306 991 3371; x_wconf 82' lang='lat' dir='ltr'>llaec</span> <span class='ocrx_word' id='word_1_357' title='bbox 1044 3292 1262 3389; x_wconf 28' lang='lat' dir='ltr'>‘Assecuratio</span> <span class='ocrx_word' id='word_1_358' title='bbox 1286 3301 1328 3364; x_wconf 84' lang='lat' dir='ltr'>eII</span> <span class='ocrx_word' id='word_1_359' title='bbox 1348 3308 1513 3369; x_wconf 62' lang='lat' dir='ltr'>contraitur</span> <span class='ocrx_word' id='word_1_360' title='bbox 1531 3322 1584 3382; x_wconf 84' lang='lat' dir='ltr'>quo</span> <span class='ocrx_word' id='word_1_361' title='bbox 1605 3320 1672 3380; x_wconf 84' lang='lat' dir='ltr'>quis</span> <span class='ocrx_word' id='word_1_362' title='bbox 1696 3318 1741 3363; x_wconf 83' lang='lat' dir='ltr'>rer</span> <span class='ocrx_word' id='word_1_363' title='bbox 1761 3318 1796 3360; x_wconf 63' lang='lat' dir='ltr'>a*</span> <span class='ocrx_word' id='word_1_364' title='bbox 1811 3307 1939 3369; x_wconf 75' lang='lat' dir='ltr'>bedttric</span> 
     </span>
     <span class='ocr_line' id='line_1_35' title="bbox 222 3368 1947 3471; baseline 0.006 -28"><span class='ocrx_word' id='word_1_365' title='bbox 222 3387 305 3446; x_wconf 90' lang='lat' dir='ltr'>enim</span> <span class='ocrx_word' id='word_1_366' title='bbox 323 3381 365 3446; x_wconf 92' lang='lat' dir='ltr'>ell</span> <span class='ocrx_word' id='word_1_367' title='bbox 393 3387 492 3450; x_wconf 89' lang='lat' dir='ltr'>veluti</span> <span class='ocrx_word' id='word_1_368' title='bbox 517 3385 655 3450; x_wconf 92' lang='lat' dir='ltr'>conditio</span> <span class='ocrx_word' id='word_1_369' title='bbox 685 3383 771 3447; x_wconf 79' lang='lat' dir='ltr'>liuius</span> <span class='ocrx_word' id='word_1_370' title='bbox 795 3384 991 3462; x_wconf 71' lang='lat' dir='ltr'>contradus,</span> <span class='ocrx_word' id='word_1_371' title='bbox 1025 3380 1111 3471; x_wconf 57' lang='lat' dir='ltr'>liena·</span> <span class='ocrx_word' id='word_1_372' title='bbox 1122 3378 1285 3460; x_wconf 79' lang='lat' dir='ltr'>periculum</span> <span class='ocrx_word' id='word_1_373' title='bbox 1301 3384 1332 3444; x_wconf 86' lang='lat' dir='ltr'>in</span> <span class='ocrx_word' id='word_1_374' title='bbox 1346 3382 1379 3463; x_wconf 77' lang='lat' dir='ltr'>se</span> <span class='ocrx_word' id='word_1_375' title='bbox 1393 3383 1539 3463; x_wconf 78' lang='lat' dir='ltr'>suscipit,-</span> <span class='ocrx_word' id='word_1_376' title='bbox 1554 3376 1726 3461; x_wconf 56' lang='lat' dir='ltr'>vilitatis?</span> <span class='ocrx_word' id='word_1_377' title='bbox 1741 3368 1795 3441; x_wconf 62' lang='lat' dir='ltr'>ves</span> <span class='ocrx_word' id='word_1_378' title='bbox 1815 3378 1947 3456; x_wconf 44' lang='grc' dir='ltr'>*ΨΜ</span> 
     </span>
     <span class='ocr_line' id='line_1_36' title="bbox 201 3453 1914 3543; baseline -0.002 -20"><span class='ocrx_word' id='word_1_379' title='bbox 201 3461 278 3535; x_wconf 67' lang='lat' dir='ltr'>‚nist</span> <span class='ocrx_word' id='word_1_380' title='bbox 301 3463 392 3526; x_wconf 89' lang='lat' dir='ltr'>aliter</span> <span class='ocrx_word' id='word_1_381' title='bbox 407 3483 598 3530; x_wconf 87' lang='lat' dir='ltr'>conventum</span> <span class='ocrx_word' id='word_1_382' title='bbox 617 3463 670 3527; x_wconf 88' lang='lat' dir='ltr'>srt.</span> <span class='ocrx_word' id='word_1_383' title='bbox 693 3462 917 3528; x_wconf 85' lang='lat' dir='ltr'>Potesttamen</span> <span class='ocrx_word' id='word_1_384' title='bbox 939 3483 990 3530; x_wconf 91' lang='lat' dir='ltr'>an·</span> <span class='ocrx_word' id='word_1_385' title='bbox 1021 3475 1117 3541; x_wconf 80' lang='lat' dir='ltr'>gratas</span> <span class='ocrx_word' id='word_1_386' title='bbox 1139 3504 1149 3537; x_wconf 91' lang='lat'>,</span> <span class='ocrx_word' id='word_1_387' title='bbox 1176 3462 1232 3525; x_wconf 86' lang='lat' dir='ltr'>vel</span> <span class='ocrx_word' id='word_1_388' title='bbox 1257 3467 1338 3538; x_wconf 76' lang='lat' dir='ltr'>pauo</span> <span class='ocrx_word' id='word_1_389' title='bbox 1357 3466 1448 3543; x_wconf 77' lang='lat' dir='ltr'>pretio</span> <span class='ocrx_word' id='word_1_390' title='bbox 1467 3465 1509 3526; x_wconf 81' lang='lat' dir='ltr'>ad</span> <span class='ocrx_word' id='word_1_391' title='bbox 1533 3479 1596 3526; x_wconf 82' lang='lat' dir='ltr'>eam</span> <span class='ocrx_word' id='word_1_392' title='bbox 1617 3456 1797 3538; x_wconf 76' lang='lat' dir='ltr'>compensari·</span> <span class='ocrx_word' id='word_1_393' title='bbox 1820 3453 1914 3495; x_wconf 70' lang='lat'>&#39;&#39;⁶²¹’&#39;</span> 
     </span>
     <span class='ocr_line' id='line_1_37' title="bbox 227 3538 1801 3625; baseline -0.003 -19"><span class='ocrx_word' id='word_1_394' title='bbox 227 3557 259 3606; x_wconf 85' lang='lat' dir='ltr'>te</span> <span class='ocrx_word' id='word_1_395' title='bbox 274 3538 442 3617; x_wconf 85' lang='lat' dir='ltr'>debitorem</span> <span class='ocrx_word' id='word_1_396' title='bbox 457 3546 616 3609; x_wconf 86' lang='lat' dir='ltr'>conveniri</span> <span class='ocrx_word' id='word_1_397' title='bbox 634 3541 811 3621; x_wconf 84' lang='lat' dir='ltr'>fideiuilor,</span> <span class='ocrx_word' id='word_1_398' title='bbox 839 3542 859 3605; x_wconf 84' lang='lat' dir='ltr'>lr</span> <span class='ocrx_word' id='word_1_399' title='bbox 881 3561 991 3607; x_wconf 85' lang='lat' dir='ltr'>rennn·</span> <span class='ocrx_word' id='word_1_400' title='bbox 1026 3544 1116 3617; x_wconf 82' lang='lat' dir='ltr'>dam,</span> <span class='ocrx_word' id='word_1_401' title='bbox 1138 3541 1210 3602; x_wconf 85' lang='lat' dir='ltr'>idest</span> <span class='ocrx_word' id='word_1_402' title='bbox 1233 3544 1269 3605; x_wconf 93' lang='lat' dir='ltr'>ad</span> <span class='ocrx_word' id='word_1_403' title='bbox 1280 3539 1455 3620; x_wconf 58' lang='lat' dir='ltr'>diluendum</span> <span class='ocrx_word' id='word_1_404' title='bbox 1476 3544 1544 3607; x_wconf 75' lang='lat' dir='ltr'>einr</span> <span class='ocrx_word' id='word_1_405' title='bbox 1559 3540 1688 3620; x_wconf 78' lang='lat' dir='ltr'>pretium</span> <span class='ocrx_word' id='word_1_406' title='bbox 1699 3588 1708 3616; x_wconf 91' lang='lat'>,</span> <span class='ocrx_word' id='word_1_407' title='bbox 1717 3540 1801 3625; x_wconf 72' lang='lat' dir='ltr'>fipe-r</span> 
     </span>
     <span class='ocr_line' id='line_1_38' title="bbox 225 3618 1844 3699; baseline -0.004 -14"><span class='ocrx_word' id='word_1_408' title='bbox 225 3623 354 3686; x_wconf 86' lang='lat' dir='ltr'>claverit</span> <span class='ocrx_word' id='word_1_409' title='bbox 376 3626 432 3685; x_wconf 90' lang='lat' dir='ltr'>iuri</span> <span class='ocrx_word' id='word_1_410' title='bbox 454 3623 534 3699; x_wconf 87' lang='lat' dir='ltr'>quod</span> <span class='ocrx_word' id='word_1_411' title='bbox 557 3622 706 3686; x_wconf 87' lang='lat' dir='ltr'>habetne</span> <span class='ocrx_word' id='word_1_412' title='bbox 728 3638 801 3683; x_wconf 89' lang='lat' dir='ltr'>ante</span> <span class='ocrx_word' id='word_1_413' title='bbox 822 3621 991 3687; x_wconf 85' lang='lat' dir='ltr'>debitorem</span> <span class='ocrx_word' id='word_1_414' title='bbox 1027 3621 1138 3684; x_wconf 82' lang='lat' dir='ltr'>ritrit.</span> <span class='ocrx_word' id='word_1_415' title='bbox 1165 3620 1285 3684; x_wconf 89' lang='lat' dir='ltr'>Volunt</span> <span class='ocrx_word' id='word_1_416' title='bbox 1306 3623 1397 3698; x_wconf 87' lang='lat' dir='ltr'>aliqui</span> <span class='ocrx_word' id='word_1_417' title='bbox 1424 3621 1611 3686; x_wconf 77' lang='lat' dir='ltr'>contratrum</span> <span class='ocrx_word' id='word_1_418' title='bbox 1637 3621 1716 3682; x_wconf 89' lang='lat' dir='ltr'>hunc</span> <span class='ocrx_word' id='word_1_419' title='bbox 1736 3618 1797 3680; x_wconf 81' lang='lat' dir='ltr'>elle</span> <span class='ocrx_word' id='word_1_420' title='bbox 1840 3619 1844 3630; x_wconf 92' lang='lat'>&#39;</span> 
     </span>
     <span class='ocr_line' id='line_1_39' title="bbox 223 3696 1796 3779; baseline -0.006 -12"><span class='ocrx_word' id='word_1_421' title='bbox 223 3704 450 3779; x_wconf 77' lang='lat' dir='ltr'>convenIatur,·</span> <span class='ocrx_word' id='word_1_422' title='bbox 471 3701 556 3764; x_wconf 88' lang='lat' dir='ltr'>lieuti</span> <span class='ocrx_word' id='word_1_423' title='bbox 586 3706 680 3764; x_wconf 86' lang='lat' dir='ltr'>etiam</span> <span class='ocrx_word' id='word_1_424' title='bbox 706 3696 728 3760; x_wconf 86' lang='lat' dir='ltr'>st</span> <span class='ocrx_word' id='word_1_425' title='bbox 752 3698 870 3765; x_wconf 91' lang='lat' dir='ltr'>debitor</span> <span class='ocrx_word' id='word_1_426' title='bbox 888 3700 989 3779; x_wconf 88' lang='lat' dir='ltr'>procul</span> <span class='ocrx_word' id='word_1_427' title='bbox 1027 3700 1186 3776; x_wconf 89' lang='lat' dir='ltr'>illicitum,</span> <span class='ocrx_word' id='word_1_428' title='bbox 1202 3700 1230 3777; x_wconf 81' lang='lat' dir='ltr'>sa</span> <span class='ocrx_word' id='word_1_429' title='bbox 1248 3701 1419 3765; x_wconf 77' lang='lat' dir='ltr'>allecurans</span> <span class='ocrx_word' id='word_1_430' title='bbox 1442 3701 1557 3764; x_wconf 88' lang='lat' dir='ltr'>nullam</span> <span class='ocrx_word' id='word_1_431' title='bbox 1577 3700 1613 3763; x_wconf 91' lang='lat' dir='ltr'>lit</span> <span class='ocrx_word' id='word_1_432' title='bbox 1640 3696 1796 3760; x_wconf 76' lang='lat' dir='ltr'>adhibito-</span> 
     </span>
     <span class='ocr_line' id='line_1_40' title="bbox 222 3774 1795 3860; baseline -0.004 -16"><span class='ocrx_word' id='word_1_433' title='bbox 222 3776 316 3856; x_wconf 80' lang='lat' dir='ltr'>absit,</span> <span class='ocrx_word' id='word_1_434' title='bbox 336 3778 395 3843; x_wconf 79' lang='lat' dir='ltr'>&amp;e</span> <span class='ocrx_word' id='word_1_435' title='bbox 416 3804 444 3860; x_wconf 86' lang='lat'>4.</span> <span class='ocrx_word' id='word_1_436' title='bbox 466 3779 659 3843; x_wconf 75' lang='lat' dir='ltr'>Fideiussorit</span> <span class='ocrx_word' id='word_1_437' title='bbox 682 3777 829 3855; x_wconf 84' lang='lat' dir='ltr'>obligatio</span> <span class='ocrx_word' id='word_1_438' title='bbox 839 3779 945 3845; x_wconf 83' lang='lat' dir='ltr'>transit</span> <span class='ocrx_word' id='word_1_439' title='bbox 956 3783 990 3844; x_wconf 92' lang='lat' dir='ltr'>ad</span> <span class='ocrx_word' id='word_1_440' title='bbox 1027 3797 1076 3842; x_wconf 79' lang='lat' dir='ltr'>rus</span> <span class='ocrx_word' id='word_1_441' title='bbox 1101 3799 1225 3855; x_wconf 87' lang='lat' dir='ltr'>operam</span> <span class='ocrx_word' id='word_1_442' title='bbox 1254 3780 1291 3841; x_wconf 91' lang='lat' dir='ltr'>ad</span> <span class='ocrx_word' id='word_1_443' title='bbox 1312 3783 1354 3843; x_wconf 89' lang='lat' dir='ltr'>rei</span> <span class='ocrx_word' id='word_1_444' title='bbox 1385 3778 1560 3844; x_wconf 68' lang='lat' dir='ltr'>assecuraret</span> <span class='ocrx_word' id='word_1_445' title='bbox 1588 3774 1795 3842; x_wconf 75' lang='lat' dir='ltr'>conservatio⁴</span> 
     </span>
     <span class='ocr_line' id='line_1_41' title="bbox 220 3855 1796 3939; baseline -0.004 -17"><span class='ocrx_word' id='word_1_446' title='bbox 220 3857 373 3925; x_wconf 82' lang='lat' dir='ltr'>haeredes.</span> <span class='ocrx_word' id='word_1_447' title='bbox 401 3880 430 3934; x_wconf 88' lang='lat'>5.</span> <span class='ocrx_word' id='word_1_448' title='bbox 457 3858 599 3921; x_wconf 86' lang='lat' dir='ltr'>Tenetur</span> <span class='ocrx_word' id='word_1_449' title='bbox 620 3856 739 3921; x_wconf 89' lang='lat' dir='ltr'>solvere</span> <span class='ocrx_word' id='word_1_450' title='bbox 767 3877 840 3922; x_wconf 87' lang='lat' dir='ltr'>ante</span> <span class='ocrx_word' id='word_1_451' title='bbox 868 3860 987 3923; x_wconf 81' lang='lat' dir='ltr'>l&#39;euten·</span> <span class='ocrx_word' id='word_1_452' title='bbox 1027 3879 1123 3934; x_wconf 81' lang='lat' dir='ltr'>neor,</span> <span class='ocrx_word' id='word_1_453' title='bbox 1151 3855 1198 3936; x_wconf 85' lang='lat' dir='ltr'>sed</span> <span class='ocrx_word' id='word_1_454' title='bbox 1219 3860 1356 3939; x_wconf 88' lang='lat' dir='ltr'>melius,</span> <span class='ocrx_word' id='word_1_455' title='bbox 1383 3859 1582 3938; x_wconf 80' lang='lat' dir='ltr'>probabilius,</span> <span class='ocrx_word' id='word_1_456' title='bbox 1607 3873 1643 3921; x_wconf 90' lang='lat' dir='ltr'>ac</span> <span class='ocrx_word' id='word_1_457' title='bbox 1661 3872 1796 3919; x_wconf 85' lang='lat' dir='ltr'>commu·</span> 
     </span>
     <span class='ocr_line' id='line_1_42' title="bbox 221 3934 1793 4017; baseline -0.004 -14"><span class='ocrx_word' id='word_1_458' title='bbox 221 3943 301 4005; x_wconf 88' lang='lat' dir='ltr'>tiam</span> <span class='ocrx_word' id='word_1_459' title='bbox 324 3938 449 4012; x_wconf 90' lang='lat' dir='ltr'>iudicis,</span> <span class='ocrx_word' id='word_1_460' title='bbox 468 3937 555 4002; x_wconf 86' lang='lat' dir='ltr'>ficuti</span> <span class='ocrx_word' id='word_1_461' title='bbox 575 3937 686 4016; x_wconf 86' lang='lat' dir='ltr'>&amp;ipse</span> <span class='ocrx_word' id='word_1_462' title='bbox 706 3934 847 4017; x_wconf 89' lang='lat' dir='ltr'>debitor,</span> <span class='ocrx_word' id='word_1_463' title='bbox 864 3943 991 4004; x_wconf 84' lang='lat' dir='ltr'>incuius</span> <span class='ocrx_word' id='word_1_464' title='bbox 1026 3943 1093 4002; x_wconf 81' lang='lat' dir='ltr'>nius</span> <span class='ocrx_word' id='word_1_465' title='bbox 1114 3936 1259 4002; x_wconf 84' lang='lat' dir='ltr'>sustinent</span> <span class='ocrx_word' id='word_1_466' title='bbox 1282 3941 1334 4006; x_wconf 87' lang='lat' dir='ltr'>alii</span> <span class='ocrx_word' id='word_1_467' title='bbox 1354 3943 1472 4005; x_wconf 86' lang='lat' dir='ltr'>licitum</span> <span class='ocrx_word' id='word_1_468' title='bbox 1488 3941 1568 4015; x_wconf 88' lang='lat' dir='ltr'>elle,</span> <span class='ocrx_word' id='word_1_469' title='bbox 1583 3960 1653 4001; x_wconf 91' lang='lat' dir='ltr'>cum</span> <span class='ocrx_word' id='word_1_470' title='bbox 1675 3938 1707 3998; x_wconf 92' lang='lat' dir='ltr'>in</span> <span class='ocrx_word' id='word_1_471' title='bbox 1725 3939 1793 4014; x_wconf 82' lang='lat' dir='ltr'>hoe,</span> 
     </span>
     <span class='ocr_line' id='line_1_43' title="bbox 221 4015 1793 4097; baseline -0.001 -16"><span class='ocrx_word' id='word_1_472' title='bbox 221 4018 323 4084; x_wconf 88' lang='lat' dir='ltr'>locum</span> <span class='ocrx_word' id='word_1_473' title='bbox 340 4015 492 4082; x_wconf 83' lang='lat' dir='ltr'>succedit.</span> <span class='ocrx_word' id='word_1_474' title='bbox 511 4022 619 4084; x_wconf 86' lang='lat' dir='ltr'>Pectat</span> <span class='ocrx_word' id='word_1_475' title='bbox 640 4022 794 4097; x_wconf 83' lang='lat' dir='ltr'>graviter,</span> <span class='ocrx_word' id='word_1_476' title='bbox 809 4018 860 4096; x_wconf 89' lang='lat' dir='ltr'>qui</span> <span class='ocrx_word' id='word_1_477' title='bbox 889 4036 990 4084; x_wconf 81' lang='lat' dir='ltr'>certus</span> <span class='ocrx_word' id='word_1_478' title='bbox 1025 4017 1102 4083; x_wconf 81' lang='lat' dir='ltr'>sicut</span> <span class='ocrx_word' id='word_1_479' title='bbox 1122 4015 1161 4081; x_wconf 93' lang='lat' dir='ltr'>ad</span> <span class='ocrx_word' id='word_1_480' title='bbox 1189 4019 1359 4097; x_wconf 80' lang='lat' dir='ltr'>legitimum</span> <span class='ocrx_word' id='word_1_481' title='bbox 1382 4015 1575 4084; x_wconf 77' lang='lat' dir='ltr'>contraslum</span> <span class='ocrx_word' id='word_1_482' title='bbox 1596 4018 1765 4093; x_wconf 83' lang='lat' dir='ltr'>requiritur</span> <span class='ocrx_word' id='word_1_483' title='bbox 1783 4053 1793 4092; x_wconf 82' lang='lat'>,</span> 
     </span>
     <span class='ocr_line' id='line_1_44' title="bbox 220 4095 1794 4177; baseline -0.003 -15"><span class='ocrx_word' id='word_1_484' title='bbox 220 4096 326 4162; x_wconf 85' lang='lat' dir='ltr'>desua</span> <span class='ocrx_word' id='word_1_485' title='bbox 344 4102 524 4173; x_wconf 85' lang='lat' dir='ltr'>impotentia</span> <span class='ocrx_word' id='word_1_486' title='bbox 552 4100 588 4163; x_wconf 94' lang='lat' dir='ltr'>ad</span> <span class='ocrx_word' id='word_1_487' title='bbox 614 4098 790 4164; x_wconf 85' lang='lat' dir='ltr'>solvendum</span> <span class='ocrx_word' id='word_1_488' title='bbox 819 4121 872 4177; x_wconf 93' lang='lat' dir='ltr'>pro</span> <span class='ocrx_word' id='word_1_489' title='bbox 899 4102 989 4177; x_wconf 91' lang='lat' dir='ltr'>alio,</span> <span class='ocrx_word' id='word_1_490' title='bbox 1025 4112 1151 4173; x_wconf 86' lang='lat' dir='ltr'>uterque</span> <span class='ocrx_word' id='word_1_491' title='bbox 1166 4104 1350 4164; x_wconf 82' lang='lat' dir='ltr'>contrahens</span> <span class='ocrx_word' id='word_1_492' title='bbox 1370 4100 1530 4175; x_wconf 73' lang='lat' dir='ltr'>aeqtralrter</span> <span class='ocrx_word' id='word_1_493' title='bbox 1554 4112 1727 4174; x_wconf 81' lang='lat' dir='ltr'>exponatur</span> <span class='ocrx_word' id='word_1_494' title='bbox 1746 4095 1794 4158; x_wconf 88' lang='lat' dir='ltr'>lu·</span> 
     </span>
     <span class='ocr_line' id='line_1_45' title="bbox 219 4171 1794 4257; baseline -0.002 -16"><span class='ocrx_word' id='word_1_495' title='bbox 219 4181 284 4241; x_wconf 86' lang='lat' dir='ltr'>eius</span> <span class='ocrx_word' id='word_1_496' title='bbox 306 4176 507 4243; x_wconf 79' lang='lat' dir='ltr'>fideiussorem</span> <span class='ocrx_word' id='word_1_497' title='bbox 528 4171 558 4242; x_wconf 91' lang='lat' dir='ltr'>se</span> <span class='ocrx_word' id='word_1_498' title='bbox 578 4179 736 4243; x_wconf 84' lang='lat' dir='ltr'>constituit</span> <span class='ocrx_word' id='word_1_499' title='bbox 774 4184 843 4254; x_wconf 90' lang='lat' dir='ltr'>quia</span> <span class='ocrx_word' id='word_1_500' title='bbox 858 4181 989 4245; x_wconf 90' lang='lat' dir='ltr'>credito·</span> <span class='ocrx_word' id='word_1_501' title='bbox 1022 4199 1096 4257; x_wconf 89' lang='lat' dir='ltr'>cro,</span> <span class='ocrx_word' id='word_1_502' title='bbox 1122 4198 1156 4241; x_wconf 88' lang='lat' dir='ltr'>ac</span> <span class='ocrx_word' id='word_1_503' title='bbox 1177 4182 1304 4242; x_wconf 86' lang='lat' dir='ltr'>damno.</span> <span class='ocrx_word' id='word_1_504' title='bbox 1331 4180 1370 4243; x_wconf 87' lang='lat' dir='ltr'>Et</span> <span class='ocrx_word' id='word_1_505' title='bbox 1391 4180 1529 4254; x_wconf 84' lang='lat' dir='ltr'>equidem</span> <span class='ocrx_word' id='word_1_506' title='bbox 1556 4177 1621 4240; x_wconf 79' lang='lat' dir='ltr'>hare</span> <span class='ocrx_word' id='word_1_507' title='bbox 1642 4177 1794 4254; x_wconf 83' lang='lat' dir='ltr'>obligatio</span> 
     </span>
     <span class='ocr_line' id='line_1_46' title="bbox 219 4228 1851 4338; baseline -0.004 -17"><span class='ocrx_word' id='word_1_508' title='bbox 219 4276 284 4321; x_wconf 90' lang='lat' dir='ltr'>rem</span> <span class='ocrx_word' id='word_1_509' title='bbox 303 4255 412 4322; x_wconf 84' lang='lat' dir='ltr'>iniuste</span> <span class='ocrx_word' id='word_1_510' title='bbox 427 4259 562 4336; x_wconf 89' lang='lat' dir='ltr'>decipit,</span> <span class='ocrx_word' id='word_1_511' title='bbox 580 4256 685 4323; x_wconf 86' lang='lat' dir='ltr'>salsam</span> <span class='ocrx_word' id='word_1_512' title='bbox 696 4264 723 4321; x_wconf 91' lang='lat' dir='ltr'>ei</span> <span class='ocrx_word' id='word_1_513' title='bbox 743 4228 936 4324; x_wconf 88' lang='lat' dir='ltr'>securitatem</span> <span class='ocrx_word' id='word_1_514' title='bbox 945 4257 989 4324; x_wconf 85' lang='lat' dir='ltr'>of·</span> <span class='ocrx_word' id='word_1_515' title='bbox 1024 4263 1124 4334; x_wconf 86' lang='lat' dir='ltr'>pretio</span> <span class='ocrx_word' id='word_1_516' title='bbox 1148 4257 1283 4338; x_wconf 86' lang='lat' dir='ltr'>suscepta</span> <span class='ocrx_word' id='word_1_517' title='bbox 1307 4258 1350 4323; x_wconf 86' lang='lat' dir='ltr'>est</span> <span class='ocrx_word' id='word_1_518' title='bbox 1370 4259 1542 4322; x_wconf 79' lang='lat' dir='ltr'>contraslus</span> <span class='ocrx_word' id='word_1_519' title='bbox 1559 4255 1663 4319; x_wconf 74' lang='lat' dir='ltr'>srmIIis·</span> <span class='ocrx_word' id='word_1_520' title='bbox 1680 4256 1790 4333; x_wconf 90' lang='lat' dir='ltr'>vendi·</span> <span class='ocrx_word' id='word_1_521' title='bbox 1849 4310 1851 4314; x_wconf 76' lang='grc'><strong>,</strong></span> 
     </span>
     <span class='ocr_line' id='line_1_47' title="bbox 204 4333 1790 4419; baseline -0.006 -14"><span class='ocrx_word' id='word_1_522' title='bbox 204 4333 411 4415; x_wconf 86' lang='lat' dir='ltr'>.serendo,&amp;</span> <span class='ocrx_word' id='word_1_523' title='bbox 431 4339 483 4402; x_wconf 91' lang='lat' dir='ltr'>dat</span> <span class='ocrx_word' id='word_1_524' title='bbox 514 4337 748 4403; x_wconf 87' lang='lat' dir='ltr'>cioccasronern</span> <span class='ocrx_word' id='word_1_525' title='bbox 776 4340 932 4417; x_wconf 90' lang='lat' dir='ltr'>periculi,</span> <span class='ocrx_word' id='word_1_526' title='bbox 955 4339 988 4405; x_wconf 71' lang='grc' dir='ltr'>ἔτ</span> <span class='ocrx_word' id='word_1_527' title='bbox 1024 4334 1120 4414; x_wconf 88' lang='lat' dir='ltr'>tioni,</span> <span class='ocrx_word' id='word_1_528' title='bbox 1140 4340 1208 4416; x_wconf 89' lang='lat' dir='ltr'>quia</span> <span class='ocrx_word' id='word_1_529' title='bbox 1229 4338 1373 4403; x_wconf 88' lang='lat' dir='ltr'>venditur</span> <span class='ocrx_word' id='word_1_530' title='bbox 1392 4339 1536 4419; x_wconf 86' lang='lat' dir='ltr'>obligatio</span> <span class='ocrx_word' id='word_1_531' title='bbox 1555 4335 1714 4415; x_wconf 84' lang='lat' dir='ltr'>praellandi</span> <span class='ocrx_word' id='word_1_532' title='bbox 1735 4334 1790 4398; x_wconf 66' lang='lat' dir='ltr'>dod</span> 
     </span>
     <span class='ocr_line' id='line_1_48' title="bbox 216 4411 1789 4498; baseline -0.004 -17"><span class='ocrx_word' id='word_1_533' title='bbox 216 4417 345 4481; x_wconf 89' lang='lat' dir='ltr'>damni.</span> <span class='ocrx_word' id='word_1_534' title='bbox 1022 4423 1105 4481; x_wconf 86' lang='lat' dir='ltr'>mino</span> <span class='ocrx_word' id='word_1_535' title='bbox 1126 4436 1191 4482; x_wconf 90' lang='lat' dir='ltr'>rem</span> <span class='ocrx_word' id='word_1_536' title='bbox 1216 4421 1403 4498; x_wconf 87' lang='lat' dir='ltr'>indemnem,</span> <span class='ocrx_word' id='word_1_537' title='bbox 1428 4438 1496 4497; x_wconf 81' lang='lat' dir='ltr'>quae</span> <span class='ocrx_word' id='word_1_538' title='bbox 1517 4418 1560 4483; x_wconf 85' lang='lat' dir='ltr'>esi</span> <span class='ocrx_word' id='word_1_539' title='bbox 1578 4420 1677 4494; x_wconf 91' lang='lat' dir='ltr'>pretio</span> <span class='ocrx_word' id='word_1_540' title='bbox 1708 4411 1789 4479; x_wconf 81' lang='lat' dir='ltr'>aesti·</span> 
     </span>
     <span class='ocr_line' id='line_1_49' title="bbox 177 4493 1780 4581; baseline -0.002 -17"><span class='ocrx_word' id='word_1_541' title='bbox 177 4519 221 4581; x_wconf 8' lang='grc' dir='ltr'>ιιι</span> <span class='ocrx_word' id='word_1_542' title='bbox 261 4498 417 4574; x_wconf 78' lang='lat' dir='ltr'>Praecipua</span> <span class='ocrx_word' id='word_1_543' title='bbox 437 4493 617 4562; x_wconf 86' lang='lat' dir='ltr'>fideiulsoris</span> <span class='ocrx_word' id='word_1_544' title='bbox 643 4496 710 4565; x_wconf 84' lang='lat' dir='ltr'>iura</span> <span class='ocrx_word' id='word_1_545' title='bbox 740 4501 827 4578; x_wconf 88' lang='lat' dir='ltr'>suut,</span> <span class='ocrx_word' id='word_1_546' title='bbox 852 4512 876 4561; x_wconf 86' lang='lat' dir='ltr'>r.</span> <span class='ocrx_word' id='word_1_547' title='bbox 908 4500 986 4577; x_wconf 91' lang='lat' dir='ltr'>quod</span> <span class='ocrx_word' id='word_1_548' title='bbox 1022 4495 1158 4561; x_wconf 77' lang='lat' dir='ltr'>mabilii.</span> <span class='ocrx_word' id='word_1_549' title='bbox 1778 4570 1780 4574; x_wconf 22' lang='lat'><strong><em>¹</em></strong></span> 
     </span>
     <span class='ocr_line' id='line_1_50' title="bbox 177 4563 1925 4660; baseline -0.001 -22"><span class='ocrx_word' id='word_1_550' title='bbox 177 4574 192 4628; x_wconf 78' lang='lat' dir='ltr'>t,</span> <span class='ocrx_word' id='word_1_551' title='bbox 219 4572 308 4657; x_wconf 72' lang='lat' dir='ltr'>possst</span> <span class='ocrx_word' id='word_1_552' title='bbox 327 4596 413 4654; x_wconf 71' lang='lat' dir='ltr'>agere</span> <span class='ocrx_word' id='word_1_553' title='bbox 433 4599 541 4642; x_wconf 88' lang='lat' dir='ltr'>contra</span> <span class='ocrx_word' id='word_1_554' title='bbox 570 4578 755 4660; x_wconf 85' lang='lat' dir='ltr'>debitorem,</span> <span class='ocrx_word' id='word_1_555' title='bbox 783 4597 820 4644; x_wconf 93' lang='lat' dir='ltr'>ut</span> <span class='ocrx_word' id='word_1_556' title='bbox 856 4578 908 4643; x_wconf 84' lang='lat' dir='ltr'>fibi</span> <span class='ocrx_word' id='word_1_557' title='bbox 940 4601 984 4642; x_wconf 90' lang='lat' dir='ltr'>re·</span> <span class='ocrx_word' id='word_1_558' title='bbox 1062 4578 1107 4643; x_wconf 86' lang='lat' dir='ltr'>Ad</span> <span class='ocrx_word' id='word_1_559' title='bbox 1126 4571 1273 4642; x_wconf 83' lang='lat' dir='ltr'>iullitianr</span> <span class='ocrx_word' id='word_1_560' title='bbox 1294 4593 1370 4643; x_wconf 83' lang='lat' dir='ltr'>vero</span> <span class='ocrx_word' id='word_1_561' title='bbox 1392 4571 1480 4644; x_wconf 74' lang='lat' dir='ltr'>liuius&#39;</span> <span class='ocrx_word' id='word_1_562' title='bbox 1499 4575 1672 4643; x_wconf 76' lang='lat' dir='ltr'>contraslut</span> <span class='ocrx_word' id='word_1_563' title='bbox 1697 4575 1795 4652; x_wconf 67' lang='lat' dir='ltr'>requi⁴</span> <span class='ocrx_word' id='word_1_564' title='bbox 1830 4563 1925 4620; x_wconf 56' lang='lat' dir='ltr'>&amp;fill</span> 
     </span>
     <span class='ocr_line' id='line_1_51' title="bbox 177 4647 1914 4748; baseline -0.002 -28"><span class='ocrx_word' id='word_1_565' title='bbox 177 4653 193 4699; x_wconf 79' lang='lat'>¹·</span> <span class='ocrx_word' id='word_1_566' title='bbox 215 4657 324 4720; x_wconf 87' lang='lat' dir='ltr'>llituat</span> <span class='ocrx_word' id='word_1_567' title='bbox 349 4677 415 4720; x_wconf 88' lang='lat' dir='ltr'>turn</span> <span class='ocrx_word' id='word_1_568' title='bbox 438 4659 513 4721; x_wconf 92' lang='lat' dir='ltr'>illud</span> <span class='ocrx_word' id='word_1_569' title='bbox 538 4677 629 4723; x_wconf 91' lang='lat' dir='ltr'>omne</span> <span class='ocrx_word' id='word_1_570' title='bbox 653 4661 732 4734; x_wconf 91' lang='lat' dir='ltr'>quod</span> <span class='ocrx_word' id='word_1_571' title='bbox 764 4657 879 4736; x_wconf 90' lang='lat' dir='ltr'>solvit,</span> <span class='ocrx_word' id='word_1_572' title='bbox 919 4678 986 4722; x_wconf 88' lang='lat' dir='ltr'>tum</span> <span class='ocrx_word' id='word_1_573' title='bbox 1022 4665 1365 4723; x_wconf 80' lang='lat' dir='ltr'>runturexcommuni</span> <span class='ocrx_word' id='word_1_574' title='bbox 1388 4647 1914 4748; x_wconf 41' lang='lat' dir='ltr'>sententiasequentescon·“t‘&#39;ffi,</span> 
     </span>
     <span class='ocr_line' id='line_1_52' title="bbox 217 4733 1895 4816; baseline -0.004 -15"><span class='ocrx_word' id='word_1_575' title='bbox 217 4737 329 4801; x_wconf 85' lang='lat' dir='ltr'>damna</span> <span class='ocrx_word' id='word_1_576' title='bbox 344 4756 411 4811; x_wconf 83' lang='lat' dir='ltr'>quae</span> <span class='ocrx_word' id='word_1_577' title='bbox 432 4736 530 4813; x_wconf 76' lang='lat' dir='ltr'>passus</span> <span class='ocrx_word' id='word_1_578' title='bbox 551 4737 612 4800; x_wconf 89' lang='lat' dir='ltr'>ell.</span> <span class='ocrx_word' id='word_1_579' title='bbox 630 4736 760 4803; x_wconf 85' lang='lat' dir='ltr'>Debitor</span> <span class='ocrx_word' id='word_1_580' title='bbox 778 4743 858 4801; x_wconf 88' lang='lat' dir='ltr'>enim</span> <span class='ocrx_word' id='word_1_581' title='bbox 872 4743 985 4802; x_wconf 88' lang='lat' dir='ltr'>vicon-</span> <span class='ocrx_word' id='word_1_582' title='bbox 1020 4741 1174 4816; x_wconf 82' lang='lat' dir='ltr'>ditiones,</span> <span class='ocrx_word' id='word_1_583' title='bbox 1197 4758 1303 4816; x_wconf 89' lang='lat' dir='ltr'>nempe</span> <span class='ocrx_word' id='word_1_584' title='bbox 1326 4756 1352 4801; x_wconf 73' lang='lat'>1,</span> <span class='ocrx_word' id='word_1_585' title='bbox 1378 4758 1413 4803; x_wconf 92' lang='lat' dir='ltr'>ut</span> <span class='ocrx_word' id='word_1_586' title='bbox 1440 4737 1607 4814; x_wconf 87' lang='lat' dir='ltr'>perieulum</span> <span class='ocrx_word' id='word_1_587' title='bbox 1628 4733 1794 4801; x_wconf 70' lang='lat' dir='ltr'>lubsrtsal⁶</span> <span class='ocrx_word' id='word_1_588' title='bbox 1809 4768 1841 4812; x_wconf 57' lang='grc' dir='ltr'>ς,</span> <span class='ocrx_word' id='word_1_589' title='bbox 1862 4759 1895 4808; x_wconf 66' lang='lat' dir='ltr'>,p</span> 
     </span>
     <span class='ocr_line' id='line_1_53' title="bbox 217 4812 1903 4897; baseline -0.005 -16"><span class='ocrx_word' id='word_1_590' title='bbox 217 4812 334 4881; x_wconf 74' lang='lat' dir='ltr'>tracias</span> <span class='ocrx_word' id='word_1_591' title='bbox 361 4814 564 4881; x_wconf 82' lang='lat' dir='ltr'>fideiussorem</span> <span class='ocrx_word' id='word_1_592' title='bbox 588 4819 758 4882; x_wconf 87' lang='lat' dir='ltr'>indemnem</span> <span class='ocrx_word' id='word_1_593' title='bbox 790 4818 910 4884; x_wconf 87' lang='lat' dir='ltr'>servare</span> <span class='ocrx_word' id='word_1_594' title='bbox 933 4825 985 4881; x_wconf 77' lang='lat' dir='ltr'>de-</span> <span class='ocrx_word' id='word_1_595' title='bbox 1022 4838 1084 4881; x_wconf 87' lang='lat' dir='ltr'>tetn</span> <span class='ocrx_word' id='word_1_596' title='bbox 1105 4819 1324 4897; x_wconf 71' lang='lat' dir='ltr'>probabiliter,</span> <span class='ocrx_word' id='word_1_597' title='bbox 1350 4820 1399 4883; x_wconf 83' lang='lat' dir='ltr'>vel</span> <span class='ocrx_word' id='word_1_598' title='bbox 1427 4820 1462 4881; x_wconf 85' lang='lat' dir='ltr'>ab</span> <span class='ocrx_word' id='word_1_599' title='bbox 1485 4837 1615 4894; x_wconf 87' lang='lat' dir='ltr'>utroque</span> <span class='ocrx_word' id='word_1_600' title='bbox 1635 4817 1903 4879; x_wconf 73' lang='lat' dir='ltr'>iudicetur&#39;torrrr,</span> 
     </span>
     <span class='ocr_line' id='line_1_54' title="bbox 214 4886 1920 4978; baseline -0.005 -17"><span class='ocrx_word' id='word_1_601' title='bbox 214 4894 288 4961; x_wconf 83' lang='lat' dir='ltr'>bet.</span> <span class='ocrx_word' id='word_1_602' title='bbox 311 4912 339 4956; x_wconf 80' lang='lat' dir='ltr'>a.</span> <span class='ocrx_word' id='word_1_603' title='bbox 370 4894 488 4975; x_wconf 82' lang='lat' dir='ltr'>Cogere</span> <span class='ocrx_word' id='word_1_604' title='bbox 517 4896 614 4975; x_wconf 86' lang='lat' dir='ltr'>potell</span> <span class='ocrx_word' id='word_1_605' title='bbox 642 4900 823 4962; x_wconf 86' lang='lat' dir='ltr'>creditorem</span> <span class='ocrx_word' id='word_1_606' title='bbox 846 4943 855 4978; x_wconf 88' lang='lat'>,</span> <span class='ocrx_word' id='word_1_607' title='bbox 877 4917 913 4962; x_wconf 94' lang='lat' dir='ltr'>ut</span> <span class='ocrx_word' id='word_1_608' title='bbox 934 4899 983 4961; x_wconf 81' lang='lat' dir='ltr'>sibi</span> <span class='ocrx_word' id='word_1_609' title='bbox 1020 4896 1161 4974; x_wconf 81' lang='lat' dir='ltr'>subesse,</span> <span class='ocrx_word' id='word_1_610' title='bbox 1189 4903 1230 4961; x_wconf 89' lang='lat' dir='ltr'>ita</span> <span class='ocrx_word' id='word_1_611' title='bbox 1255 4912 1291 4961; x_wconf 88' lang='lat' dir='ltr'>ut</span> <span class='ocrx_word' id='word_1_612' title='bbox 1313 4903 1354 4962; x_wconf 90' lang='lat' dir='ltr'>rei</span> <span class='ocrx_word' id='word_1_613' title='bbox 1379 4916 1512 4964; x_wconf 78' lang='lat' dir='ltr'>eventus</span> <span class='ocrx_word' id='word_1_614' title='bbox 1533 4898 1570 4962; x_wconf 86' lang='lat' dir='ltr'>stt</span> <span class='ocrx_word' id='word_1_615' title='bbox 1599 4899 1723 4973; x_wconf 90' lang='lat' dir='ltr'>utrique</span> <span class='ocrx_word' id='word_1_616' title='bbox 1745 4894 1791 4969; x_wconf 92' lang='lat' dir='ltr'>in·</span> <span class='ocrx_word' id='word_1_617' title='bbox 1807 4886 1920 4937; x_wconf 53' lang='lat' dir='ltr'>stum·</span> 
     </span>
     <span class='ocr_line' id='line_1_55' title="bbox 213 4964 1904 5068; baseline -0.002 -29"><span class='ocrx_word' id='word_1_618' title='bbox 213 4974 306 5039; x_wconf 87' lang='lat' dir='ltr'>cedat</span> <span class='ocrx_word' id='word_1_619' title='bbox 321 4972 541 5068; x_wconf 77' lang='lat' dir='ltr'>obligationem</span> <span class='ocrx_word' id='word_1_620' title='bbox 552 4994 618 5041; x_wconf 83' lang='lat' dir='ltr'>tum</span> <span class='ocrx_word' id='word_1_621' title='bbox 627 4978 834 5055; x_wconf 80' lang='lat' dir='ltr'>perlonalem,</span> <span class='ocrx_word' id='word_1_622' title='bbox 852 4997 918 5042; x_wconf 86' lang='lat' dir='ltr'>turn</span> <span class='ocrx_word' id='word_1_623' title='bbox 927 4978 985 5057; x_wconf 88' lang='lat' dir='ltr'>hy·</span> <span class='ocrx_word' id='word_1_624' title='bbox 1019 4992 1137 5042; x_wconf 65' lang='lat' dir='ltr'>certus.</span> <span class='ocrx_word' id='word_1_625' title='bbox 1161 4974 1251 5040; x_wconf 85' lang='lat' dir='ltr'>Unde</span> <span class='ocrx_word' id='word_1_626' title='bbox 1274 4993 1414 5054; x_wconf 82' lang='lat' dir='ltr'>peccaret</span> <span class='ocrx_word' id='word_1_627' title='bbox 1438 4993 1548 5042; x_wconf 87' lang='lat' dir='ltr'>eontra</span> <span class='ocrx_word' id='word_1_628' title='bbox 1570 4976 1732 5049; x_wconf 80' lang='lat' dir='ltr'>iustitiam,</span> <span class='ocrx_word' id='word_1_629' title='bbox 1752 4971 1787 5036; x_wconf 80' lang='lat' dir='ltr'>bc</span> <span class='ocrx_word' id='word_1_630' title='bbox 1805 4964 1904 5068; x_wconf 47' lang='lat'>“2232</span> 
     </span>
     <span class='ocr_line' id='line_1_56' title="bbox 214 5053 1979 5138; baseline -0.001 -21"><span class='ocrx_word' id='word_1_631' title='bbox 214 5053 384 5132; x_wconf 81' lang='lat' dir='ltr'>potbtcarir</span> <span class='ocrx_word' id='word_1_632' title='bbox 402 5076 511 5120; x_wconf 90' lang='lat' dir='ltr'>contra</span> <span class='ocrx_word' id='word_1_633' title='bbox 533 5055 716 5122; x_wconf 87' lang='lat' dir='ltr'>debitorem.</span> <span class='ocrx_word' id='word_1_634' title='bbox 735 5072 763 5138; x_wconf 82' lang='lat'>3.</span> <span class='ocrx_word' id='word_1_635' title='bbox 785 5058 832 5121; x_wconf 91' lang='lat' dir='ltr'>Ut</span> <span class='ocrx_word' id='word_1_636' title='bbox 850 5079 910 5121; x_wconf 91' lang='lat' dir='ltr'>non</span> <span class='ocrx_word' id='word_1_637' title='bbox 920 5079 983 5121; x_wconf 79' lang='lat' dir='ltr'>ma·</span> <span class='ocrx_word' id='word_1_638' title='bbox 1020 5072 1181 5123; x_wconf 87' lang='lat' dir='ltr'>tenerentt</span> <span class='ocrx_word' id='word_1_639' title='bbox 1199 5059 1236 5123; x_wconf 89' lang='lat' dir='ltr'>ad</span> <span class='ocrx_word' id='word_1_640' title='bbox 1262 5060 1505 5132; x_wconf 87' lang='lat' dir='ltr'>restitutionem,</span> <span class='ocrx_word' id='word_1_641' title='bbox 1524 5061 1575 5134; x_wconf 90' lang='lat' dir='ltr'>qui</span> <span class='ocrx_word' id='word_1_642' title='bbox 1604 5054 1786 5118; x_wconf 87' lang='lat' dir='ltr'>assecuraret</span> <span class='ocrx_word' id='word_1_643' title='bbox 1972 5085 1979 5094; x_wconf 91' lang='lat'>·</span> 
     </span>
     <span class='ocr_line' id='line_1_57' title="bbox 214 5133 1797 5277; baseline -0.004 -77"><span class='ocrx_word' id='word_1_644' title='bbox 214 5149 291 5200; x_wconf 77' lang='lat' dir='ltr'>areat</span> <span class='ocrx_word' id='word_1_645' title='bbox 311 5134 482 5215; x_wconf 77' lang='lat' dir='ltr'>obligatur,</span> <span class='ocrx_word' id='word_1_646' title='bbox 501 5133 524 5198; x_wconf 82' lang='lat' dir='ltr'>ir</span> <span class='ocrx_word' id='word_1_647' title='bbox 541 5137 674 5204; x_wconf 85' lang='lat' dir='ltr'>creditor</span> <span class='ocrx_word' id='word_1_648' title='bbox 694 5138 787 5204; x_wconf 84' lang='lat' dir='ltr'>debiti</span> <span class='ocrx_word' id='word_1_649' title='bbox 804 5139 986 5216; x_wconf 85' lang='lat' dir='ltr'>petitionem</span> <span class='ocrx_word' id='word_1_650' title='bbox 1020 5142 1148 5214; x_wconf 86' lang='lat' dir='ltr'>navim,</span> <span class='ocrx_word' id='word_1_651' title='bbox 1162 5140 1501 5277; x_wconf 57' lang='lat' dir='ltr'>quameuqrrovitkiatn</span> <span class='ocrx_word' id='word_1_652' title='bbox 1516 5138 1552 5200; x_wconf 79' lang='lat' dir='ltr'>ad</span> <span class='ocrx_word' id='word_1_653' title='bbox 1573 5150 1696 5213; x_wconf 86' lang='lat' dir='ltr'>portum</span> <span class='ocrx_word' id='word_1_654' title='bbox 1718 5139 1797 5273; x_wconf 47' lang='lat' dir='ltr'>pert</span> 
     </span>
     <span class='ocr_line' id='line_1_58' title="bbox 735 5228 1726 5353; baseline -0.004 -77"><span class='ocrx_word' id='word_1_655' title='bbox 735 5260 744 5353; x_wconf 46' lang='grc' dir='ltr'>ζ</span> <span class='ocrx_word' id='word_1_656' title='bbox 1021 5282 1029 5291; x_wconf 47' lang='grc'><strong>,</strong></span> <span class='ocrx_word' id='word_1_657' title='bbox 1370 5284 1373 5291; x_wconf 48' lang='grc'>,</span> <span class='ocrx_word' id='word_1_658' title='bbox 1475 5239 1495 5293; x_wconf 74' lang='lat'>4</span> <span class='ocrx_word' id='word_1_659' title='bbox 1652 5228 1726 5276; x_wconf 78' lang='lat' dir='ltr'>veut</span> 
     </span>
    </p>
   </div>
   <div class='ocr_carea' id='block_1_4' title="bbox 0 0 2218 6000">
    <p class='ocr_par' dir='ltr' id='par_1_6' title="bbox 0 0 2218 6000">
     <span class='ocr_line' id='line_1_59' title="bbox 0 0 2218 6000; baseline 0 8"><span class='ocrx_word' id='word_1_660' title='bbox 0 0 2218 6000; x_wconf 95' lang='lat' dir='ltr'> </span> 
     </span>
    </p>
   </div>
  </div>
 </body>
</html>
