4425 6000
509 514 716 588 ΤΗΝ.
754 533 819 584 oe
854 511 1495 596 Continuucnruuut.
1558 560 1569 582 .
1670 540 1716 612 30

212 612 411 686 murralibus
432 630 496 677 tum
527 612 632 690 spuriis
660 616 755 675 etiam
778 630 818 673 ex
839 612 986 673 damnato
1022 614 1168 676 damnato
1184 610 1338 690 congressu
1354 660 1362 687 ,
1373 611 1451 698 idest
1472 612 1591 689 quando
1609 614 1678 679 talis
1699 620 1789 691 culpa

217 694 385 764 concubitu
406 699 507 772 natis,
527 690 645 756 etiamsi
668 711 756 767 pater
770 688 808 751 sit
823 689 987 765 Sacerdos,
1022 697 1148 770 punitur
1169 687 1276 754 insoru
1290 709 1439 766 externo,
1456 693 1793 767 utquandoeumadul'·

220 795 280 842 aut
300 789 398 837 mater
419 774 583 847 Monialis,
606 792 677 833 nam
696 771 771 834 talia
786 764 987 833 alimentase-
1023 776 1102 836 terio
1118 770 1248 833 incestus
1273 772 1487 835 committatur
1504 794 1514 848 i
1539 775 1658 847 quando
1672 779 1792 844 oriatur
1812 838 1816 846 ,

223 856 357 920 cundum
377 855 415 916 D.
437 853 497 915 Th.
517 852 549 914 r'rr
564 875 592 931 4.
615 850 680 929 dist.
699 870 748 929 41.
765 870 792 927 q.
825 856 915 912 unica
928 867 986 911 art.
1023 874 1062 915 ex
1082 851 1193 927 copula
1210 848 1348 914 habitaa
1370 851 1498 920 muliere
1517 871 1588 920 cum
1604 854 1793 919 ascendenti·

223 952 254 1015 ς.
272 935 372 996 debita
390 932 458 997 sunt
482 936 544 995 iure
564 948 686 994 naturae
705 980 714 1005 ,
743 927 763 990 sr
791 928 912 994 aliunde
929 929 987 991 filii
1022 932 1095 1008 bus,
1112 931 1146 995 dt
1163 926 1434 1007 descendentibus,
1448 929 1482 995 ἀ
1499 951 1571 1016 curn
1588 936 1654 996 aliis
1670 934 1795 1014 copian-

222 1032 380 1090 nequeant
402 1012 561 1077 sulicntari
581 1057 589 1084 ,
617 1014 687 1084 quia
700 1009 752 1092 ‚de
783 1013 848 1072 iure
868 1026 988 1073 naturae
1023 1015 1137 1090 guineis
1160 1008 1251 1086 usque
1271 1010 1308 1071 ad
1325 1027 1469 1084 quartum
1486 1009 1633 1090 gradum,
1653 1034 1724 1076 nam
1742 1013 1794 1073 ho·

222 1111 365 1172 parentes
385 1090 455 1155 filiis
475 1090 635 1156 necessaria
660 1089 791 1169 praebete
807 1105 957 1152 tenentur
977 1110 990 1164 ‚·
1023 1093 1072 1153 die
1087 1088 1197 1166 copula
1218 1093 1249 1151 in
1269 1088 1321 1150 tali
1343 1088 1439 1165 gradu
1454 1109 1516 1162 non
1528 1093 1670 1169 punitur,
1688 1091 1743 1155 uisi
1756 1090 1793 1154 sit

217 1172 307 1236 unde
323 1177 437 1239 merito
458 1172 507 1235 lut
527 1174 709 1235 canonicum
726 1173 755 1231 in
772 1187 832 1247 cap.
855 1189 922 1232 cum
940 1168 990 1233 lia·
1024 1192 1092 1233 cnm
1108 1166 1335 1231 ascendentibus
1345 1168 1396 1231 vel
1407 1164 1653 1236 descendentibus
1670 1194 1678 1235 t
1698 1193 1793 1248 quan·
1898 1197 1901 1202 ·

220 1250 303 1316 deret
322 1251 359 1315 de
378 1272 416 1316 eu
435 1258 485 1328 qui
494 1252 582 1322 duxit
603 1255 633 1314 in
652 1252 882 1313 matrimonium
898 1269 991 1325 quam
1024 1250 1062 1311 do
1080 1251 1184 1313 oritur
1205 1247 1287 1310 filius
1308 1267 1346 1309 ex
1366 1247 1537 1311 Christiana
1557 1248 1590 1314 dc
1608 1251 1711 1315 Indaeo
1732 1300 1739 1328 ,
1758 1272 1793 1314 ac

179 1378 185 1388 .
217 1331 406 1420 .polluitpct
427 1332 612 1396 adulterium
637 1377 645 1405 ,
675 1333 809 1393 correxit
832 1334 877 1391 ius
896 1328 992 1391 ciuile
1027 1329 1266 1403 Mahunaeran03
1288 1324 1321 1389 &
1344 1326 1395 1390 alii
1414 1335 1696 1404 ponunt‚quando
1715 1334 1794 1394 oria·

219 1418 388 1486 antiquum
400 1433 512 1491 negans
527 1413 603 1474 talia
613 1411 761 1473 alimenta
772 1407 898 1486 spurii-s.
919 1408 989 1471 Dixi
1027 1428 1078 1472 tur
1098 1412 1195 1472 etiam
1211 1427 1249 1469 ex
1266 1405 1395 1492 simplici
1418 1402 1623 1472 fornicatione
1643 1415 1726 1474 inter
1747 1408 1792 1474 sa·

227 1492 263 1554 de
282 1490 345 1554 iure
361 1492 497 1569 antiquo,
518 1512 605 1568 curn,
622 1508 655 1553 ut
673 1492 734 1552 iam
758 1488 843 1565 supra
864 1491 992 1565 notavi,
1026 1490 1142 1552 mulum
1158 1485 1192 1552 &
1207 1486 1304 1549 filiam
1318 1491 1575 1563 coniunguineam
1596 1539 1604 1567 ,
1627 1491 1676 1553 vel
1699 1488 1795 1555 filiam

227 1589 266 1632 ex
288 1573 352 1634 iure
368 1592 453 1635 novo
469 1568 579 1647 possint
597 1566 808 1647 parentcefrlio
821 1569 992 1639 etiamspu·
1028 1571 1175 1645 virginem
1194 1566 1440 1653 quamdomiuus
1462 1567 1588 1631 habebat
1612 1574 1641 1630 in
1663 1574 1770 1646 domo,

223 1654 274 1711 rio
288 1649 361 1713 dare
381 1672 436 1727 pro
455 1652 612 1714 alimentis
629 1652 767 1725 quintam
789 1668 909 1724 partem
925 1650 991 1710 luo·
1066 1650 1142 1711 Cum
1163 1664 1264 1710 autem
1284 1646 1339 1707 lilii
1367 1648 1515 1722 illegitimi
1542 1667 1604 1710 nou
1631 1651 1793 1715 luceedant

223 1750 295 1791 turn
313 1728 532 1807 bonorum,de
549 1752 607 1806 qua
629 1729 748 1805 possunt
765 1728 923 1810 disponere
940 1742 995 1803 pro·
1027 1726 1064 1790 ab
1084 1725 1230 1791 intestato
1263 1728 1294 1786 irr
1322 1726 1502 1789 haereauare
1524 1746 1708 1807 pareutum,
1738 1727 1792 1795 nili

225 1810 328 1873 anima
349 1805 832 1877 sua.1nrodocetCovarruuias
854 1806 992 1885 pollepa·
1028 1808 1064 1870 ad
1086 1805 1232 1870 sumnum
1253 1810 1282 1868 in
1304 1804 1418 1883 duabus
1439 1810 1555 1882 unciis,
1573 1809 1644 1870 idest
1666 1808 1796 1873 inserta

222 1904 308 1950 crem
324 1887 403 1952 hanc
430 1894 571 1966 quintam
596 1908 713 1966 par-tem
730 1890 827 1967 legare
847 1937 855 1966 ,
881 1888 993 1950 donare
1029 1907 1113 1961 parte
1130 1889 1403 1961 bonorumpatris3
1420 1882 1532 1949 srsorte
1546 1889 1793 1966 contingatquod

224 1967 285 2031 tali
308 1967 393 2045 filio,
411 1967 445 2033 ἀ
465 1969 539 2033 licet
556 1969 629 2033 alias
646 1966 807 2031 ditissimo.
1026 1988 1132 2029 omnis
1162 1968 1188 2029 le
1209 1969 1287 2028 itimi
1313 1962 1445 2027 haeredes
1468 1970 1594 2030 omnino
1620 1967 1792 2042 deficiant,

177 2089 185 2126 ,
269 2044 407 2112 Tametsi
429 2048 482 2111 lilii
508 2047 666 2112 naturales
694 2070 754 2112 non
771 2045 940 2112 ,succedant
963 2048 992 2106 iu
1029 2049 1072 2109 ita
1091 2067 1126 2109 ut
1143 1988 1246 2130 nullus
1266 2042 1303 2117 sit
1325 2044 1403 2105 alius
1433 2043 1526 2107 lraeres
1556 2049 1591 2109 ab
1616 2046 1761 2112 intestato
1785 2096 1794 2124 ,

177 2122 308 2192 munna
326 2131 422 2204 patria
445 2129 482 2191 ab
508 2127 679 2205 intestato,
699 2125 866 2191 succedunt
891 2144 992 2188 tamen
1030 2126 1161 2213 succedit
1181 2123 1282 2186 Fiscus
1300 2125 1355 2202 leg.
1371 2142 1395 2184 r.
1412 2124 1490 2213 με
1510 2124 1650 2213 iurefisci
1670 2132 1739 2207 Leg.
1767 2148 1791 2188 r.

178 2213 192 2252 ⁸
223 2206 297 2268 iure
322 2213 473 2273 communi
506 2212 597 2273 matri
621 2208 659 2271 ab
675 2207 819 2272 intestato
840 2254 848 2283 ,
873 2204 994 2279 quando
1030 2207 1174 2268 Vacanna
1197 2252 1206 2282 ,
1229 2205 1287 2268 cod.
1314 2201 1450 2266 debonis
1482 2204 1626 2268 vunnu,
1658 2206 1794 2270 itautsr

177 2277 322 2378 facetiam
343 2285 402 2350 siut
425 2288 476 2350 alii
498 2287 554 2351 filii
574 2289 718 2368 legitimi,
737 2310 806 2352 cum
827 2286 933 2362 quibus
954 2304 992 2347 ex
1028 2281 1186 2351 defunditis
1197 2280 1514 2371 luerit-laicumllscus
1532 2290 1628 2363 regius
1642 2282 1794 2361 succedit,

177 2363 317 2445 piaeque
338 2364 501 2431 succedunt
515 2371 546 2430 in
564 2386 682 2444 partem
701 2368 849 2431 bonorum
868 2369 995 2441 matris,
1029 2363 1049 2426 li
1075 2366 1232 2439 clericus,
1257 2367 1350 2451 'nicus
1379 2362 1591 2427 ecclesiasticus
1614 2415 1621 2442 ‚
1647 2366 1666 2426 li
1683 2364 1794 2428 berteli-

177 2488 186 2508 .
226 2442 587 2531 dummodo,excipiunt
614 2448 722 2525 aliqui,
749 2448 853 2513 Mater
874 2442 992 2509 non'lit
1028 2447 1137 2507 clarius
1154 2443 1311 2519 Ecclesia,
1332 2441 1383 2504 vel
1409 2443 1521 2505 altare.
1556 2446 1689 2519 Quando
1718 2466 1794 2509 veru

230 2523 374 2604 prosapiae
397 2527 485 2590 valde
503 2528 640 2592 illustris.
664 2529 729 2591 lmo
745 2526 877 2591 succedit
898 2528 994 2590 etiam
1030 2526 1204 2600 peregrinus
1234 2525 1264 2584 in
1302 2524 1439 2597 hospitali
1473 2528 1631 2603 moritur,
1656 2545 1695 2589 ex
1729 2529 1794 2590 iure

228 2599 374 2683 spurius,
405 2605 438 2670 dr
457 2628 497 2669 ert
517 2607 666 2672 damnato
686 2608 851 2671 concubitu
878 2624 943 2669 tam
960 2604 995 2668 ab
1028 2606 1181 2667 communi
1207 2600 1283 2665 bona
1303 2602 1428 2665 mobilia
1442 2604 1524 2679 apud
1554 2601 1647 2679 ipsum
1662 2607 1795 2671 inventa

225 2683 486 2762 inertiamquam
506 2688 845 2751 excellamentocum
865 2685 933 2748 aliis
952 2687 994 2747 lc·
1031 2702 1080 2767 per
1110 2680 1287 2757 Episcopum
1322 2679 1524 2745 distribuenda
1558 2682 1628 2748 sunt
1661 2688 1691 2745 in
1729 2690 1795 2762 piot

227 2765 497 2903 fitunimquaudo
517 2785 616 2830 mater
634 2764 695 2829 fine
713 2766 761 2827 saa
788 2765 877 2842 culpa
898 2763 994 2840 ipsum
1030 2763 1128 2847 ulus,
1162 2779 1201 2821 ex
1232 2759 1327 2823 cluth.
1351 2764 1457 2825 Omnes
1470 2764 1613 2841 peregrini
1641 2764 1699 2829 cod.
1722 2785 1797 2827 com·

241 2842 424 2920 uleeperit‚
462 2849 531 2920 quia
561 2847 703 2908 nimirum
730 2845 778 2908 vel
806 2847 836 2911 vi
861 2845 994 2921 opprcss'a
1029 2859 1112 2904 muru
1130 2838 1171 2903 ad
1184 2835 1298 2919 succeff.

227 2916 306 3001 suit,
322 2925 375 2987 vel
389 2920 499 2989 fraude
518 2929 643 3005 cognita
661 2924 698 2989 ab
715 2925 776 2990 alio
797 2972 805 3004 ,
832 2942 920 3002 quem
939 2945 993 3002 pu·

226 3001 315 3067 tabat
337 3001 421 3068 suum
442 3010 615 3084 maritum,
637 3007 708 3083 quia
737 3024 810 3070 tunc
840 3005 925 3068 nulla
955 3024 993 3066 ex
1363 3007 1387 3069 5.
1428 3001 1467 3067 X.

228 3101 317 3158 parte
341 3089 448 3149 matris
480 3089 657 3151 intervenit
682 3085 804 3163 culpa,
840 3084 878 3148 ob
904 3105 993 3161 quatu
1336 3156 1341 3167 Ι

228 3161 326 3226 veluti
344 3183 466 3239 prauam
486 3170 517 3229 in
533 3167 637 3229 odium
654 3187 689 3230 ac
697 3165 930 3230 detestationem
941 3165 993 3228 de·
1164 3161 1209 3220 De
1228 3152 1392 3222 baeredrbur
1410 3177 1449 3223 ex
1469 3159 1655 3240 testamento.

229 3239 290 3305 lieu
309 3261 467 3319 parentum
488 3247 686 3311 huiuscemodi
699 3246 769 3310 filiis
783 3244 994 3310 strccelsroma·
1146 3300 1157 3331 ,
1681 3320 1686 3330 Ι
1791 3265 1793 3270 ·
2004 3270 2006 3275 ·

228 3336 319 3384 terna
340 3322 524 3403 denegetur.
546 3326 614 3389 Filii
634 3348 708 3391 vero
729 3325 844 3404 spurii,
865 3329 993 3401 quinon
1067 3316 1180 3382 Haeres
1217 3338 1256 3381 ex
1290 3319 1511 3409 testamento,
1540 3319 1591 3386 seu
1619 3321 1799 3400 nstitutus,
1836 3310 1939 3379 nivilla

228 3396 298 3463 sunt
317 3408 464 3480 progeniti
486 3427 525 3470 cx
545 3407 687 3471 damnato
707 3407 874 3472 concubitu
895 3404 993 3470 lucce-
1030 3395 1071 3459 cll
1086 3400 1136 3472 qul
1161 3416 1197 3460 ²¹
1219 3395 1339 3476 speciali
1366 3401 1556 3475 dlluffltlone
1577 3403 1731 3467 testatoris
1753 3405 1798 3462 ln·
1814 3393 1896 3438 ΗΜ·

227 3476 392 3547 dunt-tam
410 3484 447 3547 ab
473 3485 620 3549 intestato
643 3509 732 3561 quam
759 3508 800 3549 ex
831 3484 994 3549 testamen·
1030 3475 1222 3570 stituiturftss
1248 3477 1430 3543 testamento
1457 3481 1493 3542 ad
1520 3480 1733 3546 succedendum
1762 3485 1794 3542 ln
1812 3514 1899 3565 rae..

229 3574 265 3620 to
289 3563 320 3622 in
351 3561 439 3626 bonit
460 3568 567 3627 matris
596 3584 635 3626 ex
665 3565 730 3629 iur'e
754 3569 936 3639 communi,
972 3563 994 3627 st
1029 3556 1113 3619 bonis
1134 3559 1209 3621 lurs-
1233 3556 1284 3622 lta
1311 3564 1533 3623 communiter.
1559 3564 1667 3626 Hares
1688 3569 1726 3623 eit
1749 3579 1923 3635 tenente.

230 3658 333 3702 mater
357 3640 437 3728 filios
463 3662 524 3705 non
563 3641 674 3704 habeat
711 3644 860 3718 legitimos
885 3687 893 3702 ,
923 3644 992 3705 Filii
1030 3635 1678 3706 ilamentoaliueeliuniversalisflliveex
1696 3639 1797 3718 Alie,

225 3736 305 3783 ‚vero
322 3717 411 3794 spurii
441 3739 479 3781 ex
500 3722 646 3782 damnato
665 3720 832 3784 concubitu
852 3741 907 3783 nec
930 3724 994 3787 luc·
1028 3718 1079 3788 qui
1106 3713 1277 3780 instituitur
1298 3718 1334 3780 ad
1364 3715 1579 3782 succedendum
1604 3725 1635 3781 in
1658 3724 1797 3783 omnibus

223 3796 341 3860 cedunt
371 3801 463 3861 matri
484 3799 522 3861 ab
543 3797 713 3875 intellato,
742 3819 797 3861 nec
820 3799 938 3876 possunt
959 3800 995 3862 ab
1029 3791 1135 3867 bonis,
1154 3791 1188 3857 &
1207 3795 1320 3859 iuribus
1337 3795 1489 3873 defundit,
1517 3798 1550 3863 dc
1580 3797 1799 3875 consequenter

224 3894 263 3943 ea
283 3876 410 3951 relinqui
428 3877 578 3954 lraeredes,
596 3877 645 3940 vel
667 3879 834 3958 legatarii,
859 3874 905 3941 sed
926 3898 994 3956 pot·
1030 3873 1066 3935 ad
1083 3870 1234 3936 subeunda
1249 3880 1353 3938 omnia
1370 3880 1435 3939 eius
1452 3897 1568 3954 onera,
1589 3879 1805 3957 leuipriusde·

223 3951 269 4017 est
292 3954 461 4029 relinquere
489 3960 531 4020 eis
560 3959 697 4034 quintam
727 3971 846 4034 partem
873 3956 995 4022 suornm
1029 3950 1093 4017 bita
1125 3955 1236 4017 realia.
1269 3956 1356 4019 Alius
1381 3955 1421 4019 est
1443 3959 1634 4034 particularis
1657 3965 1689 4023 in
1710 3977 1799 4036 parte

221 4030 404 4109 bonorum,
432 4059 523 4114 quam
553 4058 607 4114 pro
636 4041 738 4102 anima
767 4036 817 4102 sua
841 4038 995 4116 applicare
1030 4031 1221 4101 inteutans
1237 4035 1406 4121 aliquota,
1435 4057 1466 4101 v.
1486 4060 1512 4116 g.
1531 4040 1699 4117 sextante,
1723 4060 1797 4116 qua·

224 4112 345 4191 potest.
369 4115 583 4181 Salmanticen.
603 4139 667 4195 cap
686 4119 724 4179 V.
744 4141 770 4196 p..
792 4141 817 4195 5.
837 4125 863 4183 §.
888 4134 915 4198 3·
1030 4114 1156 4190 drame,
1177 4118 1308 4191 triente,
1328 4117 1458 4201 lemine,
1482 4121 1533 4182 vel
1556 4122 1749 4200 particularis
1766 4123 1797 4183 in

177 4198 220 4257 ru.
270 4195 355 4259 Nota
377 4218 430 4271 pro
458 4199 577 4261 clariori
603 4199 807 4278 intelligentia
823 4197 900 4261 filios
927 4197 995 4260 ille·
1030 4193 1130 4270 aliqua
1152 4214 1238 4259 certa
1265 4195 1335 4258 dete
1386 4200 1469 4281 ‘trata
1501 4218 1533 4262 re
1589 4219 1662 4276 puta
1687 4204 1719 4263 in
1744 4201 1800 4264 tali

177 4278 181 4315 ¹
223 4274 346 4352 gitiuios
367 4273 516 4339 aliusdici
540 4278 766 4355 naturales,&
787 4279 856 4342 lunt
878 4282 994 4355 ii,qui
1030 4272 1297 4349 agro,d0m0,&
1318 4274 1517 4355 httttlmodi,
1547 4251 1800 4356 ditaliseslpo·

176 4349 187 4441 ζ
210 4359 287 4418 ¹nati
306 4355 503 4435 &progeniti
524 4356 593 4421 sunt
619 4380 636 4421 a
666 4356 837 4436 parentibus
857 4406 866 4434 ‚
890 4361 938 4435 qni
962 4358 996 4418 li·
1031 4357 1091 4415 tius
1107 4355 1273 4430 legatarius
1293 4376 1382 4430 quarn
1404 4357 1501 4421 lraeres
1521 4360 1683 4440 desundii,
1712 4363 1799 4424 adeo·

177 4468 210 4511 .,
222 4430 287 4496 beri
305 4437 464 4513 eraut,&
484 4441 563 4501 inter
583 4436 612 4499 se
628 4438 808 4501 contrahere
829 4455 995 4521 poteraut,
1030 4451 1089 4507 que
1114 4436 1207 4510 iura',
1231 4454 1353 4521 onera,
1381 4436 1483 4502 debita
1517 4437 1644 4506 defrrnlli
1671 4440 1797 4506 adeum
1873 4488 1878 4492 .

178 4532 209 4571 n
223 4516 297 4591 quia
318 4516 433 4580 nullum
463 4534 599 4596 tempore
619 4521 827 4592 conceptionis
843 4517 995 4580 habebant
1032 4532 1091 4575 non
1110 4516 1266 4588 pertinent
1289 4562 1297 4589 ,
1320 4516 1368 4577 led
1396 4518 1431 4581 ad
1450 4519 1601 4583 haererlem
1617 4524 1739 4598 proprie
1759 4527 1802 4583 di·

223 4594 479 4672 impedimentum
507 4599 665 4659 dirimens.
695 4598 742 4659 lta
769 4597 879 4660 Sanch.
913 4588 991 4662 Lcll'.
1030 4592 1112 4655 ilum
1135 4641 1143 4671 ,
1167 4593 1585 4678 quipersonamdafunttam
1615 4618 1681 4665 tam
1699 4602 1800 4678 quoad

224 4672 305 4739 alios
321 4675 434 4753 spurios
454 4725 463 4754 ,
489 4675 523 4742 dt
541 4675 610 4738 sunt
638 4679 688 4751 qui
712 4682 859 4755 progeniti
887 4675 955 4741 sunt
978 4700 993 4740 a
1032 4676 1117 4750 iura,
1136 4673 1170 4738 dt
1185 4675 1341 4739 commoda
1360 4718 1370 4754 ,
1389 4698 1479 4752 quam
1494 4682 1593 4757 quoad
1611 4700 1725 4759 onera,
1750 4680 1802 4746 seu

222 4756 399 4834 parentibus
417 4755 523 4831 aliquo
539 4757 759 4834 impedimento
774 4756 937 4821 dirimente
954 4762 995 4820 ir·
1023 4753 1133 4817 debita
1148 4754 1367 4829 representare
1388 4758 1476 4823 debet
1505 4766 1577 4841 Leg·
1600 4761 1724 4845 Quoties
1738 4764 1800 4826 rod.-

222 4834 350 4913 tetitis,
379 4854 415 4900 ut
430 4833 452 4898 sl
467 4836 563 4899 ellent
588 4834 810 4913 consanguinei
834 4840 865 4898 in
886 4855 995 4913 quarto
1031 4835 1068 4901 de
1088 4833 1219 4898 haeredit.
1239 4836 1328 4911 instit.
1344 4837 1374 4897 Si
1397 4857 1503 4904 autem
1519 4839 1597 4905 lolns
1619 4848 1714 4907 haeres
1731 4855 1800 4919 par·

221 4915 340 4993 gradu,
358 4911 381 4976 si
399 4915 479 4979 alter
494 4933 599 4979 eorum
613 4911 651 4980 sit
668 4919 700 4976 in
717 4919 915 4981 matrimonio
934 4963 942 4993 ,
972 4915 992 4978 li
1033 4915 1174 4977 titularis
1200 4919 1297 4979 etiarn
1315 4920 1419 4993 quoad
1442 4921 1572 4997 aliquam
1587 4942 1710 4986 certam
1736 4961 1744 4996 ‚
1767 4940 1803 4988 aa

222 4998 260 5055 in
274 4988 364 5061 sacris
380 4992 584 5073 constitutus,
603 4992 623 5054 sr
644 4991 813 5072 Religiosus
831 4996 994 5072 ptol'effut.
1032 4994 1268 5057 determinatam
1288 5015 1353 5059 rem
1366 4999 1467 5063 verbis
1483 5002 1522 5064 ad
1544 5002 1638 5075 ipsum
1658 5007 1690 5064 in
1707 4997 1802 5065 tella-¹

214 5064 270 5141 Ἐκ
294 5070 400 5149 spuriis
431 5092 505 5139 veto
535 5073 629 5148 aliqui
652 5075 798 5138 dicuntur
826 5078 921 5155 geniti
954 5095 993 5140 ert
1031 5091 1142 5138 mento
1156 5072 1272 5139 dirceus
1293 5074 1451 5149 iuslitutur
1467 5081 1530 5161 lit,
1552 5100 1607 5149 aut
1628 5082 1679 5149 alii
1702 5081 1800 5147 haere⁴

300 5152 385 5234 run
417 5151 514 5222 tneor.
534 5154 642 5218 norat.
663 5151 755 5215 rom.
774 5150 827 5216 ru.
973 5226 983 5241 ,Ι
1000 5126 1020 5247 l
1477 5158 1507 5225 v
1706 5160 1758 5226 n,
