4425 6000
562 484 1553 568 TirenusIniusririsdcc.csi.11.
1717 518 1781 573 111

265 600 470 670 detentorem
485 588 647 657 detrahere
658 584 827 669 expensas,
847 609 923 664 ,quas
936 586 1037 652 domi·
1071 608 1131 656 nec
1152 589 1253 665 praxis
1283 585 1482 669 praescribat,
1508 584 1710 659 &desum
1737 596 1775 663 sit
1795 620 1835 667 eir

267 702 329 749 nus
359 696 413 756 pro
441 672 499 737 tali
526 673 731 737 translatione
762 665 865 733 facete
890 666 1036 732 debuisset
1071 667 1237 736 contraditi
1251 666 1400 746 oneroso,
1417 667 1481 734 sive
1499 668 1709 738 transferente
1723 680 1767 742 rei
1782 680 1837 745 do-

266 755 555 829 dieuntBouacsna,
569 753 694 827 Henno,
704 750 834 826 aliique,
848 752 1037 826 quia,ainnt
1069 751 1221 827 minium,
1241 751 1316 812 utin
1333 752 1506 827 emptione,
1522 770 1650 829 mutuo,
1670 755 1779 837 censii,
1799 760 1835 828 ἀ

266 838 343 920 ipsi,
361 838 479 900 debitor
496 836 617 910 iniquus
643 831 829 895 lolmumodo
848 847 977 893 tenetur
985 829 1041 893 do·
1067 825 1270 906 huiusmodi,
1297 831 1329 890 iii
1349 829 1456 905 quibus
1476 852 1538 894 non
1564 832 1671 895 eadem
1688 856 1734 901 res
1754 886 1762 916 ,
1785 837 1836 905 sed

265 923 387 988 minum
409 912 536 980 servare
562 914 754 987 indemnem,
772 910 810 976 ἃ
835 911 975 977 dominus
992 929 1035 973 eii
1071 930 1128 988 pro
1147 930 1209 972 unii
1230 926 1355 986 accepta
1371 909 1470 975 altera
1495 914 1687 990 aequivalens
1708 918 1836 984 redden·

263 1000 325 1067 tasi
346 996 541 1063 restitutione
559 994 841 1068 lucrumreportate
857 988 1028 1058 nondebet.
1069 990 1110 1054 da
1124 986 1169 1053 est
1188 988 1275 1066 ,sive
1292 989 1568 1057 nontransserente
1590 990 1775 1076 dominium,
1800 1016 1835 1064 ut

266 1081 399 1159 Negant
416 1094 492 1143 vero
513 1073 566 1137 alii
594 1072 675 1151 polse
702 1076 838 1151 iniquum
869 1070 1039 1135 debitorem
1072 1066 1836 1150 indepohto,commodato,locato,&huiusmodi
1931 1084 1933 1087 ’

266 1162 349 1227 tales
377 1152 523 1234 expensas
542 1153 703 1217 detrahere
717 1200 727 1229 ,
741 1156 889 1229 quianon
910 1148 999 1213 debet
1015 1152 1039 1211 i·
1071 1148 1228 1225 inquibus
1254 1170 1301 1212 res
1322 1150 1430 1214 eadem
1445 1150 1633 1219 restituenda
1649 1156 1721 1231 est,-
1745 1179 1836 1238 gene·

263 1243 377 1319 niquus
390 1236 510 1301 debitor
531 1235 650 1297 suerum
668 1253 709 1296 ex
729 1229 781 1296 suo
800 1230 909 1297 desidio
933 1250 1037 1307 repor-
1069 1230 1180 1294 raliter
1196 1229 1364 1306 loquendo,
1381 1227 1528 1295 nisiinter
1545 1250 1644 1309 partes
1659 1236 1835 1304 alitercon·

265 1339 339 1388 tare
362 1336 398 1381 ut
416 1322 448 1380 in
468 1334 527 1397 cap.
547 1312 752 1379 intelleximus
773 1310 814 1378 (φ
829 1314 849 1375 l.
879 1334 935 1388 npu
947 1308 1038 1391 siru-
1072 1308 1272 1387 ventumsit,
1291 1306 1477 1374 restituenda
1494 1309 1605 1376 suntin
1622 1314 1690 1379 loco
1707 1317 1755 1380 ubi
1774 1337 1837 1384 tra·

262 1402 342 1468 darer
353 1399 389 1481 ffi
410 1398 449 1461 de
471 1396 578 1477 regulis
605 1395 684 1458 iuris
701 1394 734 1456 r'n
759 1395 788 1453 6.
812 1395 909 1457 lilemo
925 1410 963 1455 rx
982 1387 1036 1470 suo
1070 1389 1136 1454 dita
1156 1387 1284 1453 suerunt
1301 1409 1337 1453 ac
1367 1409 1508 1466 accepta.
1537 1393 1586 1456 Sic
1611 1401 1833 1463 communiter.

263 1480 373 1547 delirio
389 1476 535 1542 meliorem
545 1474 634 1553 suam
648 1471 842 1539 conditionem
855 1470 960 1558 saror
971 1481 1037 1555 *por-
1068 1470 1155 1533 Nam
1173 1485 1295 1533 attenta
1313 1468 1486 1533 contradus
1505 1470 1642 1549 iussitia,
1659 1474 1693 1538 δι
1709 1496 1832 1541 coutra-

265 1583 286 1627 ς
322 1606 330 1621 .
1066 1549 1395 1617 hentiumvoluntate
1420 1548 1560 1629 assignari
1589 1558 1696 1629 nequit
1716 1577 1832 1623 conve·

273 1648 278 1656 '
301 1638 478 1707 ‘Restitutio
495 1658 535 1702 ex
551 1657 584 1707 re
603 1653 730 1714 accepta
752 1656 771 1699 a
793 1633 955 1712 possessore
982 1630 1036 1695 bo-
1070 1633 1203 1695 nientior
1219 1629 1302 1693 locus
1318 1629 1503 1721 quamloeus
1519 1632 1568 1696 ubi
1586 1633 1681 1697 initus
1696 1632 1739 1698 est
1759 1658 1836 1703 con·

262 1741 320 1791 nie
342 1719 415 1784 fidei
440 1736 530 1784 extra
551 1714 746 1781 contrabium
773 1711 910 1779 sarienda
933 1709 978 1776 est
1004 1714 1036 1773 in
1070 1708 1199 1774 trasius.
1224 1708 1256 1772 Si
1281 1730 1363 1772 euim
1386 1708 1488 1773 iocum
1510 1712 1605 1777 alium
1633 1715 1835 1783 intendissent

270 1802 343 1866 ioco
359 1800 410 1863 ubi
439 1796 673 1876 deprehenditur
700 1815 764 1859 rem
785 1794 846 1859 else
868 1793 1035 1868 alienam,
1063 1789 1315 1869 contrahentes,
1348 1785 1482 1866 profesio
1511 1789 1597 1856 illum
1627 1794 1657 1855 in
1679 1797 1837 1863 contrashi

270 1900 381 1959 nempe
401 1877 451 1942 ubi
474 1877 713 1956 possessorbonae
743 1876 813 1939 fidei
830 1894 899 1938 eam
910 1871 1033 1935 habet:
1069 1868 1293 1961 apposuissent.
1319 1869 1394 1947 cip.
1423 1870 1485 1937 Aa
1507 1873 1696 1938 ,audientiam
1721 1876 1758 1941 dc
1782 1880 1836 1945 de·

263 1959 308 2026 tsi
322 1963 512 2036 communis,
533 1961 576 2022 ita
594 1976 629 2019 ut
646 1954 880 2032 nulliseirpensis
895 1951 1031 2017 subiace·
1062 1970 1184 2043 ermis..

265 2060 303 2107 re
321 2039 447 2103 debeat.
468 2038 516 2101 lta
536 2054 572 2100 ut
602 2035 622 2096 si
653 2032 864 2100 transferenda
893 2033 969 2096 esset
998 2030 1033 2095 ad
1106 2031 1222 2097 Debita
1252 2050 1292 2093 eir
1308 2028 1467 2095 contrado
1481 2036 1634 2110 gratuito,
1651 2052 1727 2111 puta
1742 2036 1835 2103 dona·

267 2119 425 2184 dominum
444 2116 616 2193 absentem,
632 2114 687 2179 hoc
706 2114 843 2191 expensis
870 2111 956 2189 ipsius
981 2111 1033 2173 dn·
1070 2114 1163 2186 tionis
1185 2158 1194 2187 ,
1219 2108 1428 2174 institutionis
1459 2110 1715 2180 Testamentariae
1740 2166 1748 2193 ,
1775 2120 1834 2182 Le·

265 2202 344 2266 miris
365 2197 432 2262 sieri
450 2196 578 2273 debeat,
596 2199 668 2272 quia
687 2191 750 2257 sive
776 2198 821 2258 ius
839 2193 943 2258 Civile
971 2190 1033 2256 sive
1068 2194 1133 2270 gari
1153 2239 1162 2268 ,
1180 2187 1214 2254 ἃ
1236 2190 1405 2254 huiusmodi
1422 2190 1699 2276 restituendasunt
1717 2199 1749 2259 in
1763 2198 1836 2263 loco

261 2278 456 2343 canonicum
484 2297 546 2340 non
574 2275 667 2339 aliam
688 2274 911 2353 obligationem
941 2275 1034 2348 impo-
1068 2271 1118 2334 ubi
1135 2291 1183 2335 res
1203 2287 1294 2333 erant
1309 2270 1431 2350 quando
1445 2272 1570 2337 donatae
1591 2271 1697 2353 suere,
1718 2277 1767 2340 ves
1790 2278 1833 2341 le·
1891 2276 1893 2284 '

264 2375 348 2423 nont
369 2357 524 2434 possessori
540 2354 630 2420 bonae
651 2353 749 2431 fidei,
777 2352 833 2416 nisi
863 2350 1034 2416 restitutio·
1068 2368 1150 2428 gatae
1174 2352 1206 2412 in
1230 2348 1455 2427 Testamento,
1481 2349 1517 2415 &
1534 2352 1648 2432 semper
1664 2352 1832 2433 sumptibus

262 2456 337 2503 nem
359 2440 400 2501 rei
428 2434 587 2501 bonafide
614 2435 767 2510 possessas,
784 2436 940 2511 quandor
982 2452 1034 2493 no·
1067 2433 1238 2514 donatariir
1265 2427 1422 2508 Legatatii
1453 2429 1692 2499 &c.dummodo
1723 2453 1831 2501 tamen

263 2520 329 2582 scat
365 2539 430 2581 iem
459 2538 527 2579 eam
552 2514 611 2579 eise
636 2516 772 2578 ,alienam
793 2535 828 2577 ac
857 2515 924 2577 ideo
943 2454 1031 2575 (ssiam
1068 2511 1231 2586 Donatus,
1251 2508 1454 2652 Legamdeu
1476 2511 1621 2579 Testatos
1651 2516 1742 2580 aliter
1769 2538 1833 2581 non

264 2598 374 2675 impiet
390 2595 610 2674 obligationem
631 2592 651 2656 si
668 2617 736 2658 earu
760 2592 902 2658 restituat
931 2595 961 2655 in
989 2592 1033 2655 lo·
1067 2587 1281 2667 disposuerint.
1316 2608 1346 2653 ta
1365 2598 1570 2674 communiter
1583 2644 1592 2673 ,
1606 2598 1677 2672 quia
1692 2600 1743 2672 qui
1765 2619 1829 2661 rein

265 2696 305 2742 co
321 2678 372 2741 ubi
398 2675 588 2755 cognoscitur
613 2723 621 2753 ,
650 2674 729 2749 quod
753 2670 791 2738 sit
819 2675 940 2751 aliena,
964 2695 1033 2735 cuin
1069 2674 1163 2749 gratis
1181 2671 1273 2734 alicui
1294 2670 1406 2749 donat,
1424 2674 1508 2751 legat
1522 2722 1531 2751 ‚
1547 2673 1609 2744 &u
1627 2676 1766 2750 praesiiml
1780 2698 1833 2739 ne·

262 2756 428 2822 restituere
440 2777 505 2824 non
522 2774 667 2819 teneatur
685 2753 738 2817 nisi
759 2770 910 2830 tantum,
937 2773 1034 2829 quan·
1068 2753 1151 2827 quit,
1179 2770 1236 2813 nec
1256 2746 1313 2827 se,
1340 2751 1500 2815 uersuum
1522 2754 1674 2818 haeredem
1704 2755 1744 2819 ad
1762 2758 1832 2833 quid

259 2854 333 2902 suin
356 2835 393 2899 de
421 2836 527 2901 alieno
554 2831 584 2898 se
601 2831 746 2911 possidere
765 2830 942 2911 cognoscit,
960 2833 1033 2895 alias
1070 2831 1198 2905 amplius
1213 2826 1369 2907 obligare,
1395 2852 1487 2906 quam
1510 2832 1546 2895 ad
1582 2830 1745 2909 simplicem
1766 2856 1831 2899 reru

259 2914 329 2980 fine
353 2916 440 2995 culpa
470 2935 595 2994 poenam
621 2915 720 2977 lueret
751 2937 761 2974 .·
806 2911 894 2975 debet
930 2930 1033 2975 tamen
1068 2910 1233 2984 donatam,
1255 2910 1389 2987 legatam
1407 2909 1658 2976 &oidcirconec
1674 2912 1753 2991 ipse,
1773 2934 1831 2980 nec

261 3017 390 3064 nouere
421 2996 577 3061 dominum
605 2990 759 3058 absentem
792 3043 801 3071 ,
849 3009 885 3056 ut
913 2988 967 3055 sibi
996 2988 1044 3052 si·'
1066 2988 1244 3054 suushaeres
1261 2989 1324 3054 aiio
1341 2992 1467 3071 propriis
1481 2990 1616 3070 expensis
1632 2992 1717 3057 illam
1732 2993 1833 3059 trans·

284 3075 388 3141 nificet
414 3125 423 3155 ,
454 3080 504 3141 cui
531 3077 616 3139 illam
651 3077 773 3139 tradere
793 3072 918 3136 debeat..
937 3072 1030 3148 Quod
1068 3073 1195 3133 mittere
1214 3086 1341 3135 tenetur
1358 3071 1641 3153 adDonatatium,
1663 3075 1713 3139 ves
1730 3075 1833 3154 Lega-

262 3099 288 3220 si
310 3157 443 3236 negligat
460 3161 613 3234 inquirere
641 3152 663 3216 si
690 3154 772 3218 sorte
792 3175 862 3216 eum
884 3155 1002 3230 ignoret
1024 3201 1033 3228 ,
1069 3152 1184 3214 tarium
1197 3197 1209 3227 .,
1233 3148 1281 3213 sed
1297 3147 1505 3216 transferenda
1526 3150 1569 3216 esi
1592 3153 1683 3231 ipsius
1700 3156 1833 3234 Legata·

284 3255 321 3304 ut
336 3258 375 3301 eo
391 3240 516 3317 cognito
535 3237 662 3315 incipiat
689 3235 750 3300 else
778 3237 809 3296 in
828 3253 912 3295 mora
928 3233 1031 3308 culpa·
1069 3233 1129 3306 rii,
1147 3229 1198 3294 vel
1215 3228 1377 3294 Donatarii
1393 3227 1529 3311 expensis
1545 3253 1563 3297 a
1581 3233 1689 3300 locoin
1707 3234 1831 3313 quodo-

259 3257 320 3388 bili
347 3316 550 3393 restituendi,
580 3335 656 3380 tunc
687 3318 793 3391 incipit
816 3315 877 3376 else
906 3312 1033 3388 possesso
1068 3330 1143 3374 nata
1160 3305 1237 3384 suit,
1255 3312 1306 3374 vel
1323 3312 1446 3390 legata.

263 3396 356 3461 rnasae
378 3397 469 3473 fidei,
491 3417 525 3460 ac
546 3395 664 3460 debitor
685 3414 725 3457 eit
748 3394 880 3469 delibo,
903 3413 938 3455 ac
963 3414 1030 3468 pro·
1106 3390 1255 3454 Similiter
1275 3389 1295 3452 h
1313 3412 1366 3469 pro
1382 3391 1577 3459 restitutione
1598 3393 1673 3471 ,seu
1690 3395 1832 3462 traditio·

263 3476 334 3539 inde
350 3474 371 3538 si
390 3477 531 3540 dominiis
552 3480 583 3538 in
605 3475 659 3539 tali
669 3472 723 3542 sua
741 3494 825 3537 mora
842 3471 897 3536 hat
907 3469 1032 3547 absens,
1067 3490 1106 3534 ne
1124 3491 1168 3533 res
1185 3472 1245 3535 alio
1266 3468 1475 3537 transferenda
1494 3472 1531 3536 sit
1552 3489 1588 3538 ut
1612 3480 1774 3553 perveniat
1792 3476 1831 3541 ad

263 3571 393 3620 tenetur
411 3577 482 3620 eam
488 3554 651 3626 restituere
666 3557 796 3632 propriis
811 3550 962 3630 expensis.
984 3553 1031 3614 Sic
1067 3572 1176 3614 manus
1194 3550 1276 3614 iilius
1294 3600 1303 3629 ,
1329 3556 1378 3615 cui
1404 3551 1446 3615 est
1474 3554 1571 3617 danda
1587 3573 1627 3618 esc
1643 3556 1830 3634 contraditi,

264 3639 482 3701 communiter.
504 3631 633 3710 Quodsi
654 3629 734 3696 sassa
754 3632 858 3696 debita
873 3634 1031 3710 diligentia
1066 3634 1118 3708 qui
1142 3634 1173 3693 in
1196 3633 1323 3695 alterius
1343 3635 1438 3708 partis
1458 3634 1630 3696 utilitatem
1657 3637 1754 3698 initus
1773 3633 1829 3712 ess,

263 3712 424 3778 dominum
439 3735 502 3778 non
519 3714 680 3787 inveniat,
697 3729 769 3774 tunc
786 3711 920 3789 regulam
935 3710 1029 3775 obser·
1068 3710 1264 3787 proculdubio
1286 3710 1356 3775 talis
1380 3710 1562 3776 transmissio
1590 3714 1656 3776 fieti
1684 3715 1774 3779 debet
1794 3717 1831 3779 il·

263 3813 340 3858 vare
355 3794 446 3856 debet
467 3814 535 3868 quae
552 3791 627 3854 alias
645 3792 779 3854 traditur
795 3790 893 3865 quoad
910 3810 971 3854 rem
985 3795 1031 3854 in·
1067 3792 1125 3853 lius
1144 3787 1279 3864 expensis
1296 3794 1327 3852 in
1342 3794 1428 3855 cuius
1451 3796 1581 3871 gratiam
1604 3841 1613 3870 ,
1642 3790 1676 3857 ἃ
1692 3814 1829 3860 commo·

262 3892 415 3949 ventam,
430 3878 515 3935 cuius
537 3873 674 3934 dominus
696 3873 871 3948 ignoratur..
1066 3873 1137 3933 dum
1165 3867 1258 3933 sadus
1285 3867 1323 3933 sit
1353 3872 1423 3934 talis
1449 3874 1649 3937 contradus:
1673 3895 1767 3951 quare
1795 3879 1827 3941 sn

302 3950 475 4016 Restitutio
502 3950 639 4017 sarienda
661 3969 701 4013 ex
737 3947 925 4026 contrariu,
964 3946 1031 4012 fieri
1065 3949 1224 4014 contrasiu
1245 3951 1375 4016 cedente
1404 3955 1435 4013 iii
1467 3953 1640 4018 utilitatem
1667 3951 1829 4020 soliusac·

263 4031 356 4098 debet
373 4035 406 4093 in
427 4035 496 4096 loco
517 4037 556 4098 de
578 4053 640 4109 quo
670 4036 701 4093 in
727 4026 886 4094 contrastu
914 4029 1032 4104 expres·
1066 4034 1205 4106 cipientis
1220 4050 1255 4095 ut
1272 4033 1524 4108 incommodato,
1542 4053 1669 4112 mutuo,
1709 4039 1829 4100 ratuito

262 4108 324 4190 se,
355 4112 405 4174 vel
425 4117 521 4183 tacite
542 4129 733 4181 conventum
764 4105 825 4174 suit
856 4113 937 4170 inter
952 4129 1032 4172 rori·
1066 4109 1098 4174 dr
1127 4111 1195 4174 aliis
1216 4110 1410 4189 huiusmodi,
1434 4116 1476 4176 rei
1502 4116 1665 4178 translatio
1689 4057 1827 4180 sarienda

261 4191 440 4257 trahentes.
457 4193 506 4256 Sic
521 4195 724 4257 communiter
741 4210 779 4258 rx
797 4193 1031 4270 capsonrraeus
1065 4188 1107 4252 est
1124 4190 1259 4265 expensis
1275 4193 1527 4272 commodatarii,
1548 4192 1598 4256 vel
1620 4199 1802 4257 mutuatarii
1812 4218 1826 4270 ,-

263 4270 315 4349 85.
332 4272 369 4335 de
390 4273 496 4354 regulis
516 4271 640 4337 iuririn
660 4275 688 4332 6.
712 4275 888 4336 contradus
908 4290 946 4332 rx
965 4289 1030 4334 ron·
1065 4291 1134 4332 turn
1152 4291 1275 4347 aequum
1294 4292 1356 4334 non
1379 4269 1445 4348 ht,
1477 4272 1633 4338 dominum
1662 4272 1756 4336 subire
1778 4277 1825 4337 in·

261 4352 405 4416 versione
423 4355 517 4432 legem
532 4352 656 4429 accipere
675 4350 873 4430 dignoscitur.
896 4350 936 4414 Et
959 4351 1029 4415 huic
1064 4352 1256 4414 commodum
1274 4352 1472 4426 expensarum
1488 4375 1545 4431 pro
1560 4351 1710 4417 beneficio
1737 4354 1827 4419 alteri

260 4432 432 4496 concordat
453 4434 478 4494 l.
499 4438 668 4505 contradus
688 4448 735 4513 23.
753 4432 835 4512 ffide
856 4430 965 4510 regulis
981 4437 1027 4493 lir-
1065 4426 1252 4505 praessando.
1279 4428 1314 4491 sn
1347 4430 1419 4496 casu
1443 4453 1518 4498 vero
1541 4434 1617 4509 quod
1644 4433 1827 4499 dominussi

261 4511 326 4576 ris.
352 4509 481 4587 Quodsi
501 4514 576 4575 nihil
599 4515 633 4574 rie
651 4515 719 4574 ioco
735 4513 939 4575 restitutionis
957 4562 963 4587 ,
978 4513 1027 4573 leti
1065 4530 1127 4571 rein
1147 4530 1209 4572 non
1219 4509 1435 4575 commodasset
1449 4561 1459 4589 ,
1474 4514 1522 4576 vel
1534 4514 1722 4589 mutuasset,
1743 4516 1826 4578 illam

261 4587 426 4655 solutionis
449 4608 637 4660 conventum
665 4589 702 4654 sit
732 4614 749 4655 a
777 4591 1027 4655 contrahentibus
1062 4586 1162 4652 secum
1184 4588 1381 4653 transtulisset
1404 4593 1533 4656 vescum
1553 4594 1667 4669 nullis,
1689 4596 1737 4658 vel
1756 4618 1827 4660 curu

260 4671 493 4749 incontradiu,
516 4690 592 4737 tunc
611 4669 753 4754 solutio,
784 4670 847 4733 sive
869 4669 1027 4735 restitutio
1064 4673 1166 4745 paucis
1185 4665 1339 4747 expensis,
1359 4669 1422 4733 sine
1443 4672 1504 4736 ulia
1526 4669 1683 4749 eripensa,
1707 4674 1757 4739 vel
1778 4677 1828 4740 de·

260 4745 329 4814 fieri
346 4752 436 4815 debet
453 4757 484 4816 in
504 4753 574 4817 loco
590 4751 640 4815 ubi
662 4751 821 4816 secundum
839 4754 975 4828 praxim,
992 4751 1025 4815 ἃ
1063 4747 1162 4835 dussis·
1176 4752 1390 4815 tantummodo
1410 4752 1469 4815 illis
1492 4760 1593 4830 paucis
1613 4802 1621 4830 ,
1637 4775 1710 4829 quas
1725 4755 1829 4821 subiis-

261 4830 513 4896 tonsuertidinem
533 4837 689 4910 regionum
710 4830 787 4895 solet
817 4827 882 4894 sieri
905 4830 1024 4895 restitu·
1063 4835 1123 4903 let,
1145 4828 1196 4891 sua
1217 4847 1263 4890 res
1284 4829 1328 4892 illi
1349 4831 1534 4897 restituenda
1556 4838 1586 4897 in
1608 4835 1675 4897 loco
1691 4835 1728 4896 ad
1737 4856 1826 4909 quem

262 4911 309 4972 tio
325 4932 382 4987 pro
404 4911 471 4975 aliis
491 4913 670 4976 eiuscemodi
692 4909 893 4975 contrastibus
914 4933 924 4988 ς
955 4916 1024 4986 quia
1063 4906 1093 4969 se
1115 4905 1295 4973 transtulit.
1324 4911 1415 4989 Quod
1436 4911 1651 4981 sicontrasiiis
1671 4915 1767 4976 initus
1788 4912 1826 4976 sit

263 4991 334 5054 talis
360 4989 500 5056 censetur
525 4993 587 5056 else
616 4994 714 5061 tacita
751 4994 921 5055 conventio
946 4994 1025 5053 inter
1062 4990 1094 5048 in
1114 4990 1264 5068 gratiam,
1280 4989 1313 5055 ἀ
1334 4994 1503 5056 utilitatem
1524 4990 1616 5056 solius
1630 4994 1731 5055 dantis
1751 5040 1760 5069 ,
1789 5012 1825 5056 ut

259 5088 363 5144 partes
380 5071 613 5140 contrahentes.
636 5071 699 5137 Etsi
717 5070 851 5153 reguiam
866 5073 949 5137 eirca
968 5068 1025 5135 hoc
1063 5069 1094 5130 iu
1111 5065 1271 5148 deposito,
1286 5070 1465 5138 transniiffio
1481 5071 1547 5135 fieri
1564 5072 1652 5138 debet
1672 5071 1787 5168 ipsiusd

1730 5174 1787 5217 ms·
