4425 6000
590 446 795 532 trice.
820 473 885 529 na
914 453 1058 530 iuer.
1087 470 1151 526 ετ
1182 453 1437 546 luttere.
1462 451 1529 534 tt'
1742 461 1792 566 '29

288 543 455 632 flantium,
476 571 540 621 non
561 576 666 620 autem
681 558 732 632 qui
752 555 856 621 vendit
874 577 979 635 agrurn
997 577 1049 631 pro

287 632 617 784 s⁰f¹lm⁰¹¹l¹h⁰mb5⁰⁰m
627 634 959 778 aellimatitalnispressitli,
976 636 1047 702 licet
1379 644 1405 703 t.
1446 635 1546 700 XVI.

289 736 395 781 anetus
418 735 448 776 vr
463 734 523 779 ren
545 736 578 779 us
596 734 693 791 pretio
707 736 781 778 usce
795 733 887 779 etort
911 735 1048 791 taurus,
1230 767 1234 772 .
1269 750 1274 763 ·
1310 751 1336 772 ·.
1416 751 1421 763 ·
1603 735 1633 769 ·,
1732 756 1762 768 ..

288 794 525 871 quiathelaurus
537 793 1050 874 nonspeslatadagrisubslantiam,
1148 757 1191 820 ω
1209 749 1289 819 ⁶⁰⁸³
1305 766 1435 853 ’ΜΨ
1443 800 1450 830 ’
1468 774 1502 843 4⁶
1516 753 1554 818 Α(
1568 750 1648 818 ⁶⁰⁸⁸
1668 754 1777 822 debms

291 894 350 939 net
369 872 414 937 eil
433 876 499 938 eius
516 871 624 938 lindius
644 874 790 959 ,flideireo
813 876 950 938 dominus
966 873 1050 938 fundi
1387 846 1523 898 mmm·

288 973 355 1018 non
375 951 574 1018 eli-dominus
598 953 732 1017 thesauri
750 1000 758 1028 ,
775 952 829 1016 nisi
846 957 969 1032 quando
983 973 1052 1017 eum
1125 949 1230 1027 Bona,
1249 969 1320 1026 quae
1340 948 1444 1026 debita
1465 951 1583 1014 incerta
1602 950 1661 1014 dici
1685 949 1783 1017 solent
1803 969 1843 1019 et

287 1034 432 1107 invenit,
451 1031 508 1096 ltut
528 1033 788 1108 occupar.‚Quod
804 1032 842 1096 de
858 1032 998 1098 thesauro
1019 1038 1051 1094 in
1088 1025 1179 1107 sunt,
1197 1026 1363 1105 quorumd
1418 1032 1502 1106 inus,
1535 1029 1586 1094 vel
1608 1031 1770 1111 creditor,
1790 1029 1845 1098 vel

287 1108 452 1176 visceribus
469 1129 558 1177 terra
579 1115 727 1191 invento,
746 1115 832 1177 valet
852 1119 947 1177 etiam
962 1110 1051 1175 stali-
1087 1112 1151 1172 eius
1168 1107 1300 1173 haeredes
1318 1105 1381 1183 poll
1402 1107 1629 1190 inquisitionem
1645 1111 1843 1191 diligentem,

286 1189 316 1256 bi
335 1192 528 1256 inveniatur.
549 1189 637 1255 Unde
654 1190 839 1270 sarcinator,
853 1194 904 1269 qui
925 1195 1052 1256 invete·
1086 1209 1154 1266 quae
1171 1209 1223 1265 pro
1242 1192 1285 1250 rei
1305 1188 1462 1265 gravitate
1479 1189 1660 1265 prudentum
1676 1191 1787 1255 iudicio
1802 1188 1818 1253 s
1832 1221 1846 1238 ·

286 1274 314 1335 ri
333 1268 484 1336 deluenda
506 1269 588 1335 velle
603 1290 751 1350 gemmam
767 1268 1053 1350 inveniat,&veslis
1088 1270 1127 1333 tit
1149 1267 1203 1347 fit,
1226 1264 1393 1355 cognosci,
1423 1288 1459 1332 ac
1486 1272 1615 1333 inveniri
1645 1289 1705 1333 non
1727 1267 1815 1346 possit
1828 1275 1867 1347 'p‘

290 1350 330 1424 ad
352 1352 448 1415 alium
476 1353 659 1428 pertineat,
687 1356 736 1429 qui
767 1354 885 1429 ignoret
904 1354 1053 1428 originem
1087 1345 1166 1412 unde
1189 1366 1251 1410 non
1277 1346 1347 1411 lunt
1368 1349 1515 1424 ineerta,
1544 1348 1615 1412 dum
1639 1348 1760 1413 constat
1781 1349 1844 1413 esse

287 1427 381 1494 huius
404 1426 561 1507 thesauri,
577 1428 676 1495 media
697 1452 765 1510 pars
785 1428 828 1494 est
850 1434 1020 1498 inventoris
1042 1470 1051 1509 ,
1085 1425 1189 1492 debita
1207 1443 1300 1491 certae
1310 1427 1552 1501 Communitati,
1574 1427 1623 1494 vel
1645 1430 1753 1494 maiori
1779 1430 1845 1492 eius

287 1509 389 1574 altera
409 1509 507 1573 media
524 1507 635 1587 lpedtat
663 1511 699 1573 ad
725 1531 796 1575 eum
823 1514 910 1576 cuius
936 1511 978 1575 ell
1001 1532 1054 1576 ve-
1087 1510 1192 1583 parti,
1214 1503 1323 1569 idcirco
1342 1500 1512 1571 conservari
1533 1507 1670 1584 debent,
1694 1508 1787 1572 donee
1808 1505 1845 1572 fit

287 1587 361 1653 llis.
381 1579 470 1652 Nihil
486 1592 569 1651 enim
586 1586 700 1666 refert,
719 1591 798 1667 quod
819 1590 978 1655 thesaunrs
1001 1612 1052 1655 oc·
1086 1582 1150 1665 spes
1166 1585 1319 1649 dominum
1335 1586 1526 1651 inveniendi.
1547 1588 1578 1650 Si
1596 1608 1672 1652 vero
1688 1585 1845 1652 solumdu·

286 1665 425 1734 tultetur
441 1671 472 1731 in
493 1686 596 1743 tetra,
614 1669 667 1733 vel
687 1673 719 1732 in
735 1690 769 1733 re
787 1670 916 1747 mobili,
933 1689 987 1735 aut
1004 1688 1052 1735 et·
1085 1669 1203 1730 bitetur
1222 1669 1271 1728 eui
1288 1686 1327 1729 ex
1351 1664 1483 1741 pluribus
1504 1686 1549 1730 res
1568 1666 1742 1744 debeatur,
1769 1683 1845 1734 tune

287 1748 348 1811 iam
371 1746 503 1825 alicubi,
518 1749 590 1824 quia
610 1745 706 1812 donec
723 1748 803 1814 latet
824 1750 935 1814 nulllus
958 1749 999 1813 est
1020 1753 1051 1812 in
1086 1742 1106 1807 fi
1129 1744 1250 1807 dublum
1271 1746 1434 1819 prudenter
1453 1743 1563 1810 resolvi
1580 1767 1641 1809 non
1663 1745 1759 1825 potest
1772 1745 1845 1823 ‚ui-

290 1824 396 1892 bonis.
419 1827 580 1908 Tournely
594 1848 664 1891 cnm
683 1828 719 1891 de
738 1830 844 1907 Lugo.
1087 1824 1217 1889 videnda
1236 1825 1334 1888 estex
1353 1845 1441 1902 aequo
1464 1829 1545 1890 inter
1574 1823 1649 1901 ipsos
1670 1830 1758 1891 iuxta
1791 1825 1846 1891 du·

326 1906 401 1976 Lex
411 1907 556 1984 tandem,
584 1927 653 1983 quae
678 1914 823 1984 praetepit
847 1924 882 1974 ut
907 1912 1051 1974 inventor
1085 1903 1126 1966 bii
1148 1906 1375 1981 quantitatem,
1391 1922 1425 1968 ut
1447 1906 1605 1983 aequalitas
1626 1904 1789 1971 servetur.

287 2002 413 2064 partem
437 1985 569 2056 thesauri
600 1984 716 2050 tribuat
740 1986 813 2052 fisco
834 2005 890 2054 aut
918 1993 1051 2067 proprie-
1126 1984 1212 2047 Bona
1233 1984 1333 2047 aliena
1354 1987 1503 2061 inventa,
1523 1983 1653 2049 idellnu
1695 1983 1843 2065 tamilla,

289 2066 403 2142 tario,
424 2065 533 2145 obligat
562 2066 593 2128 in
622 2064 808 2134 conscientia
836 2086 911 2133 ante
929 2088 1049 2134 omnem
1086 2083 1214 2140 quorum
1229 2063 1387 2140 dominus,
1404 2065 1454 2127 vel
1471 2064 1602 2130 haeredes
1620 2067 1728 2143 ipius,
1743 2066 1843 2129 etiam

259 2164 266 2174 ·
287 2142 398 2208 iudicis
414 2144 612 2220 sententiam,
634 2150 786 2221 quianon
808 2147 851 2212 est
872 2149 921 2212 lex
941 2166 1048 2226 poena·
1086 2141 1151 2220 post
1176 2143 1353 2221 diligentem
1379 2147 1412 2205 in
1434 2142 1607 2210 uisrtionem
1634 2147 1766 2210 inveniti
1792 2164 1844 2210 ne·

288 2220 350 2298 lis,
365 2221 438 2288 idest
456 2245 517 2290 non
537 2224 579 2287 ell
595 2221 734 2313 instituta
758 2249 813 2304 pto
834 2232 1049 2306 punitioneim
1087 2239 1232 2298 queunt,
1256 2223 1289 2287 ἃ
1318 2167 1481 2303 ‘otides’
1507 2223 1683 2289 nullatenus
1710 2222 1842 2301 sufflare

286 2305 448 2379 venturis,
466 2301 515 2370 sed
536 2303 574 2367 ad
593 2305 659 2383 ius,
675 2306 727 2369 len
747 2304 899 2372 astionem
914 2308 1050 2373 statuen·
1085 2299 1252 2379 possuntad
1269 2305 1484 2378 inventorem,
1500 2302 1549 2368 sed
1565 2300 1843 2384 impendessfflunt

288 2380 362 2445 dam
385 2378 478 2461 fisco,
497 2382 549 2450 vel
576 2387 929 2466 proprietario,idcirto
944 2387 1051 2457 slatim
1084 2384 1119 2444 in
1139 2401 1301 2458 pauperes,
1319 2382 1371 2445 vel
1392 2382 1453 2445 alia
1471 2386 1519 2457 pia
1538 2405 1628 2462 opera
1649 2434 1658 2463 ,
1683 2383 1735 2447 nisi
1756 2400 1844 2448 extet

283 2458 453 2538 implenda.
883 2490 888 2500 ·
1085 2459 1136 2525 lex
1163 2462 1265 2537 aliqua
1293 2462 1512 2542 municipalis,
1542 2486 1611 2541 quae
1641 2466 1696 2529 illa
1725 2461 1843 2528 tribuat

675 2608 680 2617 ,
708 2613 712 2620 ‚
1084 2540 1209 2605 domino
1230 2544 1383 2605 territorii
1400 2544 1507 2618 inquo
1528 2540 1752 2618 inventasunt
1764 2565 1774 2622 3
1794 2545 1843 2607 itt

587 2619 614 2691 ’5.
655 2617 746 2690 xv.
1084 2616 1157 2684 utst
1179 2640 1218 2684 ea
1241 2618 1300 2715 'sibi
1331 2628 1540 2713 appropriaret
1569 2627 1742 2702 inventor,
1763 2621 1842 2717 esset

286 2731 333 2803 n
347 2740 479 2820 acu
494 2743 604 2831 ,n
618 2740 785 2833 uum
803 2755 861 2810 πω
875 2733 997 2824 aeia
1016 2746 1049 2809 l
1083 2697 1494 2857 :attinuerunt
1510 2702 1842 2859 lerrirquftr

484 2822 585 2901 αἶψα
604 2824 687 2885 dm
708 2835 848 2886 'mm’
1083 2853 1158 2935 quid
1170 2855 1328 2936 invenisti,
1347 2858 1386 2922 <5
1409 2880 1464 2944 aon
1479 2858 1632 2941 reddidisti
1640 2908 1649 2937 ,
1666 2856 1842 2939 ruput'stt',(5

323 2934 354 2999 Si
373 2937 406 3000 in
428 2936 531 3014 aliqua
551 2937 643 3003 domo
662 2939 842 3004 inveniatur
862 2939 1049 3016 pecuniaoe·
1083 2955 1123 3001 tx
1137 2936 1190 3016 lega
1212 2955 1262 3019 44·
1278 2933 1315 3002 dt
1328 2934 1426 3018 furtis
1441 2957 1479 3001 ex
1498 2938 1649 3006 Anthene
1669 2943 1773 3004 Omnes
1789 2937 1841 3000 uli

286 3016 407 3083 tulttta
425 3064 435 3096 ,
456 3020 543 3081 euius
572 3016 721 3094 depositio
749 3017 873 3084 non'srt
894 3023 1018 3096 antiqua
1039 3068 1048 3100 ,
1081 3013 1220 3081 lanua:
1242 3018 1275 3083 sl
1287 3016 1458 3097 peregrinus
1474 3019 1535 3083 inte
1555 3031 1620 3083 ator
1634 3016 1845 3100 deceffert't,ad

287 3114 354 3161 non
368 3097 452 3163 eadit
470 3091 525 3160 sub
543 3115 673 3174 natura,
688 3095 963 3164 &conditionibus
984 3100 1047 3165 the·
1081 3092 1220 3174 hospitem
1240 3097 1317 3161 nibil
1328 3098 1507 3175 perveniat,
1535 3100 1573 3163 cd
1593 3097 1666 3164 bona
1685 3099 1773 3180 ipfius
1808 3118 1841 3163 tr

290 3172 389 3268 sauri,
410 3176 461 3251 qui
477 3176 521 3240 ell
543 3194 632 3240 retus
651 3177 820 3256 depofitio,
834 3176 872 3242 de
886 3181 972 3245 cuins
994 3180 1048 3243 do·
1080 3176 1324 3256 manual-:pascui
1341 3176 1395 3266 leci
1408 3224 1417 3255 ,
1430 3180 1459 3258 ſs
1492 3177 1536 3243 eri
1548 3181 1655 3260 potest,
1673 3114 1841 3243 iterandus

287 3272 372 3320 mino
391 3254 436 3318 eli
457 3256 825 3333 immemorialisoblivio,
845 3258 970 3334 ideoque
978 3259 1048 3323 nul·
1082 3253 1323 3333 tradantur‚vel
1342 3276 1374 3320 nt
1393 3277 1447 3322 cau
1468 3282 1502 3323 as
1518 3259 1583 3338 piar
1606 3269 1776 3340 erogentur.
1797 3258 1838 3322 Et

255 3360 274 3389 -·
287 3332 409 3397 latenus
429 3331 555 3411 spetiano
576 3335 674 3413 potell
692 3336 729 3400 ad
749 3341 963 3416 inventorem,
977 3360 1048 3403 eum
1081 3334 1148 3399 haec
1165 3335 1209 3400 ell
1229 3333 1383 3400 sententia
1397 3342 1566 3403 eommunis
1585 3361 1654 3404 eum
1685 3340 1724 3402 D.
1753 3335 1840 3401 Tho-

286 3412 373 3477 nulla
397 3413 447 3477 lex
459 3415 567 3501 ,eidem
590 3414 673 3478 illam
700 3413 816 3479 tribuat
839 3441 849 3478 e
875 3413 925 3479 sed
952 3415 973 3479 li
995 3418 1048 3482 ho·
1080 3434 1149 3490 ma,
1171 3418 1225 3493 qui
1245 3417 1400 3480 unanimes
1421 3418 1531 3482 docent
1555 3419 1611 3483 hoc
1631 3417 1692 3482 else
1714 3416 1753 3481 de
1774 3419 1841 3480 iure

285 3495 384 3557 mines
403 3491 534 3557 eiusdem
550 3495 675 3560 lumiliae
696 3498 727 3558 in
750 3495 803 3558 illa
822 3495 915 3559 donno
930 3494 1048 3562 habita·
1081 3495 1243 3572 naturali,
1267 3514 1303 3559 ut
1325 3511 1412 3570 patet
1437 3516 1476 3560 ex
1505 3495 1567 3573 ipsa
1595 3499 1734 3562 ratione.
1756 3495 1840 3560 Nam

273 3574 391 3649 ¹trerint
406 3576 572 3651 continuo,
585 3573 619 3639 dt
639 3575 787 3640 diuturno
807 3592 963 3653 tempore,
984 3576 1047 3641 hae·
1082 3594 1128 3636 res
1146 3612 1154 3650 ,
1174 3594 1241 3650 quae
1264 3572 1306 3638 esl
1334 3577 1365 3635 in
1393 3574 1531 3640 dominio
1558 3575 1704 3654 alterius,
1724 3578 1838 3652 impen-

249 3688 264 3703 ·
286 3648 409 3725 pedibus
427 3651 509 3716 illius
531 3648 658 3718 sarniliae
689 3652 808 3719 tellrtui
836 3654 924 3721 debet
945 3677 955 3719 t
975 3676 1047 3719 nam
1081 3652 1112 3715 di
1133 3651 1222 3719 debet
1239 3650 1402 3719 secundnm
1417 3657 1481 3718 eius
1498 3653 1719 3718 voluntatem.
1745 3652 1840 3716 Unde

285 3727 379 3806 potest
389 3729 542 3797 efformari
556 3735 684 3809 prudens
706 3734 900 3810 praesumptio
916 3735 1048 3811 aliquem
1079 3753 1154 3795 cum
1172 3752 1219 3795 res
1235 3736 1365 3798 inventa
1386 3751 1509 3797 maneat
1530 3730 1645 3809 semper
1662 3729 1720 3796 sub
1740 3731 1837 3795 domi·

284 3807 367 3873 illiue
388 3808 512 3877 santiliae
533 3831 601 3888 eam
617 3813 802 3886 oecultalle.
815 3817 906 3890 Quod
926 3813 1048 3892 srpluri·
1081 3814 1134 3877 nio
1149 3810 1252 3890 illius,
1272 3815 1324 3888 qui
1354 3833 1423 3878 eam
1448 3812 1571 3886 amisit,
1599 3813 1673 3877 licet
1702 3810 1837 3876 inveniri

285 3890 328 3950 mi
337 3885 537 3955 successivein
548 3890 942 3972 illadonrohabitaverint,
964 3894 1046 3958 ideo·
1082 3908 1234 3969 nequeat,
1254 3913 1323 3955 eum
1353 3913 1392 3956 eo
1414 3893 1489 3968 ipso,
1513 3892 1591 3968 quod
1621 3890 1754 3953 inveniri
1775 3909 1839 3953 non

286 3984 344 4043 qut
365 3968 451 4034 nulla
472 3971 575 4036 haberi
590 3971 679 4049 possit
693 3991 777 4038 certa
800 3975 990 4051 presumptio
1011 3974 1047 4038 ad
1082 3969 1187 4057 poffit,
1208 3991 1268 4034 non
1286 3972 1410 4037 amittat
1420 3970 1588 4057 dominium
1611 3973 1655 4033 rei
1671 3969 1838 4046 deperditae

290 4064 381 4122 quam
399 4044 548 4116 familiam
568 4055 695 4127 pecunia
717 4056 847 4118 inventa
874 4055 1047 4129 pertinent,
1080 4050 1128 4112 led
1149 4050 1261 4127 semper
1280 4053 1327 4114 ius
1347 4055 1377 4112 in
1398 4069 1434 4114 ea
1447 4050 1548 4115 servet
1556 4092 1565 4128 ‚-
1581 4048 1615 4114 dt
1635 4049 1840 4127 quandocun-

287 4142 360 4191 tunc
382 4130 555 4212 applicanda
568 4130 611 4195 eli
631 4133 681 4196 vel
705 4135 735 4194 in
756 4134 963 4215 eleemosynas
977 4152 1047 4211 pau·
1080 4150 1138 4205 que
1156 4133 1354 4206 inveniatur,
1373 4133 1400 4192 ei
1422 4128 1606 4193 restituenda
1627 4131 1682 4208 lit,
1702 4129 1836 4204 seqnitur
1940 4193 1946 4201 ,

287 4203 425 4287 peribus,
443 4214 492 4275 vel
513 4214 546 4281 in
566 4213 645 4277 aliud
665 4214 749 4291 pium
772 4236 846 4290 opus
874 4211 951 4276 utile
981 4234 1047 4287 pro·
1080 4208 1161 4286 quod
1189 4208 1209 4271 si
1242 4209 1302 4273 alio
1325 4210 1418 4273 modo
1441 4209 1522 4273 reddi
1552 4220 1709 4287 nequeat,
1737 4207 1838 4283 eidem

290 4288 406 4365 alitro,
432 4312 503 4353 cum
530 4290 567 4357 stt
592 4291 704 4357 bonum
720 4293 853 4358 alienum
871 4328 881 4370 5
900 4291 933 4357 dt
949 4293 1048 4356 lucen
1082 4287 1229 4353 reddenda
1250 4289 1293 4351 ell
1315 4311 1352 4354 eo
1369 4289 1488 4353 meliori
1512 4291 1602 4354 modo
1627 4307 1688 4364 quo
1708 4283 1805 4362 potest
1826 4332 1837 4361 ‚

288 4378 355 4428 tum
364 4404 375 4442 ,
391 4388 427 4430 ae
436 4372 560 4444 proinde
569 4371 605 4435 de
614 4393 724 4438 natura
741 4377 959 4450 inventorum,
979 4393 1047 4446 quae
1081 4387 1188 4445 nempe
1205 4372 1236 4445 in
1253 4365 1440 4445 spiritualem
1461 4367 1547 4446 ipsius
1564 4369 1736 4432 utilitatem
1748 4385 1836 4442 ,um

287 4464 357 4507 eum
387 4465 495 4511 eorum
523 4450 689 4530 dominus,
718 4453 769 4517 vel
800 4452 888 4531 ipsus
915 4452 1047 4515 lraeredes
1081 4451 1198 4524 inpios
1223 4445 1291 4511 usus
1320 4470 1373 4522 pro
1400 4448 1487 4524 ipsius
1515 4446 1663 4524 spirituali
1688 4442 1837 4512 beneficio

286 4524 429 4600 cognosci
458 4547 639 4610 nequeunt,
664 4535 697 4596 in
721 4536 787 4612 piot
814 4533 882 4599 usus
913 4532 1044 4610 impendi
1081 4527 1297 4603 impendendo.
1318 4528 1412 4604 Quod
1429 4547 1503 4592 vero
1518 4527 1711 4591 dominuarei
1729 4524 1839 4602 deper⁴

359 4618 411 4672 nti
1081 4608 1154 4670 ditae
1177 4625 1331 4681 nunqnam
1346 4610 1513 4671 dominium
1534 4609 1622 4684 iplius
1643 4606 1790 4681 amittat,
1805 4625 1837 4669 e·

1082 4682 1286 4751 ridentissrme
1315 4705 1429 4762 patet.
1457 4687 1558 4751 Nemo
1586 4687 1667 4748 enim
1691 4686 1835 4748 amittere

1082 4764 1178 4842 potest
1203 4769 1244 4828 rei
1270 4763 1330 4830 suae
1355 4768 1539 4844 dominium,
1559 4764 1613 4829 nist
1635 4763 1685 4829 vel
1713 4766 1831 4839 propria
1926 4818 1929 4825 .

1081 4843 1134 4909 sua
1155 4844 1340 4926 voluntate,
1356 4847 1409 4909 vel
1439 4847 1505 4925 lege
1525 4845 1625 4922 aliqua
1650 4892 1658 4919 ,
1683 4843 1731 4906 vel
1756 4841 1837 4903 iulio

1082 4924 1271 5003 iudicio,non
1283 4926 1400 4991 ,caluali
1419 4941 1555 4990 eventu.
1571 4926 1676 5000 Quare
1696 4940 1765 4983 cum
1784 4918 1838 4982 dc·

1080 5008 1180 5070 minut
1196 5007 1387 5076 telinventae
1404 5006 1454 5074 ius
1469 5003 1554 5072 suum
1570 5026 1609 5070 ex
1625 5002 1711 5066 nullo
1727 5001 1836 5140 leffium

1721 5096 1745 5142 tr
1784 5105 1799 5122 ·
