4425 6000
457 491 539 579 484
665 485 874 560 Tanos.
908 502 973 559 oa
1012 484 1373 561 Serutruars
1403 484 1527 561 Car.
1554 488 1711 563 urie.
1808 506 1813 513 ’

395 586 779 660 Consellorumcap.106.
800 582 882 649 illius
894 581 1080 650 meminisse.
1099 585 1174 649 Cre·
1211 588 1303 651 acit.
1328 584 1550 663 Nannatensr,
1578 603 1615 651 ut
1638 584 1891 654 Christianorum
1916 609 1983 657 cor·

394 668 473 731 dunt
499 667 592 743 aliqui
614 715 622 743 ,
642 668 724 729 inter
740 686 816 742 quos
836 666 1018 741 Van-Elpeo
1035 686 1062 741 p.
1074 685 1101 737 a,
1126 665 1171 729 tir.
1211 685 1282 743 pora
1305 662 1522 743 sepelirentur,
1541 667 1576 733 ἀ
1596 671 1775 745 neutiquam
1791 673 1825 733 iu
1839 668 1980 747 Ecclesia,

394 746 446 891 ἓξ.
466 765 590 812 c.2.n.a.
612 750 779 815 caemeterii
792 744 1174 823 consecrationemcoepis·
1210 743 1297 810 sicuti
1311 750 1407 811 etiam
1427 747 1465 812 ab
1484 748 1551 812 aliis
1571 747 1717 812 Conciliis
1738 746 1892 815 llarutum
1909 748 1978 828 suit,

432 825 511 904 ,seu
534 828 635 905 potius
657 829 868 891 caemeterium
883 847 1037 904 tamquam
1054 844 1175 903 partem
1209 824 1412 906 &praecipue
1434 827 1470 891 ab
1485 824 1659 893 Arelatensi
1675 831 1705 891 6.
1728 828 1895 910 ann0813.
1917 852 1978 895 can.

393 908 428 974 de
449 907 670 985 appendicem,
691 924 746 969 aut
770 909 871 973 verius
892 928 994 973 aream
1012 908 1062 971 vel
1080 911 1173 985 porti·
1212 922 1259 986 3¹·
1290 904 1324 972 dc
1348 912 1379 970 in
1409 908 1632 984 Capitularibus
1647 907 1752 974 Caroli
1781 912 1917 989 Magni,
1944 928 1978 976 ut
1997 917 2042 980 Qu

394 985 1010 1072 cumipsrus,unaquafinconsecratione
1031 984 1173 1063 cumipsa
1211 996 1241 1051 in
1267 991 1364 1065 primo
1385 989 1562 1053 corumdem
1593 988 1643 1050 lib.
1664 1010 1731 1068 cap.
1757 990 1823 1070 158.
1850 990 2042 1071 legirurstoer‘

394 1067 530 1141 Ecclesia
540 1064 753 1131 consecratum
765 1067 872 1144 luill'e3
894 1068 972 1146 quod
985 1072 1112 1132 innuere
1126 1071 1174 1131 vi·
1209 1068 1271 1132 Sub
1292 1068 1371 1132 idem
1392 1088 1496 1133 tamen
1514 1068 1978 1150 tempushabeturcoepill'enou
1990 1058 2042 1158 ὦ,

391 1148 484 1210 detur
508 1148 709 1212 Innocentius
728 1144 780 1207 lll.
794 1150 826 1208 in
842 1167 902 1228 cap.
914 1169 941 1228 7.
964 1148 1002 1213 de
1020 1146 1170 1227 consecrat.
1210 1165 1335 1212 tantum
1356 1148 1507 1227 Episcopis
1527 1149 1561 1215 δι
1583 1149 1771 1234 Presbyteris
1789 1150 1839 1215 sed
1858 1148 1894 1216 δι
1914 1152 1976 1227 qui·
1990 1185 2041 1219 ura

395 1230 479 1291 eeclr.
498 1227 636 1291 ltaenim
654 1227 691 1290 ibi
715 1231 780 1291 air:
803 1227 1174 1307 cemeteriavrror'rrqai-
1208 1227 1335 1292 busdam
1365 1231 1466 1295 Laicis
1501 1228 1627 1293 lionoris
1666 1229 1770 1295 caussa
1802 1231 1844 1294 ob
1869 1236 1980 1297 merita
1993 1238 2042 1289 arel

395 1306 448 1369 bus
462 1306 784 1397 excommunicatorum
796 1327 914 1389 corpora
928 1308 1108 1388 sepeliuntur
1122 1328 1174 1386 per
1208 1307 1339 1385 ipsorum
1370 1313 1428 1389 pire
1455 1312 1531 1374 vitae
1560 1310 1685 1376 concedi
1713 1312 1746 1373 in
1775 1308 1916 1375 Ecclesris
1938 1306 1980 1373 s-

390 1386 512 1469 suorum
523 1388 693 1451 vrolenlram
701 1388 928 1466 propinquorum
940 1437 948 1466 ‚
960 1390 1172 1453 reconcilianda
1209 1390 1333 1468 pultura
1353 1438 1362 1466 ,
1390 1411 1459 1465 quae
1475 1391 1619 1465 exceptio
1638 1388 1768 1454 habetur
1792 1393 1825 1453 in
1847 1390 1977 1467 pluribus

395 1467 1104 1549 erunlasperfioneaquaesolrmnirerleneda'clae,
1114 1470 1170 1548 fic·
1209 1471 1291 1533 illius
1311 1474 1415 1533 aetatis
1432 1470 1591 1534 Decretis.
1615 1468 1728 1533 Verum
1747 1474 1909 1536 cumvitae
1917 1492 1977 1534 rne-

393 1562 430 1615 ιι
446 1548 945 1628 inEcclesiarrrmconsecrationibus
965 1548 1170 1628 consueverat.
1208 1553 1271 1614 rita
1295 1548 1334 1613 ob
1362 1572 1430 1625 quae
1459 1550 1524 1614 haec
1541 1570 1641 1627 praeco
1663 1553 1750 1615 ativa
1779 1549 1856 1614 ellet
1882 1551 1977 1614 indul·

435 1628 519 1694 Sicut
553 1632 644 1707 igitur
675 1630 1026 1706 antiquitustrisliani
1058 1634 1172 1694 nonin
1207 1628 1303 1709 genda
1319 1627 1524 1695 determinata
1545 1572 1822 1707 norresennuzc
1838 1632 1979 1707 exceptio
2039 1660 2042 1691 ι

396 1710 572 1791 Martyrum
597 1710 768 1785 sepulcris,
799 1707 847 1772 sed
876 1712 914 1775 ad
941 1712 1047 1775 limina
1072 1707 1171 1786 sepul·
1209 1711 1440 1783 latamaperuit
1461 1713 1548 1774 viam
1575 1710 1677 1773 Laicis
1705 1709 1858 1775 ambiendi
1887 1706 1981 1787 sepul·

395 1810 516 1855 crorum
534 1809 705 1873 martyrum
729 1788 971 1879 sepeliebantur;
988 1795 1050 1855 imo
1060 1807 1096 1854 ut
1118 1788 1171 1853 ibi·
1209 1808 1311 1855 turam
1332 1792 1363 1851 in
1384 1789 1524 1855 Ecclesris
1547 1786 1609 1866 ,dt
1628 1789 1841 1856 Sacerdotibus
1862 1788 1981 1869 plenam

395 1870 464 1933 dena
486 1868 602 1945 sepeliri
625 1870 744 1945 pollent
764 1872 832 1935 loco
845 1872 993 1949 privilegii
1011 1868 1172 1947 habebant,
1208 1872 1252 1934 eis
1269 1868 1422 1933 annuendi
1441 1868 1634 1934 libertatem.
1657 1867 1722 1933 lmo
1737 1891 1814 1932 cum·
1830 1889 1870 1934 ex
1888 1868 1980 1945 sepul-

397 1968 432 2013 ιιι
455 1966 546 2013 antea
567 1951 829 2013 notavimus:ita
850 1970 968 2027 quoque
989 1971 1051 2013 non
1071 1949 1172 2013 quc·
1209 1951 1287 2016 turis
1328 1951 1412 2013 intra
1444 1948 1606 2013 Ecclesiam
1638 1947 1816 2026 frequenter
1843 1948 1979 2013 nor-abile

396 2026 493 2093 'clesris
511 2029 568 2105 ,in
587 2025 695 2103 quibus
715 2047 888 2110 martyrum
903 2050 1031 2106 corpora
1051 2030 1172 2105 requie·
1208 2029 1451 2095 emolumentum
1468 2028 1649 2093 redundaret
1679 2032 1711 2090 in
1739 2026 1951 2093 Sacerdotibus
1970 2076 1980 2105 ,

397 2108 505 2186 scunt,
526 2105 573 2170 sed
595 2108 1172 2185 incaemeteriissepeliricorporamor·
1208 2131 1278 2174 cum
1306 2110 1356 2173 vel
1387 2111 1473 2173 Laici
1505 2112 1742 2174 honorationem
1779 2108 1853 2171 dum
1882 2108 1980 2171 locum

397 2206 524 2254 tuorum
544 2182 643 2252 visun
659 2184 722 2252 suit
736 2234 743 2251 .
759 2188 942 2266 Van-Espen
963 2210 992 2255 n.
1004 2193 1053 2251 26.
1071 2187 1107 2253 ib.
1122 2190 1171 2252 Sic
1210 2188 1371 2265 sepulturae
1390 2192 1558 2266 reciperent
1577 2236 1585 2264 ,
1605 2192 1636 2251 in
1653 2184 1798 2252 faciendis
1819 2187 1981 2251 oblationi·

401 2268 533 2334 babetur
549 2288 618 2332 can.
641 2267 685 2330 18.
711 2268 830 2332 Concil.
852 2268 874 2331 l.
893 2266 1100 2335 bracarensis.
1131 2268 1171 2331 Et
1207 2269 1261 2333 bus
1282 2286 1370 2332 erant
1393 2267 1601 2346 liberaliores,
1620 2266 1671 2332 vel
1692 2270 1788 2331 etiam
1805 2266 1859 2345 ipsa
1878 2266 1981 2331 Sacer·

398 2347 478 2427 apud
494 2348 679 2413 Gratianum
695 2347 840 2429 cauffir3.
863 2370 889 2429 q.
910 2370 937 2411 a.
955 2372 1018 2415 ran.
1041 2368 1088 2427 55.
1121 2347 1170 2413 ubi
1208 2350 1295 2413 dotes
1335 2371 1391 2427 pro
1417 2350 1490 2415 locis
1524 2346 1802 2412 honorabilioribus
1839 2348 1981 2423 praetium

399 2430 465 2493 haec
487 2429 653 2503 lepcrnrur:
674 2427 893 2493 Prohibendam
913 2431 950 2513 est
966 2426 1171 2509 etiamsecrrn·
1207 2431 1332 2504 exigere
1347 2449 1410 2493 non
1443 2426 1682 2504 erubescerent,
1708 2442 1743 2491 ut
1772 2446 1813 2490 ex
1843 2426 1980 2490 Decretis

396 2508 473 2573 dum
492 2507 644 2571 Maiorurra
659 2508 792 2589 instituta
805 2558 813 2585 ,
828 2522 863 2573 ur
882 2508 914 2572 in
932 2510 1055 2588 Ecrlqia
1074 2509 1173 2572 nulla·
1209 2524 1318 2573 contra
1347 2507 1425 2571 banc
1445 2508 1646 2573 sacerdotum
1676 2504 1869 2570 exadlionenr
1895 2505 1980 2568 editis

397 2602 485 2653 aenas
497 2586 682 2667 sepeliantur
706 2636 714 2664 ‚
730 2587 789 2665 sed
810 2587 841 2649 in
862 2589 966 2665 arrio,
993 2600 1047 2652 aar
1068 2587 1173 2667 inpor-
1210 2587 1330 2652 abunde
1350 2588 1472 2653 conilat
1492 2611 1503 2663 ;
1523 2587 1593 2651 binc
1624 2606 1662 2650 eo
1687 2588 1783 2663 magis
1805 2585 1877 2651 usus
1898 2586 1980 2647 inua-

396 2667 487 2747 rire,
516 2679 572 2731 aut
600 2667 633 2730 in
660 2668 778 2731 exedris
804 2668 951 2746 Ecclefiae.
983 2674 1019 2733 In
1047 2668 1172 2746 Ecclefia
1210 2669 1267 2732 luit
1288 2716 1300 2745 ,
1319 2684 1355 2732 ut
1373 2666 1460 2733 Laici
1491 2667 1660 2742 sepulturas
1691 2662 1843 2730 baberent
1868 2666 1900 2728 in
1929 2664 1980 2726 Ec·

396 2768 468 2815 uero
491 2760 569 2821 ,aut
580 2764 665 2827 prope
684 2757 795 2827 altare,
816 2744 865 2811 rrlr'
879 2766 980 2827 corpus
994 2795 1008 2826 .,
1037 2749 1077 2813 C?
1097 2752 1172 2813 San·
1208 2744 1323 2811 clesris.
1351 2747 1397 2810 Ex
1420 2746 1474 2811 hac
1496 2745 1693 2812 Sacerdotum
1717 2742 1891 2825 cupiditate
1913 2792 1922 2819 ,
1948 2742 1980 2807 ἃ

436 2830 464 2891 ir-
482 2825 605 2892 Domini
620 2828 768 2906 rurfidtur
784 2829 953 2893 nullalenus
967 2824 1170 2907 sepeliantur.
1208 2830 1373 2892 Laicorum
1410 2827 1577 2892 ambitione
1612 2822 1771 2903 disciplina
1811 2824 1982 2899 antiquitus

432 2930 469 2973 oc
490 2907 648 2973 decretum
668 2906 813 2974 Gratiani
835 2909 914 2985 quod
932 2906 1170 2977 reserrurnomi·
1209 2927 1274 2973 tam
1295 2910 1351 2972 reli
1374 2905 1434 2971 iose
1443 2906 1566 2973 servata
1583 2905 1620 2969 de
1637 2926 1701 2971 nou
1715 2902 1897 2981 sepeliendis
1907 2923 1981 2966 mor·

397 3010 437 3070 ue
457 2989 574 3071 Synodi.
592 2984 761 3067 Varensrs,
793 2990 882 3054 iuxta
905 2986 1088 3055 correslores
1110 2988 1171 3052 Ro·
1210 2992 1271 3054 ruis
1291 2991 1325 3052 in
1390 2988 1485 3052 clesris
1514 2984 1683 3051 incredibili
1711 2984 1885 3050 velocitate
1901 3004 1981 3059 pror·

397 3089 508 3134 manos
522 3090 584 3133 nou
605 3071 765 3135 invenitur
781 3069 813 3132 in
834 3063 1173 3142 Conciliohuiusmodi,
1210 3069 1256 3135 lus
1273 3071 1409 3145 interiit,
1426 3066 1554 3146 ipsaque
1574 3065 1715 3131 Ecclesiae
1736 3059 1904 3128 sallaesuut
1921 3083 1979 3126 ca:-

397 3145 447 3214 sed
468 3152 500 3212 in
520 3147 636 3214 concil
660 3147 852 3214 Nannctensr
874 3169 957 3214 anno
974 3149 1041 3226 85o
1058 3147 1172 3214 Euboe
1209 3151 1339 3214 meteria
1354 3166 1614 3228 quorumcumque
1630 3147 1785 3220 divitum,
1808 3143 1980 3208 relifliscv

398 3229 492 3314 igitur
511 3229 636 3292 Canone
658 3228 816 3313 colligitur
843 3231 902 3293 tria
932 3225 1019 3293 suille
1047 3229 1114 3293 loca
1131 3227 1172 3292 le·
1209 3231 1346 3294 meteriis
1376 3226 1413 3292 ad
1436 3227 1529 3292 solam
1559 3247 1724 3304 pauperum
1753 3221 1981 3288 humationem·

399 3308 532 3384 pulturis
551 3305 730 3384 destinata,
762 3309 809 3370 led
833 3326 936 3372 tamen
956 3307 1172 3374 extraEccle·
1208 3307 1390 3386 Van-Espen
1424 3311 1475 3371 tit.
1507 3309 1615 3372 eodem
1644 3329 1675 3370 n.
1701 3319 1749 3384 32.
1784 3301 1820 3370 δι
1844 3301 1920 3380 seqq.
1950 3299 1985 3366 &

399 3387 473 3452 liam
493 3431 508 3464 ,.
529 3407 637 3461 nempe
658 3391 771 3450 atrium
799 3385 876 3462 quod
905 3391 1026 3465 proprie
1046 3387 1088 3450 ell
1107 3384 1171 3463 spa·
1209 3390 1286 3465 quod
1311 3385 1525 3454 lacrimabilius
1546 3385 1589 3451 eil
1610 3435 1619 3464 ,
1649 3387 1725 3450 adeo
1745 3385 1891 3450 excrevit
1911 3381 1985 3445 dirr-

399 3469 478 3550 tiurn
498 3487 654 3544 uacuum,
674 3467 751 3544 quod
766 3465 958 3532 rrmanfitea
970 3465 1115 3531 arealive
1128 3463 1173 3531 lo·
1209 3487 1276 3536 trun
1291 3467 1452 3533 Nobilium
1471 3467 1616 3544 ambitio,
1633 3483 1668 3532 ut
1683 3461 1836 3546 generosis
1858 3461 1986 3529 oblatio·

399 3543 492 3614 loubi
504 3543 707 3612 aedificataell
727 3541 880 3626 Ecclesia,
902 3564 994 3624 atque
1006 3549 1173 3612 itaatrium
1210 3550 1297 3614 nibus
1316 3548 1508 3614 Clericorurn
1526 3547 1809 3627 Religiosorumque
1836 3541 1988 3620 cupidita-

402 3647 527 3698 omnem
541 3627 752 3692 circumambit
777 3625 955 3692 Ecclesiam.
980 3625 1041 3691 Hic
1069 3644 1172 3694 taanen
1211 3648 1275 3697 tem
1297 3631 1478 3694 induxerint
1495 3628 1531 3693 ad
1564 3630 1609 3692 eis
1629 3623 1824 3709 concedenda
1848 3621 1909 3702 ipsa
1933 3619 1986 3686 nl·

401 3705 550 3784 accipitur
579 3729 635 3784 pro
663 3729 699 3772 ca
733 3726 820 3784 parte
842 3755 852 3786 ,
875 3729 942 3784 quse
973 3710 1111 3786 proxima
1130 3705 1172 3772 rsl
1212 3713 1328 3776 tarium
1347 3709 1566 3787 Suppedanea,
1581 3711 1670 3772 cuius
1688 3705 1795 3772 abusus
1813 3723 1897 3786 nunc
1915 3720 1986 3778 quo·

401 3791 522 3864 ἱιιιιιίι,
543 3790 643 3864 itaqua
662 3785 921 3852 vellibulumell.
944 3789 1104 3865 Porticus,
1123 3787 1173 3863 qui
1211 3809 1271 3868 que
1285 3807 1457 3856 cernuntur
1475 3785 1629 3868 vesligia.
1667 3786 1762 3854 Hunc
1796 3781 1923 3848 abusum
1936 3803 1986 3844 cu·

397 3863 442 3950 est
466 3867 548 3932 locus
566 3866 802 3932 deambulationi
820 3889 835 3948 a
861 3886 910 3934 tus
950 3865 1175 3932 utsuntClau·
1214 3872 1297 3935 ravit
1336 3869 1450 3933 tollere
1475 3867 1565 3933 Sacra
1594 3865 1803 3946 congregatio
1828 3861 1987 3940 Episccpo·

400 3943 462 4012 lira
490 3941 692 4026 Ecclesiarum
716 3995 725 4022 ,
749 3944 783 4012 bt
846 3917 1085 4012 onalleriorum.
1115 3943 1174 4008 Ex·
1213 3971 1280 4013 rum
1317 3945 1352 4014 ἀ
1381 3947 1580 4028 Regularium
1609 3943 1811 4024 praecipiendo
1852 3943 1987 4022 pluribus

402 4029 486 4092 edrae
509 4023 693 4104 significatio
712 4025 866 4106 obscenior
887 4027 946 4102 ell,
969 4021 1175 4092 &verisimile
1212 4027 1274 4094 suia
1309 4027 1440 4092 decretis
1474 4045 1510 4094 ut
1544 4034 1574 4091 in
1600 4023 1824 4092 interamnensi
1851 4043 1900 4104 ¹4·
1933 4021 1985 4086 Se·

401 4124 528 4186 apparet
556 4105 682 4172 exedras
709 4105 898 4172 conllituille
931 4125 1049 4182 partem
1073 4127 1175 4170 muro·
1215 4107 1442 4188 ptembr.1593.
1456 4109 1493 4174 ln
1504 4107 1674 4172 Trebulan.
1685 4099 1882 4170 reomaus
1900 4106 1955 4182 169

400 4208 470 4252 rum
490 4181 650 4263 Ecclesia,
666 4203 759 4262 atque
783 4184 869 4252 suille
892 4185 958 4250 loca
975 4191 1057 4250 circa
1071 4179 1174 4252 Eccle·
1215 4195 1244 4252 in
1266 4186 1441 4253 Mellalensr
1458 4209 1489 4252 a.
1507 4187 1584 4255 Maii
1608 4191 1695 4251 1601.
1713 4205 1752 4249 ne
1771 4126 1985 4250 udaverasrb

401 4267 474 4350 srarn
499 4265 672 4346 conllrudla
701 4270 735 4330 in
764 4271 856 4332 muris
888 4261 1119 4348 Ecclesrarum„
1144 4270 1174 4332 io
1214 4263 1375 4349 gradibus,
1403 4265 1631 4350 &Bradelibua
1652 4267 1813 4334 Altariunr
1842 4261 1987 4340 sepelian-

400 4344 621 4426 quibuasedere
639 4346 764 4428 liceret,
783 4367 815 4411 ut
839 4365 1047 4425 nuncquoque
1069 4345 1172 4424 aliqui·
1216 4369 1302 4426 rur,
1334 4346 1519 4414 declarando
1544 4347 1629 4414 simul
1653 4345 1734 4426 quod
1762 4343 1785 4408 sr
1815 4335 1987 4410 conllrusla

401 4423 458 4492 bus
479 4429 510 4490 iu
531 4423 605 4492 locis
632 4430 788 4493 cernitur.
820 4421 856 4492 ln
886 4450 976 4494 muro
1000 4428 1094 4506 igitur
1124 4427 1176 4490 illo
1215 4429 1439 4508 reperiantur,
1460 4427 1596 4508 suspensa
1624 4427 1748 4508 Altaria
1777 4421 1839 4489 sint
1860 4473 1871 4504 ,
1894 4444 1930 4490 ur
1949 4423 1987 4490 ibi

403 4509 591 4584 prominenti
612 4531 682 4572 curn
703 4503 844 4573 nonnulli
864 4509 972 4586 deinde
984 4505 1102 4586 sepeliri
1114 4529 1176 4573 cae·
1213 4509 1354 4574 divinum
1381 4503 1568 4574 Sacrificium
1586 4505 1737 4576 celebrari
1762 4522 1928 4584 nequeat,
1953 4521 1987 4570 ut

400 4585 514 4665 pillent
537 4635 546 4663 ,
569 4608 703 4654 canreras
723 4609 843 4666 quoque
865 4581 900 4656 dt
922 4587 1053 4653 lornicer
1067 4586 1178 4654 conili-
1216 4595 1246 4654 in
1267 4579 1469 4655 intramnenfi
1488 4608 1534 4652 ao.
1559 4583 1747 4674 Noqenrbris
1772 4603 1862 4666 1599.
1894 4584 1988 4652 donec

401 4665 532 4732 ruebant
556 4667 588 4728 in
604 4663 734 4749 exedra,
754 4669 912 4748 inquibus
931 4688 1039 4734 eorum
1050 4688 1177 4744 corpora
1215 4671 1356 4733 amnsotir
1375 4661 1488 4736 ossibus
1505 4663 1669 4746 sepulturae
1686 4685 1768 4734 terra
1790 4665 1988 4746 repleantur,

400 4743 633 4824 conderentur,
651 4768 718 4824 quae
735 4769 866 4814 camerae
879 4746 959 4832 ¹telle
980 4739 1108 4812 baluzio
1128 4766 1177 4812 et·
1213 4749 1248 4816 dt
1264 4769 1353 4814 mrsro
1368 4741 1581 4815 obstruantur.
1609 4743 1736 4826 insuper
1755 4745 1784 4810 S.
1802 4745 1874 4812 Pius
1892 4745 1929 4810 V.
1952 4745 1989 4812 ad

400 4829 541 4912 iamnum
571 4823 672 4901 plures
704 4829 851 4893 videntur
872 4831 902 4892 in
922 4827 1055 4894 circuitu
1074 4829 1177 4894 Eccle·
1216 4827 1387 4895 tollendam
1426 4850 1552 4896 ornnem
1578 4829 1789 4896 indecentiam
1817 4827 1988 4894 venerabili

401 4905 452 4972 srae
476 4903 672 4972 Tutelensrr.
696 4907 880 4988 Van-Elpeo
902 4911 954 4976 tit.
985 4913 1040 4974 cit.
1061 4929 1127 4988 rap.
1149 4930 1177 4973 a.
1216 4901 1423 5007 scelestarum
1443 4899 1639 4992 religiositati
1668 4929 1742 4976 cuna
1761 4907 1814 4974 sua
1838 4907 1989 4974 conllitu-

402 5003 553 5132 n'lls'hits
585 5069 677 5148 igitur
709 5063 804 5134 tribus
832 5069 906 5136 locis
926 5067 1098 5154 concessum
1118 5065 1179 5136 luir
1218 4983 1494 5148 sblloecgbdlsllllla’
1507 4987 1990 5162 ilsdgeelslfinsa“slspaeeldetpssllsn¹

803 5195 807 5206 ·
1614 5215 1624 5242 ι
1792 5223 1795 5228 ,
1882 5168 1949 5216 eat·
