4425 6000
315 607 318 612 ,
521 510 727 598 Ta'acr.
757 541 821 594 oe
846 517 1171 597 Paad'si‘ris
1200 511 1518 600 Daearocii'
1722 520 1803 622 3⁹17

272 624 389 691 bialum
419 617 614 701 fugiendum
635 615 780 700 quodlib
811 640 866 683 noir
886 618 935 684 uis
954 616 1045 684 alieri
1080 638 1206 701 ceptum
1221 642 1281 685 non
1298 618 1443 701 furandi,
1468 622 1549 701 quod
1579 618 1691 702 obligat
1726 624 1778 689 lub
1792 628 1854 689 cir·
1908 683 1922 698 ,.

275 702 457 783 assereris,
482 723 544 765 non
566 699 635 765 sunt
662 700 784 777 quidem
803 697 994 776 formaliter,
1012 698 1047 764 dt
1081 699 1264 766 cumllantia
1283 698 1380 767 soloni
1397 707 1439 766 rei
1456 705 1566 769 alienae
1597 705 1877 769 irrationabiliter·

277 783 416 863 tirprelse
432 785 465 843 in
481 782 653 859 Decalogo,
673 798 709 844 ut
731 798 806 843 ante
825 783 891 842 iani
902 779 1049 857 diximus,
1082 785 1184 847 invito
1204 781 1329 845 domino
1350 800 1483 859 acceptae
1502 832 1510 861 ,
1532 784 1583 849 vel
1605 802 1758 860 retentae,·
1785 803 1852 848 riou

276 870 311 931 iti
339 864 404 945 ipso
429 880 532 926 tamen
556 864 753 925 continentur
773 859 949 924 virtualiter
979 877 1048 922 tari·
1081 863 1265 940 occidendi,
1292 858 1365 925 idest
1386 863 1546 942 indebite,
1570 863 1603 929 dt
1634 861 1700 928 solo
1723 864 1849 941 priuato

277 969 371 1026 quam
391 944 538 1021 principia
564 944 596 1003 in
615 937 854 1005 conclusionibus
874 938 1048 1001 immediate
1081 941 1240 1006 commodo
1265 940 1301 1005 dt
1317 938 1529 1023 austoritatc,
1557 947 1605 1009 ita
1624 962 1658 1007 ut
1684 944 1850 1009 sicircum·

278 1028 392 1100 illatis,
415 1022 449 1087 δι
471 1023 517 1086 hae
542 1018 747 1084 conclusiones
769 1017 837 1083 sunt
862 1018 925 1097 ipsa
944 1019 1047 1081 decem
1083 1020 1202 1089 stantia
1234 1021 1343 1085 horum
1368 1024 1595 1099 immutentur,
1628 1044 1690 1085 non
1720 1025 1851 1100 amplius

277 1121 430 1183 praecepta
447 1105 478 1164 in
498 1102 652 1180 Decalugo
673 1098 840 1175 recenlita,
859 1114 970 1175 utpote
979 1118 1046 1174 quae
1082 1101 1236 1180 obligent.
1260 1096 1352 1165 Unde
1374 1104 1406 1164 in
1426 1120 1566 1170 extrema
1586 1101 1766 1168 neceffitate
1784 1103 1850 1168 lici·

279 1184 411 1250 sacilimo
431 1180 529 1246 studio
549 1177 734 1245 inferantur.
755 1179 870 1243 Idcirco
894 1177 954 1241 dici
986 1177 1049 1254 pos·
1083 1199 1116 1246 te
1136 1185 1202 1258 quis
1218 1201 1281 1244 rem
1313 1184 1440 1257 proximi
1466 1184 1619 1261 surripit,
1642 1181 1851 1247 &indexim
1885 1239 1888 1246 ¹

279 1269 350 1330 lunt
379 1280 531 1340 praecepta
558 1261 713 1324 naturalia
741 1256 862 1323 secundi
897 1258 1012 1322 ordinis
1038 1278 1047 1318 τ
1081 1262 1205 1336 culpate
1223 1264 1310 1338 punit
1330 1259 1539 1328 malesasiores
1555 1280 1653 1327 morte
1673 1312 1684 1340 ,
1701 1262 1735 1329 dt
1751 1262 1861 1327 hostes.

279 1361 433 1423 precepta
455 1361 530 1407 vero
545 1344 631 1404 tertii
652 1340 766 1403 ordinis
785 1342 986 1403 continentur
998 1358 1047 1413 pa·
1082 1347 1115 1404 in
1131 1341 1214 1404 bello
1234 1341 1313 1403 lullo
1334 1338 1429 1405 hostes
1454 1339 1522 1406 suos
1545 1343 1685 1406 occidere
1708 1343 1847 1420 poliunt.

278 1430 355 1490 riter
371 1427 402 1485 in
430 1424 589 1501 praeceptis
614 1420 759 1497 Decalogi
779 1438 924 1495 tanquam
943 1435 1047 1480 eorum
1083 1423 1163 1484 Hinc
1183 1417 1273 1484 facile
1302 1421 1429 1484 habetur
1461 1420 1573 1486 solutio
1599 1421 1791 1487 difficultatis
1812 1422 1849 1485 de

278 1500 487 1569 conclusiones
513 1504 543 1562 in
569 1499 625 1562 suis
656 1502 831 1579 principiis,
859 1518 925 1574 quae
958 1494 1049 1588 dedu·
1085 1505 1221 1574 potentia
1241 1501 1299 1563 Dei
1317 1502 1354 1563 ad
1370 1500 1598 1576 dispensandum
1627 1505 1660 1571 j„
1688 1506 1850 1580 mmm„

278 1586 382 1650 cendae
403 1582 474 1646 lunt
501 1592 552 1659 per
580 1579 681 1643 dostos
713 1584 882 1655 peritol'que
912 1580 995 1640 viros
1016 1598 1047 1637 ur
1083 1581 1225 1659 Decalogi
1254 1584 1351 1642 etiam
1378 1585 1561 1658 negativis,
1585 1580 1723 1658 scilicet,
1748 1583 1852 1648 &ita

280 1663 482 1728 huiuscemodi
501 1665 642 1736 negorio.-
660 1658 811 1736 Quedam
827 1662 920 1735 igitur
938 1674 1048 1731 praece·
1082 1682 1150 1723 cuni
1168 1661 1205 1721 D.
1228 1659 1284 1723 Tb.
1307 1658 1340 1722 dc
1360 1660 1472 1739 Scoto,
1489 1660 1569 1738 posse
1588 1659 1845 1740 Deumdispensa.

278 1763 331 1820 pta
343 1743 510 1819 Decalogi,
531 1738 604 1805 idest
620 1739 796 1827 secundaria
812 1754 923 1815 utpote
940 1738 1044 1811 primis
1083 1742 1162 1804 rein
1180 1744 1215 1801 iis
1232 1744 1392 1817 praeceptis
1408 1741 1553 1821 Decalogi
1573 1790 1584 1821 ,
1609 1762 1676 1819 quae
1698 1761 1761 1806 non
1778 1739 1848 1805 sunt

278 1826 432 1899 principiis
453 1822 648 1896 proximiores
663 1817 867 1883 conclusiones
885 1812 1047 1890 saciliope·
1082 1820 1119 1883 de
1145 1823 1211 1882 iure
1242 1820 1374 1881 naturali
1412 1817 1539 1898 stride,
1581 1820 1629 1885 sed
1659 1821 1756 1886 solum
1784 1822 1849 1884 lare

277 1925 312 1976 ra
334 1900 529 1977 inseruntur,
548 1898 687 1975 quaedani
715 1917 791 1961 vero
816 1914 927 1970 utpote
949 1914 1048 1957 remo·
1083 1901 1230 1976 sumpto,
1254 1902 1325 1973 quia
1347 1918 1498 1976 praecepta
1515 1902 1566 1965 illa
1586 1940 1595 1979 ι
1615 1922 1744 1976 quorum
1766 1902 1862 1966 ailus.

276 1987 371 2047 tiores
392 2002 486 2059 grave
507 1984 632 2056 exigunt
655 1977 783 2041 studium
800 1975 1048 2049 utdcducantur,
1081 2002 1151 2044 cum
1167 1997 1228 2042 non
1250 1975 1318 2041 sunt
1344 1978 1507 2044 intrinsece
1534 2002 1586 2056 per
1609 1980 1639 2042 se
1655 1983 1728 2045 mali
1754 2030 1763 2058 ,
1786 1999 1848 2044 non

274 2063 311 2129 dt
327 2084 366 2126 eo
386 2064 510 2134 maius,
534 2078 593 2133 quo
617 2062 709 2136 magis
734 2057 770 2120 ab
794 2058 870 2127 illis,
893 2058 944 2118 leu
964 2075 981 2118 a
1002 2051 1046 2116 se·
1081 2058 1218 2135 obligant
1237 2058 1428 2135 simpliciter,
1443 2061 1477 2124 dr
1498 2058 1656 2134 absolute,
1671 2060 1718 2123 led
1735 2064 1767 2123 in
1783 2062 1851 2137 quii

275 2143 384 2208 tundss
404 2140 613 2215 0¹0⁰s³¹¹tl¹f·
641 2137 680 2199 Et
697 2157 768 2200 ecce
794 2136 873 2224 uuile
900 2152 948 2198 tot
969 2133 1048 2196 deri·
1081 2136 1203 2202 busdam
1232 2140 1445 2203 tantummodo
1481 2139 1560 2203 datis
1586 2141 1850 2219 circumstantiis,

276 2239 360 2287 vant
370 2216 579 2292 dissensiones,
595 2212 645 2281 seu
662 2217 878 2280 controverliae
896 2214 1048 2277 interDo·
1081 2217 1249 2283 cuiulmodi
1270 2214 1341 2281 sunt
1362 2237 1514 2295 praecepta
1532 2242 1593 2284 nori
1609 2218 1729 2286 furandi
1751 2268 1761 2297 ,
1784 2239 1849 2283 non

276 2301 375 2367 dores
395 2302 474 2362 circa
496 2297 637 2373 plurimas
659 2296 836 2370 illationes,
857 2310 1047 2370 quaetamet·
1081 2297 1255 2375 occidendi,
1270 2319 1336 2373 quae
1351 2317 1479 2362 eatenus
1499 2299 1644 2364 dicuntur
1663 2301 1701 2364 de
1715 2303 1851 2365 jurem«

275 2382 348 2445 liin
370 2377 526 2455 Decalogo
547 2377 747 2452 virtualiter,
767 2375 800 2439 dt
816 2373 965 2451 implicite
975 2394 1046 2437 con·
1083 2378 1194 2456 rurali,
1215 2397 1366 2453 quatenus
1389 2379 1567 2455 regulariter
1595 2380 1775 2457 loquendo,
1802 2375 1848 2442 se.

276 2475 372 2529 t'entae
402 2461 507 2534 ,quia
532 2475 638 2519 tamen
667 2459 868 2531 remotiores,
888 2456 973 2516 viam
993 2453 1048 2515 hu·
1080 2457 1167 2522 clusis
1193 2456 1366 2533 specialibus
1389 2458 1645 2538 circumstantiis,
1674 2461 1743 2524 lunt
1773 2478 1867 2531 con·-

278 2560 377 2605 manae
399 2539 510 2600 mentis
530 2535 736 2599 imbecillitati
757 2538 898 2611 aperiunt
908 2532 1047 2597 dubitati·
1084 2539 1153 2603 lona
1172 2542 1274 2614 primis
1296 2540 1467 2616 principiis,
1483 2538 1520 2603 dr
1539 2536 1781 2605 conclusionibus
1802 2539 1848 2603 le.
1867 2544 1883 2569 ···

276 2625 363 2687 dian
383 2637 489 2682 revera
511 2618 753 2757 praecffiantur,
773 2632 833 2701 aut
862 2630 1009 2677 vetentur
1027 2630 1046 2705 a
1082 2622 1107 2695 g'
1145 2635 1284 2682 natum.
1316 2618 1388 2679 Non
1407 2617 1501 2692 potest
1524 2639 1600 2682 vcro
1624 2617 1793 2697 dispensare
1816 2621 1849 2689 in

276 2700 449 2778 Decalogo,
471 2696 504 2760 ὅ(
519 2700 591 2759 exin
612 2715 628 2758 e
655 2714 744 2760 tanta
763 2696 984 2758 lententiaium
1003 2692 1047 2754 dr·
1083 2701 1101 2758 ii
1133 2718 1200 2771 quae
1222 2694 1290 2760 sunt
1308 2697 1344 2760 de
1361 2699 1428 2760 iure
1444 2700 1578 2762 naturali
1601 2696 1698 2763 lirisle
1716 2704 1849 2775 innupto,

278 2778 425 2847 verfitas·
443 2777 550 2852 Qlate
574 2795 624 2858 ⁶¹,
634 2776 691 2839 ¹100
717 2772 808 2837 facile
833 2773 996 2849 statimque
1016 2790 1047 2833 e·
1081 2798 1209 2852 quorum
1230 2775 1391 2839 iunicum
1407 2776 1572 2841 intrinsece
1588 2780 1659 2843 mali
1678 2777 1759 2853 suits
1778 2779 1848 2841 binc

280 2863 417 2925 vincitur
432 2861 513 2921 circa
535 2853 734 2918 huiuscemodi
756 2852 832 2929 quod
853 2850 1047 2926 quandove·
1084 2856 1159 2918 talia
1185 2874 1338 2934 praecepta
1359 2853 1494 2933 obligant
1515 2856 1717 2933 simpliciter,
1740 2855 1775 2922 ἃ
1798 2854 1850 2919 ab·

281 2944 355 3007 iitss
372 2957 433 3002 non
454 2936 536 3001 clare
557 2931 723 3012 effulgeat,
743 2934 781 2998 ab
803 2932 924 2995 homine
940 2929 1047 2993 cordi·
1082 2930 1181 2999 solute
1207 2938 1237 2998 in
1268 2935 1406 3000 omnibus
1435 2938 1561 3002 omnino
1582 2938 1850 3016 circumstantiis,

279 3042 311 3086 to
337 3070 346 3098 ‚
369 3018 404 3085 dt
442 3015 555 3079 sincere
577 3024 741 3083 veritatem
766 3015 940 3092 inquirente
978 3008 1046 3072 seli·
1083 3014 1208 3080 utsunt
1235 3029 1385 3092 praecepta
1415 3037 1476 3079 non
1503 3014 1753 3095 blasphemandi,
1784 3031 1848 3082 nou

278 3102 407 3180 gendum
424 3097 467 3161 eit
492 3097 572 3172 quod
594 3099 687 3236 ιιιιῗίι
709 3095 746 3157 ad
773 3097 940 3157 veritatem
957 3109 1046 3153 acce·
1083 3095 1234 3170 peierandi
1253 3097 1314 3162 dtr.
1344 3096 1380 3157 In
1397 3095 1544 3172 prioribus
1575 3098 1659 3160 Deus
1679 3094 1867 3174 dispensare

280 3182 333 3244 dat
355 3199 393 3243 eo
411 3175 520 3241 reieRO
536 3175 615 3252 quod
635 3177 683 3237 ili
702 3175 845 3238 videatur
871 3175 969 3234 minus
992 3192 1045 3235 ve·
1083 3173 1180 3251 potest
1203 3222 1211 3251 ‚
1234 3195 1384 3250 quatenus
1407 3175 1554 3240 videlicet
1576 3176 1739 3241 accedente
1760 3174 1850 3255 ipsius

278 3262 367 3326 sirati
388 3258 578 3334 proximum,
600 3275 635 3318 ac
656 3254 780 3332 proinde
797 3251 977 3340 lequendurn
1002 3251 1045 3317 es·
1083 3253 1287 3332 ausloritate,
1310 3243 1341 3317 iii
1355 3258 1400 3318 liis
1420 3260 1582 3319 materiam
1603 3257 1764 3340 mutando,
1784 3256 1849 3321 sive

278 3339 307 3403 sc
321 3390 328 3417 ,
344 3337 424 3417 quod
439 3330 889 3413 rationabiliusprobabiliusve
909 3347 1045 3408 apparet,
1081 3335 1211 3410 aliquam
1239 3337 1378 3412 ponendo
1393 3334 1651 3401 circumstantiam
1676 3385 1685 3414 ,
1717 3335 1769 3401 sub
1788 3356 1848 3413 qua

278 3431 316 3484 eo
334 3418 439 3482 relislo
452 3416 532 3492 quod
552 3418 651 3478 minus
668 3414 820 3490 probabile
846 3410 1045 3477 lincerecen·
1083 3415 1160 3493 leges
1178 3416 1333 3479 naturales
1355 3437 1416 3478 uon
1434 3415 1564 3493 amplius
1588 3417 1752 3494 obligant,
1783 3417 1852 3478 lici-·

279 3500 397 3575 leatus,
416 3495 502 3561 sicuti
519 3493 629 3558 dislnm
648 3498 709 3558 iarn
729 3492 808 3570 suit,
829 3491 878 3557 ubi
908 3492 944 3553 de
969 3511 1046 3575 con·
1083 3514 1148 3556 tum
1164 3495 1271 3558 evadit
1292 3495 1576 3581 quodcaeteroquin
1594 3514 1662 3560 erat
1686 3497 1846 3561 illicitum.

280 3577 406 3642 scientia
429 3574 573 3653 probabili
594 3577 626 3635 in
644 3573 848 3649 probabilioris
869 3569 1043 3637 concursu.
1080 3574 1127 3635 Sic
1148 3573 1328 3649 dispensavit
1346 3595 1414 3638 cuni
1430 3574 1630 3652 abrahamo,
1653 3593 1689 3639 ut
1710 3580 1849 3653 potuerit
1935 3639 1938 3651 ,

223 3681 250 3737 p,
318 3659 433 3721 Omnia
467 3653 613 3729 Decalogi
644 3669 795 3727 praecepta
830 3650 973 3739 obligant
994 3647 1046 3710 sub
1083 3653 1219 3715 assentiri
1260 3653 1428 3716 efficaciter
1467 3653 1610 3718 occilioni
1647 3660 1757 3731 proprii
1787 3655 1846 3716 lilii

223 3747 263 3814 ligi
281 3738 424 3810 mortali,
447 3736 491 3796 ita
514 3750 546 3793 ut
564 3733 661 3791 omnis
681 3751 788 3793 eorum
804 3729 935 3793 violatio
956 3730 991 3787 lit
1007 3748 1045 3789 eir
1082 3728 1176 3792 lsaaci
1193 3734 1365 3799 innocentis
1387 3756 1393 3794 :
1413 3736 1488 3797 item
1503 3733 1718 3797 cumHebraeis
1735 3755 1851 3797 exeun⁴

223 3824 262 3875 lt·
278 3835 389 3897 genere
410 3813 467 3898 suo¹
482 3809 615 3873 mortale
632 3827 807 3883 peccatum
828 3808 990 3898 aliquando
1000 3818 1045 3868 ta·
1083 3810 1164 3872 tibus
1177 3810 1212 3872 de
1228 3810 1387 3896 AEgyprn,
1410 3833 1444 3876 ut
1464 3813 1546 3877 licite
1556 3819 1714 3888 potuerint
1731 3818 1850 3889 optima

223 3887 259 3926 ne
279 3913 350 3959 men
372 3891 499 3959 exsulat
524 3892 636 3954 levitas
658 3910 693 3952 ac
719 3891 853 3964 parvitas
882 3901 1046 3961 materiae,
1081 3910 1208 3965 qriaeque
1226 3890 1646 3972 valaAEgypriorumaurea
1670 3892 1725 3973 ,ἃ
1742 3915 1848 3972 argen-

250 3971 332 4040 ‘ubi
348 3974 412 4038 dari
435 3969 556 4048 potest(
578 3967 613 4032 ln
642 3969 780 4032 omnibns
804 3971 886 4031 enirn
914 3965 978 4029 liaec
1002 3968 1044 4052 lo·
1082 3987 1132 4032 tea
1153 3968 1203 4032 sibi
1222 3989 1330 4036 mutuo
1347 3973 1418 4036 data
1441 3967 1820 4052 auferre.1temdilpeiis
1836 4003 1848 4018 ·

277 4050 475 4121 cumhabere
494 4052 673 4126 nequit‚ut
700 4050 731 4112 in
752 4044 1046 4123 blasphemia‚sallo
1082 4053 1130 4113 vit
1152 4072 1222 4112 cum
1240 4051 1343 4115 iisdem
1367 4053 1478 4118 ludaeis
1510 4055 1540 4114 in
1565 4053 1768 4135 polygamiar
1799 4051 1849 4117 seu

278 4131 570 4207 iurament0,&in
586 4131 652 4192 aliis
668 4129 846 4201 nonnullis)
879 4123 1044 4189 tumdese·
1082 4131 1263 4202 pluralitate
1303 4154 1460 4208 uxorum,
1498 4133 1531 4197 dt
1569 4134 1638 4196 aliis
1665 4135 1847 4198 huiusmodi.

279 4215 345 4279 sliri
365 4213 592 4280 deliberationis
612 4259 620 4283 ,
639 4209 672 4274 dt
695 4211 792 4284 plenae
810 4209 1015 4271 advertentis:
1036 4254 1044 4283 ,
1082 4211 1165 4271 Num
1188 4231 1264 4275 vero
1289 4213 1488 4281 ecclesiastica
1514 4212 1647 4289 potestas
1678 4213 1848 4292 dispensare

276 4314 309 4359 ιιι
327 4300 387 4358 iam
403 4291 456 4358 suo
480 4293 550 4354 loco
577 4286 689 4353 distum
720 4285 779 4353 suit
803 4338 810 4363 ,
839 4307 907 4351 riam
927 4307 965 4348 ex
989 4286 1043 4348 tali
1079 4308 1173 4372 qrieat
1196 4292 1226 4351 in
1255 4291 1368 4368 legibus
1394 4296 1431 4358 de
1458 4299 1523 4359 inre
1545 4293 1674 4355 naturali
1695 4344 1703 4369 ,
1729 4293 1761 4358 &
1777 4315 1849 4357 con·

275 4373 394 4440 deseslu
416 4371 499 4435 nulla
519 4370 611 4447 culpa
632 4368 695 4445 eil,-
711 4371 760 4432 vel
784 4366 879 4432 sulum
897 4366 1043 4432 venialis.
1082 4370 1207 4432 luetudo
1223 4388 1330 4433 contra
1350 4371 1424 4446 ipsas
1443 4372 1652 4449 praescribere,
1671 4376 1731 4437 iani
1747 4373 1848 4437 adium

259 4500 282 4519 ..
314 4456 402 4521 Inter
432 4451 574 4529 Decalogi
604 4461 758 4525 praecepta
781 4451 869 4513 datur
898 4447 1044 4510 notabilis
1080 4447 1120 4510 cll
1138 4449 1190 4513 luo
1212 4448 1301 4526 loco,
1321 4449 1372 4513 ubi
1390 4451 1427 4515 de
1443 4454 1574 4533 legibus.

244 4535 447 4600 differentia
464 4534 561 4598 etiam
579 4536 660 4594 inter
676 4534 824 4607 negativa
844 4550 882 4592 eii
894 4529 949 4592 lioc
966 4527 1043 4605 quud
1119 4530 1196 4590 Cum
1222 4546 1325 4592 autern
1354 4536 1457 4599 omnia
1487 4552 1608 4598 naturae
1640 4533 1849 4613 praeceptaarl

274 4609 982 4695 qilaedanr'obligantabsolute&'s1mpli'citer5
1010 4607 1043 4671 &
1078 4610 1218 4686 Decalugi
1243 4629 1408 4688 praecepta,
1437 4633 1472 4678 ut
1503 4617 1677 4688 principia,
1700 4614 1750 4675 vel
1777 4635 1850 4677 con.

228 4726 231 4731 ·
273 4702 307 4761 in
328 4696 461 4776 qualibet
477 4697 548 4763 data
564 4693 862 4770 circumstantia,ur
879 4689 1042 4768 prohibitio
1077 4687 1225 4751 clirsruiies
1256 4693 1458 4765 pertineant,
1485 4694 1554 4757 hinc
1578 4716 1631 4771 pro
1652 4692 1780 4758 faciliori
1802 4697 1849 4754 in·

272 4778 337 4841 odii
355 4779 431 4855 Dei,
448 4776 657 4853 idololatriae,
682 4775 835 4851 periurii,
864 4769 1010 4834 mendacii
1034 4816 1040 4843 ‚
1080 4768 1253 4845 telligentia
1269 4788 1342 4858 ‚tum
1367 4773 1583 4849 Consellariis,
1604 4793 1670 4839 turn
1692 4774 1848 4851 poenitcn-

272 4859 467 4933 aliorumque
487 4855 690 4919 huiuscemodi
712 4855 847 4929 ailuum,
870 4852 1041 4929 quiintrin·
1079 4847 1159 4911 tibus
1176 4853 1206 4909 in
1229 4867 1261 4911 re
1281 4866 1344 4913 tam
1367 4855 1531 4918 necelsbria
1554 4855 1590 4918 ad
1616 4852 1725 4930 species
1742 4872 1849 4929 peccad

272 4935 338 5001 soce
359 4937 433 5001 mali
451 4937 544 5013 lunt;
570 4936 708 5011 quedam
725 4954 802 5000 vero
820 4955 883 4997 non
903 4930 1042 5006 simplici·
1079 4946 1182 4991 torum
1207 4927 1445 5011 dignoscendas,
1476 4934 1570 4998 rellat
1599 4934 1754 4998 ollendere
1776 4952 1848 5006 quw

271 5035 344 5094 ser,
361 5015 395 5082 dr
416 5015 551 5084 absolute
565 5017 725 5096 obligant,-
743 5013 790 5079 sed
808 5009 1040 5078 solumlubcer-
1077 5007 1167 5070 modo
1192 5027 1344 5087 praecepta
1364 5031 1485 5078 naturas
1506 5063 1513 5089 ,
1538 5013 1590 5097 seu
1611 5010 1763 5079 naturalia
1793 5032 1849 5074 exa

270 5101 315 5175 sir
332 5120 367 5164 ac
385 5097 595 5164 determinatis
614 5095 850 5164 circumstantiis
870 5141 879 5172 ,
910 5107 945 5157 iit
962 5110 1040 5167 prae·
1078 5088 1172 5164 presse
1193 5107 1256 5155 non
1278 5088 1443 5158 inclusa'in
1458 5094 1635 5176 Decalogo,
1655 5093 1692 5159 ad
1718 5089 1848 5185 Deraia·

1781 5191 1811 5251 gi
