4425 6000
549 519 732 602 'Triton
760 546 817 598 oe
845 528 1108 606 Praeterit
1135 524 1360 600 Errrrun
1386 526 1488 599 Car.
1515 522 1583 601 111.
1719 547 1795 622 445

281 621 335 694 seo
352 645 489 706 tempore
504 625 771 706 Quadragesnnae,
787 646 826 689 ne
844 623 1048 702 quidemSab·
1084 629 1195 688 mentis
1223 641 1365 690 ventrem
1388 625 1527 702 repleat,
1546 623 1580 691 &
1600 621 1630 688 se
1650 623 1846 704 ingurgitet,
1862 636 1982 703 recuro.

280 709 357 775 bato
371 708 405 774 ἃ
425 708 589 772 Dominica
616 709 771 784 exceptis,
795 708 827 767 in
852 705 957 781 quibus
974 707 1046 782 quia
1085 705 1382 782 utnullamcorporis
1403 700 1597 770 aliliidionenr
1609 700 1738 782 sentiat,
1758 707 1845 781 quin·
1858 693 1940 757 ΝΜ*
1953 707 1984 766 '3¹

278 788 514 854 celebrabantur
524 785 588 851 diet
608 782 673 850 sesii
688 832 698 863 ,
713 785 837 861 quidam
849 784 997 849 volebant
1013 786 1049 846 li·
1084 784 1147 847 imo
1164 783 1242 862 gulae
1269 783 1443 862 indulgeat,
1463 787 1614 850 ieiunium
1634 785 1732 849 violet
1749 786 1844 848 eccie-
1860 834 1892 873 α
1940 795 1987 871 ,02

278 887 350 931 cere
366 868 475 933 talium
490 867 625 930 ciborum
638 858 745 928 ulum.
770 863 925 941 Quidquid
944 880 1047 928 autem
1083 859 1250 930 srasiittun?
1270 861 1424 928 Suliinent
1446 866 1536 929 multi
1559 865 1637 928 hunc
1661 882 1723 928 non
1743 863 1844 929 viola·
1861 879 1962 935 neuin.

277 943 846 1023 eircahunccanonemditantaiiqui,
868 963 976 1018 nempe
987 963 1047 1007 non
1082 961 1116 1005 re
1135 945 1243 1006 ieiunii
1272 959 1480 1021 praeceptum,
1509 965 1579 1009 cum
1602 942 1704 1009 servet
1724 947 1847 1012 unicam
1864 951 1921 1024 rer

279 1023 341 1089 esse
362 1025 457 1092 sextu
472 1024 587 1109 Synodi
605 1022 676 1101 ,led
696 1022 866 1100 aliquorum
885 1024 1048 1101 particula·
1081 1022 1295 1088 comestionem
1311 1041 1511 1101 praeceptam,
1531 1025 1604 1090 iicet
1624 1041 1729 1089 tameo
1738 1024 1846 1100 perdat

279 1109 361 1169 rium
382 1101 612 1182 Episcoporum,
630 1101 800 1167 certumesi
816 1107 1048 1181 covaruviam,
1081 1101 1190 1164 ieiunii
1217 1106 1388 1180 meritum,
1419 1101 1453 1169 &
1482 1100 1644 1169 secundum
1663 1103 1845 1182 qualitatem

275 1187 422 1250 Azorium
454 1180 588 1259 aliosque
611 1183 730 1263 insignis
770 1202 854 1250 notar
888 1184 1046 1261 theologos
1080 1180 1216 1246 excessus
1244 1201 1349 1258 peccet
1374 1200 1483 1248 contra
1508 1200 1571 1247 tem
1646 1186 1720 1249 ntiae
1743 1186 1846 1254 virtu·

276 1264 422 1406 pabore,
444 1268 511 1329 imo-
524 1265 625 1342 potius
642 1262 809 1339 supponere
835 1267 915 1328 hunc
936 1284 1044 1327 revera
1081 1276 1144 1324 tem
1159 1264 1252 1326 etiam
1271 1264 1461 1341 mortaliter,
1480 1260 1502 1324 sr
1522 1284 1594 1328 exce
1622 1263 1704 1327 ussrt
1723 1265 1846 1343 itagra·

274 1366 292 1405 e
357 1364 507 1408 canonem
529 1344 622 1406 sextae
643 1343 829 1424 Synodi‚&
856 1345 924 1408 ideo
948 1363 987 1406 ex
1007 1363 1044 1408 eo
1081 1342 1147 1417 ris,
1167 1357 1204 1405 ut
1223 1343 1321 1406 etiam
1342 1359 1432 1406 extra
1454 1344 1561 1406 ieiunii
1576 1343 1656 1406 diem
1672 1345 1705 1406 in
1725 1362 1845 1410 morta·
1947 1408 1951 1415 ,

276 1421 407 1487 insertur
417 1429 478 1487 iam
494 1424 531 1487 ab
547 1423 605 1485 iliis
625 1424 886 1497 temporiburlac,
902 1423 1043 1499 caseunr,
1079 1418 1140 1482 lem
1162 1420 1282 1497 cuipam
1306 1422 1478 1486 incideret.
1498 1421 1683 1488 Probabiiior
1709 1439 1815 1487 tamen
1834 1470 1845 1502 ,

273 1521 336 1566 ova
353 1506 384 1565 in
400 1505 522 1566 ieiuniis
539 1500 782 1579 Quadragesrmae
800 1503 952 1580 prohibita
970 1499 1042 1566 suis-
1077 1518 1112 1561 ac
1132 1500 1231 1565 multo
1248 1504 1351 1564 verior
1366 1502 1511 1566 censenda
1527 1499 1569 1565 eli
1590 1501 1746 1567 sententia
1767 1503 1844 1571 alio-

268 1579 305 1644 ·ie
324 1602 364 1646 ne
379 1583 502 1658 quidem
518 1579 621 1645 diebus
635 1578 718 1644 sellis
744 1586 896 1662 exceptis,
916 1580 989 1647 ir'cet
1011 1585 1041 1646 in
1077 1599 1163 1657 rum,
1183 1582 1233 1656 qui
1255 1580 1396 1644 statuunt
1417 1581 1505 1644 ilium
1524 1581 1580 1644 tali
1600 1585 1843 1660 ingurgitatione

273 1660 354 1726 hisce
377 1664 526 1727 ieiunium
547 1681 608 1724 non
630 1679 790 1738 ageretur.
808 1663 847 1726 Et
870 1660 1038 1726 huiusmodi
1077 1658 1198 1724 violare
1218 1678 1404 1737 praeceptum
1429 1663 1556 1736 ieiunii,
1578 1664 1649 1738 quia
1676 1659 1749 1726 iicet
1778 1680 1841 1726 non

273 1741 512 1820 prohibitionem
541 1756 676 1827 tempore
705 1740 963 1820 Quadragesrmaii
987 1763 1041 1818 pto
1075 1735 1215 1819 diredie,
1243 1738 1347 1803 saitem
1374 1738 1515 1804 indireiie
1537 1742 1571 1806 &
1597 1740 1839 1817 interpretativa

272 1821 415 1884 omnibus
431 1819 541 1898 affert,
560 1840 596 1883 ac
613 1818 738 1887 lullintt
755 1823 792 1884 D.
811 1821 948 1887 Thomas
964 1841 992 1883 2.
1010 1841 1038 1883 2.
1074 1816 1131 1880 hoc
1151 1817 1239 1882 fieret
1267 1823 1299 1881 in
1321 1817 1458 1884 fraudem
1486 1822 1591 1884 ieiunii
1618 1819 1836 1899 ecclesiastici,

271 1921 298 1978 q.
320 1919 389 1979 147.
410 1913 467 1963 art.
488 1900 515 1963 8.
535 1904 567 1962 in
583 1921 645 1975 quo
662 1899 700 1966 src
721 1900 838 1967 habet:
867 1908 905 1966 irr
932 1901 1039 1965 ieiunio
1072 1916 1142 1960 curn
1162 1897 1241 1976 gulae
1257 1899 1394 1975 expletio
1416 1900 1507 1964 tollat
1528 1920 1564 1964 ac
1583 1900 1729 1974 impediat
1747 1897 1838 1965 absii·

272 1992 372 2043 aurem
400 1980 642 2059 quadragefimair'
667 1980 889 2046 interdicuntur
917 1981 1039 2045 union-
1074 1981 1213 2041 ueritiam
1238 1978 1304 2057 lege
1334 1981 1438 2042 ieiunii
1468 1996 1680 2056 praeceptam,
1707 1996 1744 2043 ut
1780 1999 1836 2058 per

267 2057 374 2138 saliret
395 2060 485 2123 triam
506 2081 567 2125 ova
581 2053 623 2125 si
642 2059 809 2135 ialiirinia,
826 2062 901 2125 circa
917 2083 1039 2139 quorum
1074 2055 1152 2120 hanc
1168 2077 1295 2134 corpora
1317 2059 1525 2137 casiigentur,
1545 2057 1713 2124 inordinati
1733 2056 1786 2123 seu
1803 2061 1838 2122 il·

272 2137 474 2218 abstinentiam
490 2139 523 2202 in
541 2139 611 2203 aliis
632 2138 751 2203 ieiuniis
767 2142 895 2220 diversor
923 2138 1038 2219 consue·
1073 2136 1150 2199 liciti
1174 2139 1275 2201 carnis
1303 2155 1406 2202 motus
1436 2143 1675 2215 reprimantur,
1703 2159 1739 2202 ac
1770 2137 1839 2205 ideo

273 2219 393 2283 traines
408 2217 534 2295 existunt
549 2219 629 2297 apud
648 2219 803 2299 diversos,
823 2241 896 2297 quas
921 2219 1039 2302 quisque
1072 2237 1157 2279 mens
1180 2221 1282 2294 aptltu
1301 2216 1356 2281 fiat
1378 2217 1415 2282 ad
1440 2218 1546 2282 divina
1569 2219 1805 2297 contemplanda
1822 2241 1835 2293 i

265 2298 398 2377 servare
418 2297 498 2362 debet
514 2297 674 2376 secundum
691 2321 801 2364 morem
821 2320 940 2375 eorum,
960 2303 1038 2363 inter
1073 2313 1276 2372 praeterquam
1296 2293 1493 2374 quodrefeu·
1544 2300 1603 2361 icet
1616 2301 1725 2372 unica,
1747 2296 1837 2359 stim·

223 2380 225 2385 '
271 2397 338 2453 quor
370 2377 580 2457 conversatur.
614 2379 660 2442 Ex
683 2379 788 2456 quibus
812 2381 1038 2444 omnibnston·
1072 2375 1227 2440 moderata
1247 2376 1333 2440 srt&
1355 2380 1454 2440 intem
1530 2394 1582 2453 ta,
1604 2376 1781 2441 adversatur
1801 2377 1838 2440 li·

271 2457 331 2521 liat
349 2458 413 2521 dari
431 2462 462 2520 in
481 2455 610 2524 Ecciefia
628 2478 812 2535 praeceptum
830 2458 994 2523 abliinendi
1005 2463 1035 2522 in
1072 2458 1102 2515 ni
1120 2455 1193 2536 legis
1214 2459 1338 2534 ieiunii,
1359 2476 1419 2520 uon
1436 2454 1564 2521 secutae
1580 2455 1678 2533 plures
1696 2454 1836 2521 reseiiio·

273 2533 509 2615 Quadragesrma
530 2538 566 2601 ab
583 2543 671 2618 ovis,
684 2537 903 2611 &raetiarum
920 2543 952 2603 in
970 2540 1037 2603 aliis
1071 2554 1150 2609 nes,
1174 2536 1281 2612 quibus
1303 2537 1374 2601 talis
1396 2533 1519 2601 reseiiio
1538 2535 1723 2612 aequivalet.
1744 2534 1836 2600 Unde

272 2635 350 2680 vero
369 2615 472 2680 diebus
493 2610 600 2680 ieiunii
625 2640 687 2683 non
712 2619 777 2682 dari
800 2645 810 2681 .·
841 2618 1037 2684 observandae
1071 2615 1159 2679 srcuti
1177 2617 1277 2692 piures
1291 2613 1464 2682 resediones
1479 2617 1529 2679 die
1541 2618 1667 2692 ieiunii,
1684 2632 1835 2681 utonrnes

272 2711 380 2758 tamen
409 2692 478 2762 sunt
511 2695 674 2763 laudabiles
705 2698 844 2765 iocorum
870 2696 1034 2765 consuetu·
1070 2696 1282 2773 concordant,
1303 2697 1423 2762 violant
1445 2698 1614 2772 ieiunium,
1634 2695 1708 2760 ideli
1731 2698 1836 2758 ieiunii

267 2775 374 2838 dines.
980 2775 986 2788 “
1071 2793 1273 2852 praeceptum,
1295 2778 1341 2840 ita
1369 2773 1514 2839 comestio
1540 2774 1739 2840 immoderata
1760 2775 1834 2838 iicet

1069 2856 1181 2930 unica,
1200 2857 1269 2932 quia
1287 2854 1420 2930 pluribus
1435 2857 1476 2919 eli
1485 2855 1691 2932 aequivalens,
1710 2851 1835 2918 seuvir·
1944 2904 1950 2912 .

601 2945 626 3003 5.
667 2938 706 3001 V.
1071 2928 1793 3014 tualiterrnnltipiex,iegemfrangieieiuoii.
1827 2950 1832 2958 ·

1107 3015 1186 3078 iiaec
1206 3033 1311 3079 aorem
1336 3012 1462 3089 refeiiio
1483 3013 1571 3077 debet
1590 3014 1649 3076 elie
1669 3016 1844 3083 continuere¹

1070 3110 1124 3171 ta,
1153 3094 1228 3158 alias
1258 3115 1321 3158 non
1351 3093 1426 3158 esset
1455 3114 1537 3170 una,
1555 3091 1605 3156 sed
1629 3097 1775 3171 repetita.
1799 3091 1846 3155 Si
1880 3097 1974 3156 vah·

324 3057 371 3119 Dr
393 3053 481 3119 unica
501 3053 658 3145 rescisione
674 3076 738 3146 qua·
755 3058 793 3147 tsi
807 3054 971 3136 secundum

445 3138 613 3217 “Wfimm
633 3136 673 3199 'd
694 3155 838 3201 “mmm
846 3176 854 3197 '
1067 3176 1133 3249 quir
1150 3190 1251 3238 tamen
1268 3174 1307 3237 ob
1327 3194 1437 3251 urgens
1453 3175 1627 3252 negotium,
1645 3172 1718 3236 ideli
1733 3176 1829 3237 exiu·
1847 3160 1975 3276 ὴῖξῐξξθ·

286 3248 451 3340 ΙΑἰτεωιη
473 3249 670 3318 substantiale
685 3273 718 3318 re
739 3252 865 3321 uisrrurn
886 3253 921 3316 ad
938 3254 1031 3318 essen·
1068 3252 1112 3318 sia
1143 3255 1271 3331 ranila,
1298 3256 1432 3319 nondum
1458 3250 1642 3319 sufficienter
1669 3251 1832 3319 rer‘eetione
1847 3288 1890 3341 bu
1906 3260 1966 3343 ,gg

231 3393 233 3398 ,
267 3344 346 3420 tram
364 3332 476 3420 ¹ieiunii
505 3330 549 3394 eli
575 3336 666 3397 unica
689 3276 812 3398 releiiio
841 3332 979 3403 sarienda
1001 3338 1032 3396 in
1067 3335 1216 3411 completa
1234 3332 1411 3399 discedendo
1427 3355 1444 3399 a
1460 3330 1561 3397 mensa
1581 3353 1650 3398 eam
1667 3335 1832 3399 interrum·
1850 3354 1936 3405 curri.

265 3411 315 3471 dre
331 3412 436 3470 ieiunii
451 3458 459 3487 ‚
479 3400 513 3474 dc
531 3412 561 3473 in
582 3413 639 3476 hoc
655 3413 799 3478 Duriores
821 3419 1030 3479 conveniunt.
1068 3432 1171 3489 peret,
1191 3413 1331 3480 conleiio
1347 3417 1469 3492 negotio
1490 3414 1587 3477 redire
1604 3412 1701 3490 potest
1717 3415 1831 3478 adeam
1849 3429 1950 3472 aaran·

265 3488 527 3554 controvertitur
551 3508 654 3556 tamen
681 3515 740 3570 quo
756 3498 821 3558 inre
844 3492 901 3559 hoc
924 3496 1031 3569 praeci-
1067 3493 1296 3571 perficiendam,
1315 3497 1385 3570 quia
1406 3494 1541 3570 speiiaris
1555 3493 1830 3559 circumstantiis&

227 3633 231 3638 ,
264 3572 386 3643 piatur.
405 3567 572 3636 Caietanur
601 3572 635 3636 δι
661 3574 898 3636 panormitanus
926 3573 974 3636 hic
999 3577 1030 3635 in
1066 3578 1242 3638 intentione
1273 3572 1415 3637 censetur
1442 3577 1533 3638 unica
1561 3574 1721 3637 moraliter
1749 3572 1829 3637 rese-

263 3647 415 3734 Rubrade
429 3645 594 3726 observent.
611 3650 721 3713 ieiunii
737 3653 850 3715 docent
878 3653 933 3715 hoc
957 3672 1033 3716 cau·
1064 3651 1139 3720 erio.
1163 3654 1268 3718 Aliter
1288 3670 1391 3716 tamen
1412 3653 1488 3716 esiet
1507 3652 1687 3730 dicendum,
1706 3652 1727 3714 sr
1749 3650 1831 3715 suffi-
1866 3585 1887 3722 l

265 3745 334 3790 turn
351 3726 439 3789 luisse
459 3731 526 3791 iure
547 3729 750 3818 ecclesiastico
771 3735 801 3792 in
818 3748 877 3808 cap.
893 3733 1030 3812 Quada-
1065 3739 1186 3797 cienter
1209 3730 1334 3795 reseiius
1362 3731 1528 3797 discederet
1554 3752 1624 3795 curn
1642 3735 1747 3797 animo
1766 3748 1829 3796 non
1888 3711 2030 3814 Rs

260 3808 371 3885 gessma
386 3807 421 3869 de
442 3806 594 3887 conferret.
616 3811 680 3888 dist.
700 3832 726 3889 5.
749 3810 785 3872 D.
810 3830 914 3874 autem
931 3811 1027 3873 Tha.
1065 3814 1193 3889 amplior
1217 3810 1362 3882 redeundi
1380 3835 1391 3889 ;
1419 3810 1533 3877 namsi
1562 3827 1636 3875 runc
1664 3811 1830 3890 comedat,

263 3904 292 3946 2.
315 3886 411 3964 quast.
432 3907 446 3949 1
471 3908 499 3967 7.
516 3903 574 3952 arra
597 3894 628 3952 6.
650 3894 681 3951 in
699 3913 814 3970 argum.
830 3890 887 3969 scd
912 3905 1029 3969 contra,
1067 3891 1180 3974 frangit
1205 3895 1376 3970 ieiunium,
1394 3895 1465 3971 quia
1483 3890 1561 3955 esset
1580 3911 1661 3956 nova
1683 3890 1829 3957 comestio

261 3967 354 4058 docet
366 3966 433 4060 ‘hoc
450 3912 602 4033 daturum
616 3971 677 4032 elie
697 3992 738 4035 ex
752 3975 905 4034 conruuni
925 3972 1028 4048 popuii
1063 3995 1134 4039 cum
1155 3976 1251 4049 prima
1266 3992 1329 4035 non
1345 3973 1502 4045 moraliter
1517 3972 1700 4049 coniuniia,
1717 3971 1828 4035 nistra·

261 4043 424 4136 Chrrliranr
447 4047 688 4126 consuetudine,
703 4072 770 4126 ouae
796 4055 861 4113 vim
883 4051 973 4114 habet
989 4052 1028 4142 iq·
1065 4075 1133 4118 men
1155 4052 1307 4117 intevallo
1327 4055 1416 4117 nimir
1431 4052 1525 4117 breve
1543 4050 1682 4115 abluisset
1702 4073 1720 4115 a
1741 4075 1828 4118 rnen·

260 4143 330 4201 gis.
361 4124 399 4186 D.
428 4125 557 4193 Thornar
583 4132 748 4195 concordat
775 4127 971 4195 Innocentius
998 4136 1027 4193 in
1064 4136 1117 4199 fa.
1140 4130 1189 4199 ira
1207 4132 1367 4200 Navartus
1386 4155 1458 4196 cunr
1473 4133 1561 4199 aliis.
1584 4129 1827 4197 Probabiliusta·

259 4225 328 4298 cap.
359 4223 385 4266 r,
410 4207 445 4269 de
469 4205 651 4287 obseruantia
676 4210 883 4275 ieiuniorum.
916 4212 1027 4273 Nullus
1063 4234 1134 4279 rnen
1155 4234 1216 4277 non
1233 4210 1346 4291 frangit
1360 4215 1511 4277 ieiunium
1531 4213 1581 4289 qui
1604 4228 1712 4289 putans
1733 4233 1825 4290 pran-

258 4303 343 4348 enrm
359 4285 483 4364 allegari
500 4288 594 4362 potesi
607 4308 712 4355 textus
727 4293 800 4356 iuris
819 4293 979 4361 canonici,
996 4294 1027 4352 in
1062 4297 1146 4359 dium
1172 4290 1296 4356 finitum
1324 4293 1384 4357 elle
1405 4293 1576 4370 mappulam
1598 4292 1753 4366 involvit,
1772 4293 1824 4357 sed

259 4385 321 4450 quo
340 4364 475 4440 expresse
496 4367 532 4433 ἀ
555 4369 637 4433 clare
662 4370 690 4433 id
714 4372 930 4447 praecipiatur.
945 4370 1026 4435 Hinc
1062 4375 1201 4452 apposito
1224 4371 1326 4448 pc-siea
1354 4374 1418 4436 aiio
1442 4371 1560 4436 serculo
1577 4420 1587 4449 ,
1607 4390 1646 4435 eo
1661 4367 1818 4448 vescitur,

260 4444 421 4537 poliquam
449 4446 490 4508 D.
509 4446 569 4509 Tb.
593 4452 624 4511 in
651 4463 707 4513 art.
725 4455 754 4513 6.
774 4454 828 4515 cit.
855 4451 1025 4526 explicavit
1060 4459 1130 4532 quia
1148 4455 1272 4517 unicum
1287 4451 1327 4515 eii
1345 4453 1523 4531 prandium,
1541 4449 1632 4517 &ex
1646 4452 1823 4529 ignorantia

257 4542 400 4616 rationes
421 4545 514 4599 quare
534 4530 685 4592 ieiunium
701 4527 737 4595 srr
767 4531 806 4595 ab
829 4527 962 4595 Eceiesra
981 4533 1026 4593 in·
1060 4531 1143 4611 quasi
1162 4531 1311 4597 statuerat
1332 4554 1393 4597 non
1409 4534 1538 4612 amplius
1552 4531 1658 4604 edere3
1680 4530 1822 4597 &euvei

256 4603 401 4698 sinotum
414 4655 422 4684 ,
437 4626 544 4683 nempe
563 4608 600 4673 ad
609 4604 800 4674 fraenandam
815 4608 1025 4689 concupiscen·
1060 4614 1192 4682 maxime
1210 4612 1289 4689 quod
1309 4616 1404 4679 etiam
1424 4616 1457 4675 in
1477 4613 1535 4677 hoc
1556 4612 1627 4677 casu
1653 4611 1718 4677 haec
1736 4626 1825 4677 nova

256 4703 357 4765 tram,
378 4689 414 4749 in.
432 4687 487 4751 hac
508 4687 647 4752 laudabili
663 4688 885 4754 consuetudine
902 4690 1025 4754 adeum
1059 4692 1205 4759 eomeslio
1225 4696 1270 4757 ita
1286 4714 1391 4770 parum
1408 4694 1445 4756 ab
1469 4694 1530 4757 alia
1550 4693 1691 4770 distabit,
1708 4710 1744 4757 ut
1759 4714 1823 4758 una
1893 4705 1910 4745 ⁸

254 4767 351 4831 linem
372 4765 409 4832 ab
426 4765 559 4832 Ecclesia
574 4766 716 4846 indulia,
736 4767 770 4834 ἀ
785 4770 855 4833 ideo
869 4769 1024 4835 concludit
1059 4773 1093 4839 iit
1113 4775 1217 4842 eadem
1245 4774 1402 4838 moraliter
1419 4773 1536 4837 censeri
1560 4774 1675 4850 possit,
1699 4773 1733 4838 dt
1755 4772 1823 4837 haec

255 4845 403 4911 Ecclesiae
419 4848 632 4912 moderatione
649 4847 799 4913 siatutunr
814 4848 858 4914 est
882 4867 919 4915 ut
933 4846 1024 4914 semel
1060 4853 1207 4934 positema
1221 4853 1367 4918 comesiio
1382 4851 1424 4915 eli
1446 4856 1546 4929 potius
1563 4857 1667 4928 ptirnae
1688 4854 1822 4926 comple

249 4927 287 4991 iu
302 4926 352 4989 die
372 4948 390 4990 a
410 4926 617 4992 ieiunantibus
636 4929 834 4994 comedatur.
1060 4951 1225 5008 mentum,
1245 4952 1334 5008 quam
1355 4952 1439 4996 nova
1461 4932 1622 4998 comestio.
1650 4934 1724 4995 Non
1738 4934 1822 4995 'iicet

218 5035 240 5085 p,
293 5006 357 5071 Hic
378 5024 481 5098 aurern
506 5010 662 5083 inquirunt
691 5009 829 5086 theologi
850 5058 858 5086 ‚
879 5031 953 5074 num
973 5013 1023 5084 qui
1060 5032 1164 5077 tamen
1183 5011 1234 5076 diu
1255 5014 1429 5087 protrahere
1447 5014 1603 5088 prandium
1621 5009 1821 5088 condiendo,

218 5088 291 5154 ri-irr
309 5086 369 5154 virae
387 5105 479 5151 unrca
500 5085 685 5160 comestione
702 5106 752 5156 tot
772 5089 849 5156 cibit
867 5090 900 5157 dt
923 5091 1024 5157 condi·
1060 5096 1132 5171 quia
1151 5091 1208 5157 iuc
1226 5091 1302 5158 eiiet
1329 5091 1443 5157 inruere
1464 5090 1663 5158 reseiiionern
1686 5092 1824 5232 aerlruiva·
1964 5169 1967 5174 Ι

219 5204 227 5222 ,
1731 5187 1785 5235 en·
