4425 6000
1085 328 1122 352 ‚-

600 493 819 568 anor.
859 510 925 562 nt
960 486 1514 575 corrumpendi.
1729 492 1804 586 187
1922 479 1926 494 '
2007 557 2010 562 .

265 618 349 668 vera
365 614 438 676 aget
457 591 511 660 ille
529 607 600 660 tuus
620 609 707 670 erat,
723 589 777 658 vel
797 584 885 653 debet
904 586 934 650 ei
955 583 1040 650 resti·
1076 587 1154 667 illa,
1173 602 1211 650 ut
1238 584 1413 654 consideret
1435 585 1456 652 si
1482 587 1560 654 velit
1582 607 1650 660 earn
1678 587 1845 662 defendere
1859 602 1975 668 emant

268 696 363 744 tuere
383 677 515 755 pretium
534 693 598 738 non
616 688 767 751 quantum
782 683 891 734 tamen
913 665 968 732 ille
988 666 1042 730 de·
1075 667 1151 747 Leg.
1172 679 1292 757 emptor.
1312 667 1347 734 dr
1371 669 1446 747 Leg.
1476 668 1580 748 emptio
1606 669 1680 736 ae'lio
1700 690 1749 738 ar.
1778 676 1841 740 cod.
1866 667 1959 716 acen.

270 759 319 823 dit
345 803 356 834 ,
385 754 507 833 quando
530 774 635 831 agrion
654 751 742 814 illum
762 770 780 817 a
801 764 833 812 te
854 746 1042 822 acquisivit,
1074 749 1116 813 dt
1131 750 1223 814 evin.
1247 747 1326 814 llaec
1357 766 1463 816 tamen
1491 749 1693 818 denunciatio
1715 772 1778 820 non
1806 775 1851 820 re·
1902 744 1973 783 ‘’⁸‘'

267 833 425 904 fediuxta
444 833 672 909 valorem,qni
691 850 763 896 eum
779 826 892 893 babere
911 825 1042 919 cellime-
1075 830 1237 907 quiritur,
1260 826 1383 906 quando
1398 828 1524 892 evidens
1539 828 1584 894 est
1600 850 1742 895 remnon
1762 829 1852 904 fuisse
1913 895 1917 906 ,

266 918 356 984 bitot
381 934 519 992 tempore
546 910 706 977 evrfiionis
737 911 827 974 iuxta
853 906 1043 970 melioratio·
1078 909 1272 985 venditoris,
1292 908 1341 972 led
1355 905 1487 972 artioris
1507 930 1526 973 a
1546 931 1606 986 quo
1626 930 1663 975 ea
1679 917 1848 992 repetitur,

268 1019 364 1077 nem,
387 996 440 1062 vel
463 992 741 1058 deteriorationem
766 1006 861 1064 quam
881 987 954 1051 dum
972 1006 1044 1050 eum
1076 1005 1116 1051 ut
1141 988 1288 1052 venditor
1307 988 1485 1054 nullatenus
1502 986 1664 1056 defendere
1683 992 1849 1058 valeatsrbi

270 1076 425 1157 possedit,
440 1075 656 1145 contraxerit,-
684 1072 748 1132 imo
766 1067 855 1132 debet
873 1065 973 1131 eidem
999 1068 1045 1128 in·
1079 1084 1273 1142 competere,
1295 1084 1329 1131 ut
1347 1087 1388 1131 ex
1403 1068 1482 1150 Leg.
1499 1088 1545 1132 em
1563 1082 1653 1134 rorem
1683 1074 1715 1134 in
1734 1076 1851 1150 prinei·

269 1158 382 1226 terelle
406 1151 590 1229 refundere,
607 1165 760 1227 quatenns
771 1150 848 1221 eiutl
863 1148 1018 1211 intererat
1035 1192 1045 1224 ,
1060 1215 1063 1224 ,
1081 1151 1132 1224 pio
1151 1142 1183 1210 ff.
1201 1147 1238 1210 de
1257 1151 1311 1235 αξξ.
1331 1148 1425 1227 empti
1440 1195 1450 1226 ,
1478 1146 1513 1214 dt
1576 1154 1737 1215 vartuvias
1759 1150 1850 1228 testa·

269 1237 346 1305 idest
377 1237 496 1300 lucrum
524 1232 665 1307 cellaria,
695 1228 745 1294 vel
775 1227 919 1291 damnum
947 1245 1044 1289 emer·
1082 1246 1135 1291 tur
1153 1227 1231 1291 hane
1251 1229 1313 1292 elle
1337 1248 1549 1293 communem.
1580 1230 1663 1293 item
1688 1234 1853 1298 denuncia-

271 1338 366 1401 gent.
388 1316 437 1379 Sic
457 1333 497 1378 ex
516 1316 588 1390 Leg.
618 1327 666 1385 70.
684 1304 718 1371 ff.
737 1309 777 1374 de
795 1307 887 1373 eviii.
913 1306 955 1380 Et
970 1307 1045 1382 quia
1081 1311 1128 1371 tio
1146 1327 1208 1370 nou
1230 1312 1460 1398 precequiritur
1472 1310 1596 1397 quando
1606 1330 1727 1388 emptor
1740 1308 1785 1377 eil
1794 1315 1851 1375 mi·

272 1419 329 1480 per
346 1396 443 1460 talem
459 1391 641 1455 evifiionem
658 1394 705 1465 is,
731 1391 781 1464 qui
807 1392 888 1464 ptius
912 1406 978 1452 rem
996 1405 1047 1450 ac·
1079 1408 1137 1452 nor
1147 1434 1157 1464 ,
1172 1388 1245 1466 Leg.
1267 1407 1364 1452 minor
1379 1404 1406 1470 3.
1428 1389 1488 1454 cod.
1509 1386 1611 1467 quibus
1626 1390 1735 1471 trifidus
1754 1391 1787 1456 in
1803 1392 1850 1456 r'n·

272 1475 419 1556 quisietat
440 1471 517 1538 iulio
537 1468 653 1546 titulo,
673 1486 750 1544 puta
769 1468 952 1544 emptionis,
981 1485 1046 1542 per·
1080 1479 1213 1549 regrum.
1236 1467 1307 1532 Hoc
1326 1487 1431 1535 tamen
1448 1470 1583 1548 intellige
1602 1468 1765 1536 dummodo
1775 1493 1851 1537 ven·
1875 1469 1877 1474 ’

271 1555 478 1636 mutationis,
498 1551 678 1627 receptionis
697 1569 753 1624 pro
767 1545 862 1611 debiti
876 1545 1046 1622 solutiore,
1080 1549 1161 1612 ditor
1178 1547 1302 1613 aliunde
1317 1544 1443 1614 sciverit
1458 1549 1548 1616 litem
1563 1553 1683 1616 moveri
1699 1558 1852 1628 emptori,

262 1638 325 1704 ¹nei
341 1633 524 1709 receptionis
541 1650 595 1707 pro
614 1630 705 1707 dote,
725 1628 759 1693 ἀ
784 1625 975 1703 huiusmodi,
994 1644 1046 1691 ea·
1080 1627 1162 1693 Item
1180 1628 1301 1705 quando
1320 1647 1443 1708 emptor
1463 1627 1501 1694 sit
1521 1627 1671 1708 Ecclesia,
1689 1652 1758 1709 quae
1772 1653 1852 1713 gau·

268 1717 342 1782 dem
369 1733 402 1778 re
428 1710 504 1777 iuste
531 1707 654 1787 possessa
671 1710 844 1786 privatur,
868 1703 1046 1772 statuerunt
1079 1708 1133 1773 dec
1151 1711 1217 1774 iure
1237 1712 1413 1789 minorum,
1431 1729 1497 1787 cap.
1519 1709 1701 1790 requissoit,
1731 1710 1766 1777 dr
1785 1734 1852 1791 cap
1973 1723 1976 1730 '

271 1801 343 1862 iura
364 1789 459 1871 ipsum
477 1809 597 1867 quoque
618 1787 698 1865 posse
724 1790 898 1853 indemnem
923 1786 953 1851 se
981 1785 1045 1851 red·
1076 1788 1181 1854 audii.
1213 1790 1336 1870 restitui.
1364 1789 1397 1855 in
1425 1789 1661 1870 integrum&
1686 1792 1753 1858 haec
1779 1812 1854 1868 quo·

274 1878 348 1942 dere
363 1870 478 1951 agendo
499 1892 540 1936 ex
558 1886 663 1943 empto
680 1885 790 1934 contra
813 1888 905 1946 eum,
924 1868 975 1944 qni
997 1883 1047 1931 ta·
1080 1888 1140 1946 que
1177 1868 1220 1934 est
1247 1873 1440 1936 communia.
1469 1889 1498 1934 2.
1523 1872 1598 1935 Non
1624 1888 1751 1938 tenetur
1776 1892 1852 1937 ven·

274 1957 338 2022 lem
353 1974 417 2018 rem
433 1952 568 2015 alienam
587 1948 637 2013 sibi
657 1949 816 2027 vendidit,
837 1947 1047 2026 permutavit,
1079 1949 1161 2018 ditor
1180 1952 1218 2014 de
1237 1949 1523 2027 eviiiionequaudo
1538 1970 1585 2015 ree
1601 1950 1849 2029 eviflalitculpa

277 2035 366 2102 dedit
387 2052 445 2112 pro
466 2026 615 2095 solutione
635 2027 748 2108 debiti,
769 2031 822 2093 vel
843 2049 897 2105 pro
915 2024 1046 2103 dorm&
1082 2029 1189 2094 iudicis
1209 2029 1391 2094 sententiam
1406 2050 1460 2106 per
1480 2032 1625 2096 iniuriam
1645 2027 1771 2095 ferendo
1783 2052 1849 2110 cap.

277 2109 469 2190 huiusmodi3
488 2107 578 2178 &sic
607 2105 696 2186 possit
712 2129 821 2188 cogere
841 2107 928 2172 illurn
951 2112 983 2170 in
1003 2111 1046 2171 iu·
1074 2110 1104 2190 fi
1137 2108 1303 2175 venditoris
1327 2129 1355 2192 7.
1382 2110 1421 2176 de
1447 2117 1536 2189 emti.
1563 2109 1606 2178 (ἲ
1635 2112 1749 2177 vendit.
1781 2110 1855 2176 Em·

279 2195 377 2272 dicio,
393 2193 600 2279 utpretiurn,
615 2210 651 2254 ae
670 2185 878 2277 interessesibi
894 2187 1048 2262 rellituat,
1081 2208 1151 2266 ptor
1175 2211 1281 2255 tamen
1309 2191 1343 2255 in
1375 2189 1430 2255 tali
1458 2189 1527 2254 cal'u
1563 2191 1725 2269 procedere
1756 2191 1855 2268 potest

279 2280 350 2357 Lag.
373 2295 401 2337 r.
417 2269 449 2337 ff.
467 2271 505 2334 de
518 2272 611 2335 cord.
622 2273 695 2348 neg.
716 2291 771 2335 nen
785 2266 936 2337 dubitetur
954 2266 1045 2332 orod-
1078 2288 1189 2336 tontra
1207 2270 1336 2334 iudicem
1351 2273 1421 2349 Ltg.
1439 2290 1466 2332 κ.
1488 2271 1549 2336 card
1566 2271 1603 2336 de
1618 2288 1702 2349 prena
1720 2269 1851 2338 Mo&

276 2357 316 2422 dr
333 2375 392 2420 ret.
410 2361 567 2433 patruini.
1081 2353 1231 2427 principio
1249 2345 1380 2431 Instituit.
1401 2353 1440 2416 de
1452 2349 1569 2430 obligat.
1586 2354 1669 2430 quast
1682 2370 1721 2416 ex
1734 2350 1849 2419 delicto

318 2434 468 2500 venditor
487 2433 576 2496 bone
596 2429 667 2496 fidei
684 2427 788 2495 liatim
802 2429 885 2495 aelia
900 2446 1047 2493 movetur
1083 2445 1111 2511 3.
1133 2431 1207 2498 Non
1224 2448 1347 2495 tenetur
1370 2431 1493 2508 qnando
1518 2429 1641 2508 emptor
1661 2435 1851 2497 contumati-

228 2583 233 2592 ,
274 2518 410 2594 emptori
428 2514 465 2577 ad
486 2532 550 2576 rem
576 2510 775 2598 evincendam
798 2557 807 2588 ,
833 2528 959 2576 tenetur
977 2528 1048 2572 eum
1081 2531 1132 2576 ter
1148 2509 1246 2578 abluit
1267 2528 1405 2586 tempore
1424 2508 1587 2577 sententiae
1607 2511 1855 2590 pmmulgataeex

276 2593 458 2669 defendere,
477 2592 566 2656 litem
585 2592 617 2654 in
633 2587 663 2654 fe
680 2589 875 2668 assumendo,
889 2588 925 2658 ὃ(
946 2586 1046 2666 prose·
1081 2594 1213 2671 citlcap.
1223 2590 1251 2670 fi
1255 2590 1394 2656 venditor
1402 2611 1431 2671 7.
1452 2589 1853 2672 quit,aitVulpianuaLeg.

276 2673 399 2755 qnando
418 2675 543 2750 propriis
566 2667 854 2747 expensis,tametsr
879 2668 1049 2747 specialiter
1075 2671 1181 2750 fiidto
1193 2692 1239 2759 55.
1258 2673 1407 2760 principio
1427 2670 1562 2759 decurri.
1581 2670 1673 2751 magis
1689 2671 1771 2736 taini
1787 2690 1856 2750 pro·

277 2757 317 2822 ad
337 2754 395 2818 hoc
423 2748 453 2816 fe
479 2772 541 2817 non
560 2750 769 2826 obligaverit.
793 2752 868 2813 Dixi
898 2766 1048 2813 notanter
1078 2749 1676 2830 purcisenlrameurilasvrdeiurqm
1694 2753 1773 2828 qaod
1788 2774 1855 2815 ara·

274 2834 357 2914 rprud
374 2830 513 2897 venditor
531 2829 610 2896 bone
621 2829 696 2908 fidei
719 2841 854 2895 teneatur
867 2830 951 2894 litem
973 2827 1049 2908 adu·
1080 2833 1141 2895 ianr
1159 2831 1283 2910 causam
1301 2825 1420 2893 habuit.
1438 2854 1464 2908 4.
1478 2829 1551 2894 Non
1569 2848 1715 2908 tenetur,
1731 2834 1854 2907 quanm

277 2933 378 2990 tuere,
393 2911 434 2979 sd·
452 2923 609 2990 emptore»
628 2905 886 2989 defendundum
902 2912 1048 2974 venditor
1082 2929 1204 2989 emptor
1221 2930 1286 2975 rern
1303 2908 1495 2986 prael‘cribere
1511 2912 1610 2986 potuit
1630 2909 1854 2992 Lepfidc'ilm

277 2995 368 3063 malz
400 2991 498 3071 fidei,
522 2991 577 3059 seu
601 2994 653 3069 qui
674 2988 803 3056 scienter
827 3012 891 3056 rem
909 2988 1046 3055 alienam
1083 2994 1132 3070 56.
1153 2992 1209 3070 &fi
1220 2986 1415 3134 cmpogetls.
1436 2988 1474 3055 de
1489 2986 1578 3056 tedii.
1597 3010 1625 3069 5.
1639 2990 1716 3055 Non
1728 2977 1856 3055 -tenetuf

277 3074 450 3151 vendidit,
484 3074 590 3150 nequit
623 3090 694 3137 tuta
731 3069 919 3139 conscientia
957 3069 1046 3136 litem
1083 3073 1205 3148 errando
1220 3071 1289 3148 ipso
1309 3091 1326 3135 a
1349 3074 1433 3136 lente
1447 3089 1570 3150 emptor
1585 3070 1856 3149 nonappellavite

278 3156 426 3223 assumere
441 3201 451 3232 ,
482 3172 517 3219 ac
542 3172 605 3217 rem
622 3147 805 3233 defendere,
832 3146 881 3217 sed
903 3170 968 3216 rem
986 3148 1049 3214 sine
1082 3149 1317 3230 sententiaLeg.
1330 3148 1535 3232 llermius63.
1548 3151 1652 3231 aquia
1667 3147 1700 3215 is.
1715 3148 1854 3218 dervi&

279 3238 335 3303 lite
365 3251 489 3299 tenerur
517 3230 677 3297 restituere
702 3239 827 3310 proprio
853 3231 996 3307 domino,
1015 3228 1048 3294 or
1084 3231 1175 3309 Quod
1191 3230 1423 3311 intelligendum
1441 3231 1504 3309 eli,
1524 3228 1579 3295 nili
1602 3228 1761 3297 manifesse
1777 3234 1855 3298 ellat

277 3317 466 3397 pretiumae
488 3311 629 3379 intercise
655 3316 785 3387 emptori
805 3311 953 3393 decepto,
973 3312 1046 3400 leg.
1085 3311 1199 3387 iuliitia¹
1217 3311 1382 3377 sententiar
1399 3310 1546 3390 pmlatae,
1562 3309 1597 3378 ἀ
1617 3311 1856 3378 connection

271 3386 383 3479 smus
405 3408 452 3473 go
485 3400 512 3459 5.
536 3391 677 3472 fistitns
696 3390 729 3457 ff.
759 3393 797 3457 dt
815 3394 921 3460 ailina.
948 3404 1047 3470 empti.
1085 3409 1229 3471 tenetur,
1253 3392 1373 3468 quando
1386 3410 1508 3471 emptor
1529 3393 1616 3456 litem
1631 3410 1754 3458 motam
1768 3390 1855 3457 deffi-

277 3476 426 3545 Veuditor
447 3491 553 3540 tamen
570 3475 658 3537 bonae
677 3472 747 3537 fidei
767 3494 832 3537 non
863 3491 990 3539 tenetur
1012 3472 1049 3535 li·
1084 3476 1142 3539 niri
1167 3471 1298 3550 permisit
1319 3470 1517 3548 perindicem
1533 3472 1701 3550 arbitrum,
1718 3474 1854 3550 adquem

276 3575 341 3625 tem
361 3556 529 3631 enomere,
546 3552 581 3618 dt
599 3571 769 3628 emptorem
788 3549 975 3629 defendere,
994 3550 1048 3616 nist
1082 3557 1219 3633 cognitio
1238 3552 1350 3623 carrlia
1371 3571 1433 3617 noo
1449 3548 1601 3632 fpestabat
1620 3558 1691 3634 dep.
1703 3554 1854 3634 fidiliter·

276 3637 433 3716 postquam
451 3651 572 3709 emptor
603 3632 740 3709 legitime
767 3634 796 3695 ei
816 3632 1049 3697 denuntiaverit
1085 3637 1131 3713 56.
1152 3641 1182 3700 ς.
1212 3632 1233 3694 fr
1259 3629 1474 3711 compromiserb
1494 3629 1527 3695 ff.
1548 3637 1586 3695 de
1607 3637 1700 3701 witi.
1732 3651 1760 3712 7.
1777 3635 1854 3699 Non

275 3717 366 3782 litem
390 3713 443 3778 sibi
461 3716 522 3777 elle
540 3730 660 3777 motam
681 3717 752 3799 με.
771 3706 890 3790 em'pior.
912 3710 952 3780 (7
972 3717 1048 3793 Leg.
1085 3731 1229 3790 tenetur,
1244 3712 1493 3788 quandoemptor
1510 3709 1562 3776 fua
1573 3715 1661 3788 culpa
1679 3712 1778 3778 amisit
1788 3714 1858 3795 pos7

273 3798 367 3876 empti
387 3791 461 3861 adiro
489 3792 548 3859 cod
574 3791 610 3855 de
635 3794 727 3877 ford.
758 3790 820 3857 &o
852 3793 1048 3856 Denunciare
1084 3789 1257 3863 sessionem:
1283 3792 1471 3855 undeexreo
1490 3788 1583 3857 saeos
1604 3791 1684 3856 affor
1697 3794 1854 3860 ceciditin

274 3878 434 3943 venditori
456 3873 543 3934 litem
562 3871 623 3933 elie
644 3889 762 3937 motam
777 3876 809 3935 in
826 3873 891 3937 iure
908 3872 986 3935 idern
1006 3869 1047 3937 eil
1084 3871 1215 3936 caussam
1234 3874 1433 3949 proprietatis
1453 3876 1524 3950 Leg.
1540 3875 1568 3951 fi
1582 3891 1644 3936 rem
1663 3895 1752 3952 quam
1767 3870 1800 3938 ff·
1817 3874 1855 3941 de

274 3976 311 4024 ac
331 3950 642 4027 laudareaudiorem,
659 3948 729 4014 idell
755 3952 949 4015 venditorem
974 3954 1047 4031 Leg-
1084 3952 1184 4017 evici.
1201 3951 1235 4015 ·8.
1258 3952 1389 4029 Quando
1416 3969 1535 4028 emptor
1565 3969 1702 4030 tempore
1726 3959 1855 4032 emptio·

272 4039 392 4105 cufim
411 4032 529 4097 laudale
544 4049 574 4111 1.
591 4030 656 4096 cod.
679 4032 715 4095 de
735 4032 827 4097 eviii.
849 4033 980 4095 Romani
993 4052 1050 4095 vo·
1083 4034 1132 4093 his
1149 4030 1259 4096 sciebat
1282 4053 1345 4096 rem
1360 4031 1422 4096 ell'e
1443 4032 1596 4111 alienam,
1617 4031 1670 4095 nisi
1687 4032 1784 4099 adhuc
1800 4057 1854 4100 ex·

272 4114 386 4182 cabant
407 4112 556 4179 auiiorem
576 4132 681 4179 eume
697 4132 758 4188 quo
778 4114 844 4187 quis
865 4115 911 4175 ius
925 4112 1048 4186 aliquod
1084 4112 1182 4189 prelie
1203 4131 1391 4179 conventum
1418 4107 1629 4190 fuerim-quod
1652 4116 1794 4181 venditor
1812 4118 1851 4187 de

272 4193 329 4261 seu
348 4192 482 4259 caussam
503 4188 663 4269 possidendi
684 4189 794 4269 aliquid
815 4189 1047 4277 habebar,1teg.
1080 4189 1236 4257 eviflione
1256 4212 1419 4261 teneatur·
1437 4210 1467 4273 9.
1486 4193 1561 4261 Nun
1583 4212 1709 4261 tenetur
1726 4198 1851 4274 quando

275 4280 347 4352 κός.
367 4277 403 4339 de
425 4273 518 4353 repul.
541 4276 636 4337 iuris.
664 4272 818 4357 legitime
840 4291 916 4337 vero
935 4270 986 4341 leu
1010 4276 1050 4334 ri·
1083 4290 1122 4335 err
1159 4272 1255 4341 essum
1273 4269 1331 4345 fuit
1347 4276 1380 4335 in
1400 4272 1579 4354 contttfiu,
1598 4294 1636 4340 ut
1655 4276 1853 4343 deevidlioue

273 4374 313 4422 te
332 4353 372 4419 fit
394 4352 646 4429 ralie'laudatio,
664 4354 714 4419 leu
739 4354 932 4417 renunciatio
948 4349 1049 4418 austo-
1085 4357 1148 4430 ipe
1170 4355 1314 4423 venditor
1334 4373 1397 4417 non
1412 4369 1579 4434 teneatur,
1594 4377 1655 4433 quo
1675 4360 1766 4422 unico
1781 4358 1853 4424 casu

272 4438 323 4511 ri,
345 4433 419 4503 ideli
437 4435 615 4510 venditori,
632 4431 753 4509 qnando
769 4434 817 4497 hie
837 4433 973 4509 exprelle
1002 4454 1047 4497 re·
1086 4450 1209 4511 tamen,
1229 4431 1249 4497 sl
1271 4454 1332 4499 oon
1350 4431 1388 4497 de
1408 4432 1579 4514 eviilione,
1600 4457 1657 4502 nee
1681 4436 1718 4502 de
1742 4440 1855 4505 damno

272 4518 409 4591 quiritur
425 4512 463 4578 ab
482 4530 641 4589 emptore,
659 4529 694 4575 ut
716 4515 824 4579 veniat
833 4533 955 4589 remque
965 4510 1049 4577 suam
1086 4512 1120 4577 dt
1136 4512 1281 4577 interesse
1303 4531 1474 4593 tencatur,
1499 4535 1624 4581 tenerur
1646 4536 1751 4582 tamen
1775 4514 1855 4585 satia

250 4592 443 4673 ‘defendam
462 4592 495 4659 &
514 4594 560 4657 liti
578 4609 675 4657 motae
696 4590 830 4670 assiliat,
851 4597 896 4658 ita
910 4594 1048 4659 commu·
1084 4596 1130 4657 ‘rei
1147 4592 1297 4659 evifiione
1322 4595 1447 4657 reddere
1467 4599 1595 4673 pretium
1616 4602 1746 4676 emptori
1766 4647 1775 4678 ,
1795 4596 1855 4664 nist

274 4679 359 4743 nitet
374 4697 447 4739 cum
474 4673 595 4738 Molina
616 4708 627 4750 ς
648 4671 876 4751 Covarruvias,
895 4672 998 4739 Abbas
1018 4678 1050 4736 in
1087 4676 1184 4736 etiam
1214 4673 1278 4738 baec
1300 4673 1450 4751 obligatio
1477 4678 1613 4750 expresse
1637 4683 1669 4740 in
1694 4679 1855 4744 contraibit

273 4759 326 4823 cit.
346 4775 412 4831 cao·
431 4757 459 4836 fi
475 4751 628 4819 vendicet
646 4774 730 4817 num.
751 4768 776 4829 3·
798 4751 861 4819 &o
1087 4769 1221 4829 excepta
1245 4748 1347 4816 fuisset
1357 4762 1380 4826 ,Ι
1386 4771 1422 4816 ut
1447 4775 1485 4817 ex
1506 4761 1578 4835 Reg.
1601 4757 1651 4837 85.
1672 4756 1750 4823 iuris
1775 4761 1807 4823 ia
1823 4762 1852 4821 6.

221 4840 261 4957 x
315 4836 467 4901 Venditor
491 4835 581 4899 bouae
613 4830 686 4928 fidei
711 4833 846 4976 pingitur
878 4833 922 4903 in,
937 4829 1049 4898 cafinns
1087 4832 1496 4929 contrafsusincoarieair'one
1511 4836 1598 4917 segem
1612 4837 1737 4916 accipere
1756 4838 1856 4934 dr'gao·

221 4935 482 5087 pll'iilll
497 4913 898 5073 lllzlllilislli
911 4932 1048 5069 lilii,
1079 4914 1856 5082 {llll-,ini,llilii‘.illil⁶lie5¹illli

221 5114 251 5155 rr
266 5082 299 5153 θ’
317 5099 380 5145 uon
401 5076 602 5143 denunciavit
622 5074 689 5141 litia
706 5076 879 5149 motionem
900 5066 988 5151 super
1015 5091 1050 5137 re
1085 5070 1121 5137 de
1141 5070 1230 5151 dolo,
1245 5072 1280 5141 dt
1298 5076 1443 5143 intereile
1454 5074 1491 5143 dt
1507 5079 1756 5154 pretimrtotiun
1772 5077 1856 5144 rasti·

325 5222 331 5231 ·
1748 5177 1817 5226 tue·
