4425 6000
514 528 718 602 Tnaor.
757 515 821 600 os
860 524 1334 604 coertionem.
1361 518 1496 600 xvlts
1535 551 1541 565 ·
1676 541 1747 629 '303

232 630 395 711 disponere
415 631 531 704 poterit
555 627 591 689 de
612 625 794 691 hereditate
817 625 867 691 vel
890 626 926 689 ad
950 628 1000 703 pia
1035 629 1192 693 Arenatiis
1207 625 1240 692 dc
1260 627 1365 690 Minis
1385 623 1416 687 se
1431 623 1609 691 associavit.
1637 643 1682 689 tt.
1698 631 1729 691 Si
1746 628 1801 694 ali·

234 732 349 789 opere,
370 708 420 771 vel
445 707 482 771 ad
499 706 652 784 prophana
676 723 768 783 prout
796 705 941 780 libuerit,
961 725 999 769 eo
1035 712 1082 773 cui
1103 728 1142 771 ex
1164 705 1246 771 distis
1267 703 1439 781 parentibus
1455 707 1575 771 volenti
1605 702 1666 771 suat
1697 708 1770 772 lilia:
1791 740 1803 785 ·,

236 795 308 869 quia
322 790 400 853 bona
421 785 474 849 sua
489 786 719 865 consanguineis
743 805 804 848 non
830 783 888 848 sint
918 785 1000 847 debi·
1037 788 1085 853 vel
1103 790 1208 865 nepoti
1231 788 1379 849 maritum
1397 782 1469 849 dare
1490 834 1499 861 ,
1522 785 1556 852 dt
1582 783 1684 850 dotem
1699 784 1804 851 secun·

243 867 599 945 ta‚‘quancloquidems
624 884 659 930 ut
690 863 882 942 supponimus
907 863 1000 938 lnon
1034 871 1106 932 dum
1136 870 1217 930 vires
1242 861 1301 929 soae
1330 862 1505 930 substantiae
1535 886 1589 943 pto
1613 885 1649 928 ea
1698 866 1805 932 raesla·

241 950 312 1013 sunt
333 946 508 1011 vinculata.
827 1021 830 1028 Ι
967 991 970 996 -
1035 968 1087 1022 re,
1110 946 1162 1010 illa
1179 966 1242 1010 non
1255 942 1459 1019 consenserit,
1480 941 1529 1007 sed
1551 889 1739 1010 luxuriosam
1755 949 1804 1010 vi·

181 1048 226 1104 aa
279 1028 374 1091 Circa
393 1045 468 1090 vero
492 1026 674 1104 legitimam,
694 1046 762 1101 quae
785 1044 824 1089 ex
846 1022 1000 1087 communi
1036 1046 1101 1091 tam
1118 1025 1229 1088 ducere
1247 1025 1391 1103 elegerit·
1424 1042 1472 1087 ta.
1497 1025 1528 1088 Si
1560 1025 1643 1088 liberi
1665 1031 1802 1102 parents-

195 1115 224 1165 tu
244 1110 310 1173 iure
325 1126 409 1171 novo
425 1107 686 1171 Autheoticantm
702 1104 776 1169 filiis
789 1103 937 1181 debetur,
959 1099 1002 1164 ell
1035 1106 1088 1170 bus
1110 1108 1140 1167 in
1157 1101 1290 1168 littorem
1310 1152 1318 1181 ,
1348 1104 1397 1166 rel
1414 1103 1598 1170 dementiam
1615 1103 1700 1181 lapsis
1718 1099 1803 1171 oble·

177 1186 579 1266 responsoriororum,
599 1206 667 1263 quae
684 1187 716 1247 in
742 1182 924 1248 testamento
948 1200 1003 1244 ne·
1036 1189 1158 1263 quium,
1179 1182 1211 1249 dt
1233 1204 1339 1248 curam
1358 1204 1425 1247 com
1465 1200 1582 1250 tentem
1597 1185 1802 1261 nonpraebue·

177 1257 224 1359 μζ·
245 1266 373 1335 cellario
392 1266 480 1330 debet
493 1268 624 1342 relinqui
639 1261 1002 1354 lraeredibusneceslariis,
1038 1270 1099 1328 rint
1115 1313 1124 1343 ,
1141 1284 1161 1327 a
1177 1263 1352 1339 patentibus
1368 1264 1404 1326 ad
1437 1268 1588 1329 anitatem
1604 1264 1804 1331 redeuntibus

177 1384 217 1425 m
245 1349 418 1423 nempeiis,
434 1348 483 1424 qui
496 1348 546 1408 vel
560 1345 702 1424 iure,vel
715 1364 766 1421 per
777 1344 847 1422 legis
864 1340 1003 1418 posttrvae
1038 1342 1222 1409 exhaeredari
1251 1341 1391 1421 possunt.
1414 1359 1461 1424 ις.
1489 1346 1521 1408 Si
1548 1345 1631 1411 liberi
1659 1341 1813 1422 parentet*

177 1470 181 1490 .
244 1425 466 1504 dispositionem
482 1448 541 1487 non
561 1426 683 1502 possunt
700 1427 829 1487 omnino
838 1421 957 1485 excludi
969 1417 1006 1482 ab
1039 1429 1069 1487 in
1085 1425 1272 1502 captivitate
1292 1422 1423 1487 bostium
1438 1423 1579 1489 detentos
1598 1427 1806 1490 nonredeme·

247 1505 445 1579 lraereditate,
462 1504 581 1569 &italis
598 1503 640 1567 est
656 1504 731 1567 ordo
748 1503 845 1579 qimad
862 1503 1006 1579 legitimas
1040 1507 1103 1568 rint
1122 1527 1133 1579 ,·
1151 1505 1215 1566 imo
1230 1501 1292 1580 ipso
1309 1506 1374 1567 iure
1393 1503 1653 1580 exhaeredantur,
1684 1504 1805 1583 ipsaque

245 1589 439 1666 portionem,
462 1604 568 1662 nempe
584 1602 671 1661 pass?
685 1585 735 1659 qui
764 1584 852 1645 habet
875 1597 1007 1656 quatuor
1041 1583 1201 1648 hareditas
1225 1604 1279 1660 pro
1306 1584 1513 1659 redemptione
1546 1584 1725 1661 applicanda
1752 1584 1806 1646 de-

243 1665 343 1743 fill’ffi,
364 1664 415 1727 vel
434 1668 610 1742 tames,
632 1681 756 1726 tenetur
775 1660 910 1724 dividere
927 1662 1007 1721 intes
1042 1664 1183 1729 volvitur
1203 1662 1240 1725 ad
1261 1662 1422 1726 Ecclesiam
1442 1661 1511 1727 casu
1526 1685 1588 1739 orto
1603 1683 1691 1741 pater
1707 1661 1808 1727 intall

246 1746 315 1809 illos
339 1747 464 1808 tertlam
493 1762 611 1817 partem
636 1740 755 1807 suorum
780 1741 928 1804 bonorum
949 1784 957 1800 ·
977 1738 1006 1799 Si
1040 1745 1225 1820 captivitate
1244 1746 1396 1806 moriatur
1411 1739 1473 1805 stne
1494 1744 1694 1808 testamento.
1719 1744 1807 1822 14.Ss

243 1844 324 1889 veto
342 1823 454 1887 lrabeat
473 1826 572 1899 plures
587 1843 677 1898 quam
693 1837 846 1898 quatuor,
866 1817 1006 1882 debetdi·
1043 1824 1143 1905 proles
1162 1843 1225 1884 non
1247 1822 1289 1897 sit,
1302 1821 1471 1887 catholica.
1490 1824 1607 1888 Praeter
1623 1822 1677 1887 has
1687 1824 1807 1887 caussas

248 1905 351 1969 videre
367 1906 448 1966 inter
472 1923 522 1966 eos
547 1901 744 1965 medietatem
773 1899 892 1963 suorum
914 1897 1008 1962 bono·
1042 1904 1126 1968 nulla
1141 1901 1183 1965 esl
1204 1902 1283 1977 alit,
1301 1902 1342 1965 ob
1360 1923 1451 1976 quarn
1472 1901 1581 1980 possint
1602 1921 1745 1978 parentes
1773 1900 1808 1963 fi·

246 1982 440 2061 rum,&de
461 1982 577 2057 reliquo
594 2001 648 2055 pro
669 1980 755 2043 lib³tu
771 1979 812 2042 dil
854 1995 1007 2055 nerepot·
1043 1985 1097 2046 lios
1114 1980 1308 2046 exhaeredare
1324 1982 1530 2059 Novellrtr.
1550 1999 1610 2059 cap.
1648 1985 1710 2044 ‚in
1727 1986 1807 2059 prin·

242 2062 289 2138 ell
303 2110 313 2141 ,
328 2061 478 2127 Authent.
494 2061 532 2125 dr
552 2061 641 2123 trien.
661 2058 704 2146 s?
720 2059 796 2139 semi
817 2104 824 2120 .
842 2064 869 2125 s.
889 2078 916 2120 r.
933 2075 960 2117 2.
974 2056 1007 2117 ln
1041 2067 1139 2139 cipio,
1160 2061 1210 2124 ubi
1231 2060 1270 2123 sic
1293 2086 1303 2123 .-
1323 2061 1417 2126 Nulli
1431 2060 1520 2126 liceat
1550 2081 1588 2125 ex
1603 1997 1663 2124 usta
1681 2062 1741 2143 lege
1759 2062 1805 2123 in·

238 2142 305 2206 stoc
328 2159 429 2205 tamen
459 2141 652 2204 attendendae
677 2143 746 2205 lunt
772 2140 850 2219 leges
881 2139 1009 2201 munici-
1037 2139 1210 2225 gratudt'nis
1230 2138 1338 2221 truffas
1358 2158 1494 2232 apponere
1512 2189 1521 2216 ,
1536 2140 1591 2221 nifi
1610 2162 1675 2219 με
1695 2144 1726 2204 in
1747 2142 1805 2202 bu·

244 2220 331 2299 pales
346 2215 633 2297 consuetudinesque
653 2220 807 2283 lotorum.
1043 2226 1089 2284 ius
1103 2219 1325 2298 constitutionis
1339 2218 1416 2299 serre
1438 2221 1639 2285 continentur.
1672 2220 1721 2284 lta
1737 2221 1805 2284 Μο-

288 2297 373 2362 Dina
395 2317 497 2363 tamen
517 2296 554 2362 de
574 2302 715 2376 portione
745 2300 882 2379 legitima
909 2295 1008 2360 liberis
1046 2303 1126 2376 lina,
1148 2302 1239 2363 Perez
1261 2302 1387 2376 aliique.
1404 2300 1509 2375 Quare
1530 2299 1549 2362 st
1567 2300 1651 2364 liberi
1667 2298 1729 2362 stne
1748 2320 1805 2363 ex·

240 2377 346 2443 'danda
374 2378 472 2442 locum
497 2398 558 2443 non
582 2378 694 2443 babent
719 2378 774 2441 nist
796 2375 1011 2443 tantummodo
1044 2382 1142 2460 pressa
1159 2382 1295 2455 parentis
1318 2378 1566 2456 dispensatione,
1590 2378 1805 2458 permissone,
1901 2397 1904 2404 ·

241 2460 281 2521 'in
297 2459 383 2523 bonis
405 2461 557 2537 privatis,
578 2478 639 2523 non
657 2479 733 2522 vcro
755 2463 785 2521 in
803 2455 1009 2537 Regnis,'Du·
1044 2462 1094 2527 l'eu
1107 2453 1252 2524 consensu
1270 2508 1279 2537 ,
1296 2460 1344 2524 vel
1361 2478 1472 2525 contra
1492 2457 1659 2538 expressam
1677 2456 1810 2538 ipsorum
1839 2521 1845 2538 ¹.
1868 2492 1870 2498 ·

224 2538 387 2615 ratibus,
407 2536 442 2603 dt
460 2537 665 2602 comitatibus
678 2539 866 2617 Magnarum
880 2555 956 2628 quae
977 2536 1009 2595 in
1046 2541 1240 2607 voluntatem
1264 2541 1495 2605 matrimonium
1529 2540 1715 2604 contrahant
1740 2559 1817 2603 tum·

254 2616 401 2696 Plerisque
415 2620 581 2683 Provinciis
597 2617 635 2683 «sd
660 2621 755 2694 ptimo
773 2621 892 2682 “situm
917 2616 1010 2693 perti·
1045 2618 1171 2685 bonella
1190 2667 1199 2695 ,
1216 2638 1280 2684 non
1299 2620 1421 2699 possunt
1452 2636 1573 2697 propter
1592 2621 1650 2684 hoc
1675 2617 1813 2683 ertlrtere·¹

244 2715 351 2774 nent,
370 2696 516 2779 assignata
530 2716 634 2764 tamen
650 2699 715 2764 aliis
733 2699 751 2760 li
793 2701 833 2761 ris
849 2694 1009 2760 sufficienti
1046 2702 1111 2763 dari
1128 2700 1200 2779 seg.
1218 2718 1284 2763 cuin
1301 2699 1673 2778 tecod.deinoffic.tesant
1691 2698 1812 2762 Concil.

248 2776 470 2842 sustentatione
487 2798 542 2855 pro
555 2775 764 2842 conservanda
781 2777 933 2855 dignitate
951 2772 1009 2836 lla·
1047 2778 1135 2842 Tris.
1158 2777 1280 2859 selsaq.
1301 2778 1340 2843 de
1359 2774 1476 2859 reform.
1492 2779 1631 2842 Matrim.
1651 2781 1723 2850 ottia
1734 2776 1811 2841 nulli

246 2874 319 2935 tut,
333 2856 366 2921 dt
384 2854 507 2924 familie
538 2855 616 2923 suae.
644 2860 923 2937 Legitimum,
944 2871 1011 2927 <luae
1047 2855 1122 2923 satit
1139 2858 1302 2935 iniuriam,
1317 2861 1366 2934 qui
1388 2860 1486 2920 utitur
1506 2861 1571 2920 iure
1592 2854 1732 2935 suoLeg.
1745 2863 1814 2935 1152

248 2937 416 3004 necessario
427 2936 653 3004 ascendentibus
664 2938 790 3014 relinqui
801 2935 1012 3013 debet,quan·
1042 2936 1128 3021 με
1147 2955 1207 3018 reg.
1229 2936 1326 3014 ipris..
1348 2937 1397 3002 sic
1411 2936 1543 3015 clarus,
1562 2936 1681 3013 Assar,
1697 2936 1815 3002 covar-

247 3017 289 3081 do
305 3037 367 3082 non
385 3036 499 3083 errant
516 3019 748 3096 descendentes,
773 3019 839 3079 iure
857 3015 1012 3078 communi
1048 3021 1153 3084 mvsa,
1176 3065 1185 3096 ‚
1210 3016 1337 3093 aliique.
1362 3016 1427 3083 {mo
1443 3016 1629 3082 exhaefedapi
1657 3030 1817 3095 nequeunt

249 3116 313 3159 non
342 3095 386 3160 est
414 3099 636 3164 determinata.
665 3096 823 3163 Ceterum
851 3090 1014 3157 secundum
1047 3096 1165 3162 etiamsi
1192 3099 1377 3164 contrahant
1407 3118 1477 3162 cum
1500 3096 1626 3174 persona
1659 3094 1817 3161 inhonesta

245 3173 387 3241 Glossam
403 3183 610 3242 communiter
635 3195 788 3254 receptam
813 3179 843 3237 in
863 3173 1013 3239 Authent.
1048 3179 1081 3245 dc
1099 3178 1224 3258 indigna
1243 3195 1354 3242 contra
1371 3177 1568 3242 voluntatem
1577 3195 1737 3255 parentum
1757 3178 1815 3242 cit.

248 3253 359 3336 noviss·
384 3258 445 3322 tud.
470 3259 505 3322 de
533 3258 635 3403 t'ngjlt.
665 3259 773 3337 tesiam·
802 3270 912 3333 quarti
946 3272 1014 3330 9³1⁵
1049 3257 1178 3323 Novell.
1199 3276 1265 3336 115.
1294 3275 1353 3335 cap.
1373 3273 1400 3335 3.
1433 3260 1463 3320 in
1485 3256 1819 3336 princip-secunaum

247 3334 423 3415 montom,
453 3337 488 3403 ὅ(
504 3346 559 3413 'po
587 3359 621 3402 ea
648 3343 740 3401 tertia
764 3334 808 3400 ell
838 3332 981 3414 assignata
1004 3375 1013 3393 ·
1051 3358 1155 3403 tannen
1179 3336 1284 3400 Edisla
1295 3339 1462 3412 aliquorum
1481 3336 1615 3402 locorum
1634 3387 1642 3414 ,
1663 3338 1819 3402 ut'Bava·

249 3412 335 3479 Talis
361 3433 466 3481 autern
485 3420 620 3494 legitima
646 3421 748 3494 portio
774 3413 903 3490 relinqui
923 3413 1014 3476 debet
1050 3421 1102 3483 riae
1120 3415 1272 3482 &Gaslsae
1294 3419 1443 3494 praecipue
1454 3416 1771 3493 possuntexlraeredarl
1784 3414 1821 3480 fi·

245 3493 390 3560 omnibus
412 3495 587 3574 supradtsstr
611 3496 780 3561 haeredibus
796 3495 964 3558 necessariis
979 3489 1014 3553 sa·
1051 3498 1111 3576 lia,
1128 3494 1149 3558 st
1164 3508 1295 3571 anteat.
1306 3510 1439 3570 annum,
1455 3495 1694 3562 &filiusstante
1703 3511 1749 3575 30.
1762 3516 1822 3559 nu·

250 3594 291 3638 ¹¹⁸
305 3575 372 3640 “¹¹⁰
387 3595 500 3654 θῐὶθῐθ,
525 3576 559 3641 &
575 3579 776 3657 ὅῐῖνΰῐῦῑῦθί
802 3573 937 3648 allOsulss
964 3590 1012 3647 rp-
1050 3579 1124 3641 bant
1134 3581 1244 3640 contra
1259 3573 1435 3638 consensum
1445 3594 1607 3652 parentum
1623 3595 1685 3639 non
1696 3582 1821 3639 tantum

250 3649 348 3733 posita
371 3673 490 3732 onera,
519 3655 753 3733 &gravamina
781 3652 932 3714 habentur
960 3670 1015 3725 pro
1052 3652 1220 3718 inhoneste
1237 3653 1387 3730 personae,
1404 3652 1452 3716 sed
1471 3658 1566 3718 etiam
1587 3653 1745 3731 inaequali.
1772 3653 1821 3717 lta

247 3755 346 3801 nona
370 3731 474 3810 postris
490 3732 561 3813 Leg'.
578 3733 727 3815 Quoniam
742 3730 778 3794 de
797 3730 1015 3809 inoffensam·
1050 3735 1163 3799 Pontus
1184 3733 1268 3796 verb.
1292 3738 1425 3796 matrim.
1442 3732 1511 3797 casu
1531 3749 1577 3796 ro.
1603 3733 1722 3797 Causlae
1740 3750 1818 3797 vero
1865 3759 1962 3815 emp,

229 3882 231 3887 ,
286 3813 318 3878 Τ
383 3830 435 3876 tor
451 3810 529 3877 iusta
545 3814 774 3876 interveniente
794 3808 896 3872 caussa
913 3808 1014 3870 exltae-
1053 3810 1858 3893 legitimaeerrlraeredandiparentesaliolqueascemta
1878 3831 1958 3878 mm

177 3890 228 3931 ”⁶¹
246 3892 354 3958 redare
382 3890 478 3968 potest
504 3891 638 3956 ltaeredes
665 3889 842 3954 necessarios
870 3906 938 3952 tum
969 3888 1018 3950 de*
1052 3893 1158 3957 dentes
1178 3887 1251 3955 osto
1267 3909 1461 3970 apponuntur
1483 3898 1515 3956 in
1534 3897 1588 3957 cir.
1612 3892 1738 3958 Novell.
1752 3909 1818 3970 115.
1834 3905 1866 3942 ⁶⁸
1887 3905 1942 3966 3¹²-

177 3960 210 4059 ξ.
243 3970 424 4037 {tendentes
445 3988 511 4036 tum
524 3969 731 4059 ascendentes,
755 3968 898 4061 videlicet
913 3969 1018 4031 obeo-
1051 3990 1113 4053 cup.
1136 3995 1165 4053 4.
1182 3990 1290 4048 nempe
1309 3990 1335 4034 r.
1356 3969 1377 4033 sr
1400 3991 1543 4046 parentes
1563 3974 1671 4039 liberos
1698 3970 1767 4036 suos
1783 3969 1821 4036 ad
1829 3955 1963 4068 “lim“

177 4068 226 4120 ter
244 4055 483 4129 rrrmcrimina;
503 4050 537 4118 ὅ(
556 4048 668 4116 caussas
688 4048 946 4115 exhaeredationis
965 4044 1019 4110 lta·
1054 4057 1215 4117 interitum
1236 4057 1314 4115 vstae
1333 4051 1540 4116 tradiderunt.
1573 4074 1603 4116 2.
1625 4052 1655 4116 Si
1676 4055 1823 4131 venenis,
1855 4034 1886 4069 ‘⁸
1934 4049 1944 4066 ⁰

177 4131 361 4196 nudemur
382 4133 412 4192 in
432 4131 527 4196 Autlr.
549 4144 584 4197 nt
604 4148 670 4196 turn
698 4131 735 4194 dr
797 4127 898 4208 pellat.
916 4145 1019 4216 *rogno-
1055 4149 1110 4197 aut
1130 4129 1319 4210 maleficiis,
1351 4148 1405 4196 aut
1434 4131 1496 4198 alio
1519 4137 1611 4198 modo
1639 4135 1716 4197 vitae
1744 4131 1824 4197 filio·

243 4207 397 4291 scendi&
416 4210 641 4292 cauffurntttm
656 4211 752 4277 tollat.
795 4208 943 4272 ‚Caussae
966 4211 1020 4287 igi·
1054 4206 1349 4275 ruminlidiatilint·.
1366 4223 1397 4351 ᾖ.
1415 4211 1444 4272 Si
1467 4209 1823 4290 paternorulsuae,aut

243 4309 303 4356 -ttrr
317 4291 531 4356 esrbaeredandi
557 4293 702 4381 legitima:
724 4287 940 4354 descendentes
950 4288 1019 4352 lunt
1053 4290 1230 4356 concubinae
1251 4289 1306 4352 filii
1334 4289 1394 4353 lee
1418 4291 1585 4357 carnaliter
1605 4289 1821 4355 immiscuerst.

248 4371 480 4449 quatuordecim
501 4419 509 4448 ,
536 4391 564 4436 r.
585 4375 606 4433 sr
626 4368 808 4436 descendens
828 4389 935 4432 manus
951 4371 1020 4434 vio·
1054 4394 1088 4457 4.Ι
1101 4372 1132 4432 si
1171 4388 1290 4434 arentes
1307 4369 1525 4448 prohibuerunt
1535 4369 1612 4438 filios
1629 4372 1697 4440 luos
1709 4373 1820 4436 conde·

249 4451 349 4516 lentas
377 4452 498 4526 botenti
520 4454 688 4515 iniecerit.
716 4470 747 4512 2.-
765 4451 949 4530 Sigravem
975 4452 1019 4511 in·
1056 4472 1089 4516 re
1110 4392 1327 4526 tellementum
1344 4450 1379 4513 de
1400 4449 1486 4514 rebus
1507 4449 1557 4515 sbi
1580 4452 1683 4518 tellarl
1702 4448 1825 4535 permis·

248 4531 361 4594 iuriam
380 4533 410 4593 ei
431 4530 605 4595 intulerit.
632 4545 660 4609 3.
681 4533 711 4592 Si
731 4529 932 4594 criminaliter
951 4547 1022 4590 eum
1055 4530 1109 4595 sis.
1137 4548 1161 4609 5.
1176 4530 1212 4593 Gi
1234 4546 1323 4607 patet
1344 4534 1433 4595 uxori
1454 4529 1514 4596 suae
1536 4581 1546 4610 ,
1577 4534 1641 4597 haec
1666 4531 1710 4595 ills
1729 4550 1824 4595 vene·

249 4608 460 4688 accusaverit,
477 4631 538 4675 non
555 4608 662 4675 veroli
682 4612 833 4674 civiliter.
855 4631 883 4689 4.
901 4609 931 4670 Si
952 4627 1022 4670 cum
1057 4633 1131 4674 num
1161 4610 1319 4686 praebeat,
1347 4628 1401 4674 aut
1431 4611 1512 4676 illius
1536 4617 1615 4677 vite
1645 4610 1824 4688 infidieturt

177 4716 180 4723 ·
248 4687 569 4754 ritaleficirverlatur.
601 4707 628 4766 5.
648 4690 679 4753 Si
702 4694 776 4756 vitae
799 4692 932 4767 parentis
954 4686 1020 4749 inst·
1058 4686 1155 4768 potell
1170 4692 1252 4751 enim
1272 4686 1352 4752 filius
1373 4708 1496 4767 propter
1513 4692 1580 4757 tale
1596 4692 1636 4758 lla
1659 4695 1749 4757 stium
1773 4709 1827 4768 pa·

186 4778 213 4853 ᾖ
248 4768 370 4840 diatur.
394 4771 422 4830 6.
444 4770 474 4831 Si
497 4789 662 4834 novercam
685 4769 770 4834 suam
791 4770 959 4835 carnaliter
973 4788 1022 4832 co·
1058 4788 1176 4835 rentem
1189 4788 1275 4831 reum
1290 4769 1503 4834 exheredare.
1521 4776 1550 4834 6.
1570 4772 1644 4849 Sili
1686 4766 1822 4847 roone!

177 4906 203 4935 Ἰ
246 4849 374 4927 gnovit.
406 4868 438 4931 7.
466 4848 497 4911 Si
513 4847 596 4914 filius
612 4854 755 4915 extiterit
772 4850 892 4914 delator
911 4849 1022 4913 contra
1058 4868 1207 4915 unumex
1227 4846 1272 4911 bis
1293 4851 1324 4912 in
1344 4845 1448 4914 surore
1468 4845 1695 4930 conssitutuni,
1715 4868 1824 4930 paren·

222 4956 227 5003 ;
246 4944 366 5003 natum
393 4950 465 4994 cum
494 4932 581 5009 gravi
603 4927 735 4994 eiusdem
765 4929 961 5006 praeiudicio.
992 4926 1020 4988 8.
1059 4947 1106 4995 tes
1125 4947 1233 4993 curare
1249 4929 1457 5008 neglexerint.
1476 4950 1503 5011 7.
1521 4934 1551 4996 Si
1570 4932 1654 4997 liberi
1666 4937 1704 4994 'in
1719 4929 1821 5006 capes

243 5004 275 5069 st
294 5027 351 5086 pro
368 5028 458 5089 patre
486 5005 604 5075 incluso
631 5007 712 5075 filius
732 5008 853 5075 recuset
869 5006 1016 5073 fideiube·
1036 5016 1154 5073 ·vitare
1168 5006 1288 5072 detenti
1307 5008 1503 5089 negliguntur
1525 5031 1543 5077 a
1566 5010 1771 5088 parentibus.-
1787 5007 1816 5071 8.

243 5104 293 5151 rer
309 5104 348 5168 ·9.
377 5089 408 5155 Si
437 5105 558 5168 patrem
585 5090 692 5157 resisti
716 5089 882 5168 impediar.
909 5085 1370 5168 tonsissparentetuonsrnt
1380 5087 1529 5158 catholici
1541 5091 1592 5172 ,dt
1602 5088 1817 5234 filsicrstbolics

373 5220 376 5225 -
1709 5187 1780 5236 Inte
