4425 6000
356 581 433 654 450
585 553 756 637 Tener.
785 580 841 630 ue
871 559 1122 631 Pnaceeris
1154 554 1365 624 Eccirsrie
1394 554 1494 624 Cui.
1523 555 1611 628 111:

306 648 342 720 ur
363 678 401 721 ex
423 655 540 720 Concil.
560 654 806 745 Cabllpumfia
829 677 889 732 quo
910 655 1075 731 reprelien·
1110 650 1142 716 ὅ(
1175 672 1241 728 quae
1270 672 1350 714 nunc
1385 671 1490 714 omues
1513 654 1656 733 obligant
1677 703 1687 733 ,
1711 658 1794 720 inter
1814 656 1871 734 quc

307 739 425 809 duntur
451 738 499 813 qui
532 736 569 800 ad
594 752 720 801 nonam.
740 740 889 800 ieiunium
917 735 1074 799 solvebant
1111 736 1294 818 praecipuum
1319 731 1420 794 locum
1446 729 1592 796 obtinent
1626 737 1781 799 ieiunium
1845 760 1870 801 a·

307 836 370 879 noo
388 815 547 891 experiari
558 815 630 881 bora
641 812 835 892 vespertina,
851 835 885 880 ut
896 817 984 879 docet
996 819 1073 879 Aio·
1110 811 1303 889 dragesimale
1319 811 1482 886 ,Quaruor
1497 811 1715 894 Temporum,
1731 814 1765 880 ἀ
1780 836 1818 893 po
1839 836 1869 883 ea

306 900 389 958 rius.
414 897 509 959 Nunc
537 914 641 960 autem
665 916 703 960 ex
723 891 942 960 consuetudine
964 895 1001 957 ab
1019 896 1085 957 lic·v
1110 911 1176 976 ‘1⁰3³
1200 892 1231 950 in
1257 890 1423 968 pervigiliis
1457 893 1611 955 maiorum
1641 894 1870 961 solenianum

305 975 393 1039 clesia
426 992 547 1053 recepta
574 994 693 1053 tempus
727 974 778 1038 seu
803 976 875 1039 liora
903 970 1074 1038 refesliouis
1111 972 1190 1032 iussa
1211 969 1476 1033 ltintcblcrvari.

306 1051 349 1116 est
369 1059 450 1119 circa
467 1057 622 1119 meridiem
643 1105 651 1132 ,
678 1076 745 1131 quae
765 1053 862 1132 potest
878 1055 997 1131 quidem
1017 1050 1072 1115 dis·
1150 1048 1301 1111 leiuuium
1321 1048 1587 1140 Qiiadragesimale
1607 1051 1683 1116 licet
1703 1051 1908 1134 abipsisEcssui

305 1130 376 1198 ferri
398 1156 453 1208 pro
471 1132 561 1200 libitu
584 1133 674 1213 usque
694 1136 732 1198 ad
752 1136 859 1198 horam
877 1137 1002 1198 tertiam
1025 1155 1075 1208 po·
1108 1125 1205 1193 clefiae
1234 1131 1402 1204 primordiis
1428 1130 1609 1193 observetur
1636 1179 1646 1208 ,
1677 1132 1756 1196 nihii
1783 1132 1908 1212 tamtus&

306 1215 537 1291 meridianam,
561 1214 595 1281 &
625 1213 714 1291 usque
740 1215 776 1276 ad
805 1214 883 1277 Solis
911 1216 1074 1289 occasum,
1110 1207 1253 1271 babemus
1269 1212 1301 1270 in
1321 1209 1433 1292 divinis
1449 1210 1611 1284 Scripturis
1631 1209 1792 1276 ostendeus
1806 1211 1908 1278 illul*

306 1311 492 1359 nouantem
512 1290 573 1358 siue
595 1294 671 1359 iusla
691 1290 795 1357 caussa
819 1292 1001 1357 notabiliter
1022 1313 1073 1354 an·
1111 1287 1288 1349 iolliturum
1310 1284 1399 1351 suilse
1423 1309 1440 1350 a
1461 1287 1579 1353 Cluilio
1596 1289 1755 1368 Domino,
1773 1290 1817 1356 sed
1831 1274 1908 1379 inq:

308 1375 427 1448 ricipari
443 1370 506 1435 sine
524 1375 636 1453 culpa,
651 1370 885 1450 uuanispetrata
902 1378 998 1439 etiam
1019 1373 1074 1434 bo·
1109 1367 1202 1451 dubie
1219 1363 1393 1458 constat-ex
1412 1365 1599 1432 Traditione
1620 1369 1797 1436 institurum
1811 1370 1908 1453 suisrpa

307 1451 414 1517 dierur
438 1452 579 1519 Ecclesiae
617 1454 836 1519 cousuetudine
859 1455 981 1516 censerit
1010 1461 1073 1513 else
1110 1456 1138 1508 le
1153 1447 1188 1510 ali
1209 1443 1361 1523 Apollolis
1382 1446 1418 1509 ad
1435 1446 1545 1510 Chrirli
1577 1453 1810 1529 imitationem,
1837 1458 1909 1517 urb·

307 1520 715 1609 mortalemtovarruvias,
739 1532 915 1605 Nauarum,
933 1534 1072 1596 Comiro·
1110 1544 1197 1603 pater
1225 1545 1264 1586 ex
1287 1524 1422 1589 Tertull.
1448 1532 1479 1589 in
1504 1528 1522 1588 l.
1545 1529 1582 1590 de
1611 1532 1758 1607 ieiunio,
1784 1530 1865 1597 &cr

308 1612 507 1691 lus,aliive,
527 1633 589 1677 uon
609 1611 692 1677 secus
713 1613 1070 1692 acolim,coutraLay-
1110 1608 1135 1666 5·
1159 1605 1342 1697 P·iiirr·iri
1367 1627 1413 1680 ep.
1438 1629 1483 1685 54·
1517 1607 1553 1669 ri
1584 1608 1772 1698 Marcellam
1792 1659 1801 1689 ,
1825 1612 1865 1677 rbi

307 1701 551 1770 mannum,qui
574 1692 643 1757 vult
664 1712 724 1754 uon
750 1687 812 1757 else
834 1691 885 1754 nili
905 1694 1072 1763 venialem,
1109 1688 1147 1749 iic
1179 1686 1314 1762 legitur:
1346 1688 1416 1773 Nor,
1436 1708 1528 1777 ynam
1554 1689 1816 1769 Quadragefimam
1836 1710 1866 1754 rr

307 1769 341 1837 ἃ
358 1788 447 1846 patet
462 1770 636 1836 eorumdem
656 1769 826 1833 Doliorum
842 1770 1072 1834 sententiarum
1109 1765 1310 1844 Apostolorum
1334 1766 1493 1830 rissirrrone
1513 1786 1634 1853 congruo
1653 1783 1780 1849 tempore
1802 1770 1866 1835 itis*

269 1848 273 1855 '
307 1873 347 1913 ex
376 1849 463 1914 sensu
491 1850 627 1914 fidelium
652 1850 685 1914 ἃ
703 1850 765 1912 fine
787 1852 891 1912 ieiunii
916 1898 924 1926 ‚
948 1867 1014 1913 tum
1035 1869 1072 1911 ex
1110 1867 1229 1906 siamus.
1261 1843 1303 1932 ‚Et
1322 1845 1376 1907 lroc
1395 1849 1477 1921 pium
1501 1867 1534 1908 ac
1555 1848 1678 1911 salubre
1704 1849 1863 1914 institurum

308 1947 369 2009 cup.
392 1931 490 1994 Solent
514 1929 552 1993 de
579 1927 733 2009 consecrer.
758 1929 821 2006 dist.
845 1949 870 1990 r.
903 1931 950 1991 ubi
967 1928 1007 1992 lic
1024 1928 1073 1990 lia·
1111 1925 1284 2012 indisertis
1306 1926 1377 1987 iuris
1393 1928 1532 1988 canonici
1558 1926 1691 1991 decretis
1713 1929 1863 1993 identidem

307 2011 426 2073 betur:
456 2008 639 2074 Nullarenus
659 2009 789 2072 ieiunare
820 2007 960 2073 credendi
976 2005 1072 2088 suni,
1111 2006 1306 2092 insinuavit,
1342 2005 1452 2066 indixit
1477 2026 1511 2067 ac
1544 2006 1719 2072 inculcarit
1746 2009 1861 2073 Ecclesia

304 2090 414 2167 fiante
433 2088 702 2166 manducaverint,
721 2087 1071 2167 quunuespeni'numci-
1110 2086 1168 2146 luis
1199 2081 1338 2146 fidelibus
1371 2083 1593 2147 iuviolabiliter
1623 2084 1861 2165 observandum,

306 2165 438 2232 rebrnur
456 2168 604 2310 oficium.
626 2166 716 2233 Unde
732 2188 770 2231 ex
789 2187 893 2234 mente
912 2166 1073 2243 Ecclesia,
1110 2184 1144 2226 ut
1163 2162 1291 2249 liabetur
1309 2167 1460 2238 precipue
1477 2165 1509 2251 in
1530 2182 1590 2251 cogi.
1610 2168 1746 2232 nonlicet
1766 2169 1863 2232 decen·

309 2250 336 2311 le
357 2269 400 2323 e,
429 2270 469 2312 ve
507 2246 730 2313 consuetudine
763 2247 927 2312 universali
956 2265 1073 2323 tempus
1102 2254 1175 2321 jeci.
1197 2242 1260 2319 dili.
1287 2257 1312 2318 3-
1332 2239 1450 2307 (stoi.
1473 2256 1519 2305 rit.
1540 2248 1606 2319 dipl.
1639 2265 1700 2324 rap.
1723 2270 1777 2311 non
1796 2266 1863 2325 opor·

309 2269 932 2404 reielliouisllaturumesl,utnuncfit
963 2376 970 2402 ,
999 2327 1073 2388 liora
1109 2335 1177 2398 rer,
1206 2321 1313 2411 &can
1342 2323 1484 2399 placuit,
1524 2329 1679 2413 praecipue
1705 2348 1782 2392 vero
1803 2350 1859 2405 cap.

307 2407 473 2472 meridiana
495 2457 503 2483 ,
532 2407 566 2473 &
585 2406 627 2470 esl
643 2408 779 2471 conditio
802 2404 931 2483 spcslans
958 2405 993 2468 ad
1011 2405 1071 2468 sub·
1107 2403 1335 2484 Quadi-agenna
1350 2402 1387 2464 de
1406 2398 1557 2480 consecras.
1574 2405 1641 2548 rigi.
1671 2425 1698 2470 1.
1717 2412 1802 2471 cuius
1816 2407 1861 2468 ali·

309 2487 452 2550 stantiam
473 2490 617 2564 praecepti
637 2487 670 2550 ἃ
694 2486 874 2553 admodum
896 2485 1070 2548 lubllanria·
1108 2502 1166 2566 qua
1189 2482 1281 2543 rerba
1308 2481 1358 2544 liic
1378 2479 1503 2544 asseram
1523 2504 1561 2546 ex
1611 2530 1619 2543 .
1645 2486 1740 2559 Gree.
1762 2488 1862 2565 Magio

309 2565 494 2629 lemilliur:
519 2567 591 2641 qnia
614 2565 685 2629 licet
715 2568 746 2626 iu
765 2565 846 2629 horae
877 2567 1073 2637 anticipatio·
1108 2560 1533 2651 dcluinpta:Qiia.li·agefiina
1548 2561 1670 2640 sumnia
1697 2565 1859 2646 micinam

308 2665 347 2708 ue
368 2643 574 2708 recesserimus
595 2666 611 2708 a
630 2647 728 2708 vereri
753 2643 893 2708 Eccleiiae
912 2643 1073 2718 instituto,
1109 2659 1142 2727 iic
1159 2642 1194 2716 cll
1210 2637 1406 2727 obseruanda.
1424 2655 1457 2729 ur
1474 2643 1619 2704 ieiunium
1637 2643 1669 2708 in
1686 2667 1723 2709 eu
1751 2658 1860 2722 (prater

308 2744 370 2789 non
392 2721 562 2787 recellimus
579 2724 681 2787 tamen
703 2723 791 2788 abeo
811 2724 984 2801 quodcerra
999 2723 1071 2786 hora
1107 2720 1169 2805 dies
1191 2723 1380 2806 Dournrror)
1406 2741 1455 2807 qur
1488 2721 1523 2783 ae
1541 2720 1719 2803 abstinentia
1734 2723 1860 2805 luirrrrii

308 2801 469 2881 servetur,
488 2825 579 2879 quam
600 2808 769 2881 praevenire
791 2823 845 2868 nec
859 2801 1001 2867 debemus
1017 2823 1073 2868 nec
1101 2804 1173 2878 sunl
1196 2847 1204 2873 ,
1232 2800 1289 2878 nist
1302 2819 1387 2875 quem
1409 2803 1571 2876 infirmitas
1591 2803 1762 2881 inpedierit
1780 2804 1861 2867 nulla·

309 2880 465 2963 possumus
485 2881 678 2948 refeslioiiem
701 2880 764 2950 siue
784 2880 860 2947 iusta
884 2881 988 2948 caussa
1009 2886 1070 2945 exi·
1107 2875 1365 2955 reniirsolrnilur:
1398 2880 1482 2966 &iu
1504 2882 1661 2959 progressu
1684 2885 1772 2949 ltu'iur
1790 2885 1860 2961 capi·

308 2980 400 3043 geute
421 2963 636 3040 anticipando.
663 2963 713 3030 lta
729 2964 819 3029 docet
839 2964 935 3029 etiam
955 2963 992 3026 D.
1010 2961 1071 3026 Th.
1108 2961 1149 3024 tis
1170 2960 1297 3023 habetur
1317 2980 1325 3022 r
1342 2955 1507 3048 substitutio
1530 2962 1817 3040 dicrumcinerma,
1834 2974 1862 3024 ur

307 3043 340 3107 in
360 3067 387 3123 4
409 3044 439 3105 d.
460 3064 504 3121 15.
523 3046 620 3127 quaest.
638 3058 667 3124 3.
688 3058 745 3108 arr.
759 3069 787 3125 4
805 3043 956 3108 Ieiunium
967 3043 1073 3123 solvil,
1105 3039 1211 3128 billoco
1226 3039 1454 3130 ⁸Dominicurtsnr
1468 3040 1569 3118 quium
1584 3045 1759 3109 eximuntur
1773 3044 1862 3125 fideles

308 3125 351 3187 ait
367 3124 395 3186 S.
418 3122 558 3197 Durior,
582 3122 634 3203 qai
649 3127 783 3206 Ecclrfiae
798 3124 1071 3189 determinationem
1105 3145 1123 3182 a
1140 3121 1247 3209 ieiunio
1256 3117 1408 3209 suppleant
1428 3122 1471 3185 ad
1503 3123 1713 3203 constituendos
1730 3144 1777 3206 40.
1798 3127 1862 3186 inre·

307 3224 366 3266 non
391 3199 514 3279 leniat.
548 3200 638 3266 Unde
666 3226 736 3267 cum
764 3202 896 3267 Ecclesia
929 3201 1070 3267 statuerit
1102 3222 1168 3279 gros
1192 3200 1393 3263 desierunt!-

307 3299 427 3346 cerrum
444 3300 563 3357 tempus
583 3283 760 3346 comedendi
777 3282 1005 3358 ieiunantibus,
1021 3286 1070 3356 qui
1147 3280 1234 3342 Licet
1252 3278 1309 3342 hoc
1326 3283 1472 3344 ieiunium
1495 3282 1551 3344 tali
1568 3285 1662 3349 modo
1680 3283 1714 3350 sit
1740 3288 1798 3350 tori
1817 3283 1863 3348 Β·

308 3364 398 3426 nimis
419 3359 598 3425 notabiliter
607 3365 774 3440 anticipat,
793 3364 941 3426 ieiunium
956 3359 1071 3424 solvit.
1106 3355 1202 3421 clesiae
1225 3355 1417 3436 universale,
1441 3359 1572 3427 Ecclesia
1585 3384 1700 3427 tamen
1724 3364 1863 3431 Mediola-

311 3440 348 3502 Et
367 3440 424 3504 hoc
440 3439 558 3505 contlat
580 3460 621 3505 ex
640 3441 707 3519 ipsa
723 3444 874 3515 rarione,
901 3443 1000 3519 quia,
1030 3444 1071 3503 air
1107 3434 1204 3501 nensis
1219 3457 1260 3501 ex
1282 3441 1409 3516 antiqua
1436 3442 1659 3508 consuetudine
1689 3466 1753 3511 nou
1779 3443 1864 3510 obser·

307 3520 454 3599 Sylvius,
475 3538 549 3584 tunc
572 3520 705 3584 violatur
722 3538 909 3597 praeceptum
930 3526 960 3583 in
978 3541 1070 3584 reno·
1106 3537 1163 3581 var
1185 3521 1333 3580 ieiunium
1357 3522 1388 3581 iri
1420 3520 1523 3584 diebus
1546 3524 1693 3587 Cinctum
1716 3576 1724 3602 ,
1749 3529 1797 3603 qui
1815 3525 1864 3601 pri·

309 3598 426 3677 rabili,
456 3597 490 3664 ἀ
507 3622 575 3677 quae
596 3599 731 3680 multum¹
761 3605 894 3676 pertinet
921 3600 957 3663 ad
979 3605 1071 3664 ratio·
1106 3620 1187 3660 mam
1203 3596 1446 3677 Qiadragesrmae
1464 3601 1661 3668 Dominicam
1679 3606 1863 3681 precedunt.

308 3700 379 3744 uem
399 3639 502 3744 ieiunii
519 3678 725 3745 ecclesiallici.
751 3678 1070 3762 Dixifinei‘ustacaus·
1147 3677 1298 3742 Ieiunium
1322 3679 1589 3758 Quadragestmale
1620 3684 1761 3761 pluribus
1777 3688 1866 3749 ratio·

304 3764 363 3838 Ja,
380 3780 466 3839 qua,
496 3779 530 3823 ut
548 3760 636 3823 multi
664 3762 789 3824 censent
814 3810 821 3834 ‚
844 3765 1072 3825 interveniente
1107 3756 1193 3821 uibus
1223 3778 1238 3821 a
1266 3757 1314 3819 SS.
1333 3759 1486 3834 Apostolis
1514 3757 1574 3824 fuit
1605 3761 1810 3842 institutum,
1835 3762 1865 3827 ἅ

294 3840 394 3912 nulla
411 3833 491 3902 esset
511 3841 618 3916 culpa,
636 3859 710 3913 puta
732 3839 751 3901 li
770 3839 810 3903 ob
826 3844 886 3904 iter
904 3839 1072 3904 necessario
1107 3835 1269 3900 successive
1287 3842 1316 3899 iii
1339 3839 1467 3903 Ecclesia
1489 3840 1625 3919 religiose
1636 3841 1813 3916 servarum.
1830 3843 1864 3905 Er

308 3916 481 3982 faciendum
512 3917 792 3984 boracomelliouis
821 3920 998 3984 notabiliter
1015 3924 1069 3982 im·
1107 3921 1352 3992 praecipualnut
1376 3939 1401 3980 r.
1471 3919 1642 3997 Chrislum,
1666 3928 1717 3998 qni
1741 3924 1867 3988 nullium

308 4015 471 4074 mutetur,
490 4018 559 4060 cum
577 3998 604 4059 id
621 3997 658 4062 sit
675 3996 729 4060 usu
750 4017 903 4075 receptum
923 3999 1001 4074 apud
1020 4002 1070 4063 do·
1106 3997 1147 4059 eil
1169 4015 1282 4073 caput,
1303 4018 1356 4073 pro
1372 4020 1392 4059 u
1474 4021 1494 4062 o
1516 4003 1677 4067 imitemur
1698 4022 1766 4069 rum
1785 4011 1812 4067 iu
1832 4008 1867 4064 ie·

307 4074 572 4153 avennorum
605 4075 638 4142 ἀ
667 4080 738 4141 liuic
762 4074 1073 4154 faciliusporeslel'se
1107 4080 1224 4151 iunio,
1268 4081 1391 4140 cumin
1490 4095 1564 4143 inne
1589 4102 1686 4159 quam
1709 4079 1766 4156 pr‘o
1793 4083 1868 4146 nobis

307 4157 392 4222 rocus
411 4154 603 4221 excusationi
620 4178 711 4233 quam
735 4161 765 4219 iu
787 4159 854 4226 aliis
872 4158 1019 4225 renuistis
1036 4161 1072 4222 ad
1107 4153 1224 4228 subiit,
1252 4174 1288 4219 ut
1316 4177 1421 4221 omnes
1446 4180 1501 4234 pro
1524 4160 1619 4237 culpis
1649 4162 1771 4241 reliquo
1795 4179 1868 4228 anuo

307 4234 813 4313 ieiunium,eoquodreseslionis
834 4255 953 4314 tempus
973 4242 1071 4301 minus
1106 4232 1265 4299 commissis
1291 4238 1371 4311 quali
1403 4238 1579 4317 publicam,
1619 4259 1867 4318 communemque

306 4311 448 4381 conserat
476 4317 513 4380 ad
543 4317 636 4379 finem
660 4333 860 4396 naturamque
890 4320 1014 4402 ieiunii.
1042 4323 1071 4381 P.
1107 4318 1323 4392 poenitcutiam
1340 4336 1480 4395 agamus,
1502 4338 1535 4383 nt
1548 4320 1717 4399 religiosius
1727 4344 1792 4403 prae
1814 4339 1872 4385 are·

308 4395 446 4461 minine
461 4417 532 4462 cum
547 4397 639 4462 aliis.
1110 4417 1177 4456 mur
1196 4395 1231 4456 ad
1252 4395 1461 4460 celebrandam
1480 4398 1588 4461 Christi
1608 4400 1777 4476 passionem
1830 4418 1872 4463 re·

1108 4472 1341 4550 surretlionem,
1362 4498 1481 4540 necnon
1501 4479 1872 4555 praeparemuradsacram

629 4563 656 4624 ς.
699 4556 759 4619 lx.
1106 4554 1388 4650 communionem,
1418 4578 1484 4633 quae
1515 4562 1546 4621 iu
1564 4559 1713 4626 Paschate
1744 4582 1764 4626 a
1793 4562 1872 4625 nullo

426 4674 474 4736 n
665 4669 797 4749 nn
1109 4634 1612 4781 llrlzrs‘i¹ilrer“⁹²n
1627 4637 1872 4716 ¹*

345 4782 419 4877 Nori
433 4782 544 4880 eslltic
563 4784 662 4851 sermo
686 4788 722 4849 de
743 4790 861 4881 ieiuniis
892 4787 1072 4865 privaris&
1110 4762 1234 4856 iiourae'
1251 4812 1303 4868 per
1331 4739 1630 4875 Qadragetiniiiem
1661 4799 1873 4865 abstinentiam

329 4864 565 4940 articularibus,
580 4886 648 4940 quae
667 4864 823 4931 observari
845 4865 944 4934 solent
965 4891 1022 4947 pro
1037 4871 1071 4932 li·
1107 4871 1334 4936 consecremus.
1884 4877 1912 4929 θ’

276 5021 279 5026 ¹
305 4886 422 5038 bitu&
442 4941 605 5038 secundum
629 4945 770 5037 spiritum
795 4952 926 5030 propriae
950 4953 1072 5018 pietatis
1148 4950 1214 5015 Poll
1232 4955 1381 5016 ieiunium
1403 4953 1527 5029 Quadra
1546 4955 1669 5025 esimale
1699 4945 1912 5043 precipitur*

306 5023 507 5120 abflaliquibus
529 5024 654 5088 devotis
674 5021 813 5109 fidelibus
834 5051 842 5102 3
872 5026 919 5090 led
942 5028 978 5091 de
998 5033 1071 5094 ieiu·
1111 5035 1258 5096 ieiunium
1273 5052 1408 5109 quarucr
1429 5038 1499 5099 aurii
1519 4976 1744 5119 icuipomm,
1769 5042 1804 5108 dc
1822 5019 1912 5120 lsuessi

306 5121 365 5167 uns
380 5118 446 5183 qua
466 5121 571 5174 stota
604 5101 737 5172 Ecclesia
758 5109 831 5170 sarit
850 5101 1073 5191 ublerrmda,
1110 5118 1223 5192 pariter
1250 5112 1386 5182 aradum
1413 5114 1593 5182 institutum
1624 5115 1715 5188 uiue
1737 5121 1780 5267 ag
1796 5125 1874 5198 Apo·
1887 5151 1912 5186 u

1646 5253 1651 5260 .
1782 5206 1839 5270 olis
