4425 6000
549 469 1586 555 Tarenocsnurrutrscanumet
1723 493 1807 568 ςιι.

269 583 436 662 destitisti,
463 603 533 661 quar
552 601 632 645 nunc
659 583 728 644 lunt
757 580 789 640 in
820 573 902 640 usur
927 593 1046 652 exquo
1080 573 1122 638 sta
1147 589 1186 638 ut
1211 575 1264 638 co't
1306 591 1340 636 ra
1370 571 1507 638 fidelium
1540 567 1760 640 Defunuorum
1793 573 1847 638 ho·

271 668 433 752 colligitur
473 668 553 728 bunc
589 664 683 726 ritum
717 657 779 721 esse
816 658 1045 731 recentiorem,
1079 651 1234 730 notifice,
1333 649 1471 745 religioso
1508 652 1599 718 cultu
1637 654 1850 734 tumulentur,

269 749 321 810 vel
350 745 465 810 saltent
488 742 610 822 quando
635 741 780 815 scripturn
804 732 862 800 fuit
881 733 955 798 illud
993 734 1045 798 Sa·
1078 735 1175 820 exigit
1205 751 1311 797 tamen
1334 752 1367 795 ιιι
1386 731 1431 796 bis
1454 733 1716 814 moderationem,
1733 750 1766 799 ut
1794 753 1851 804 uec

269 825 509 891 cramenrarium
537 843 598 887 non
622 819 712 886 luille
752 821 784 879 in
816 815 950 880 Ecclesia
976 816 1045 878 uni·
1079 810 1288 890 releuant,
1309 819 1367 878 nec
1392 809 1516 890 superba
1541 835 1645 880 eorum
1674 813 1854 894 sepultura,

269 905 428 970 versaliter
466 921 623 980 receptum
652 947 660 962 .
700 894 853 962 Observat
889 893 937 958 bic
963 893 1044 972 Van·
1080 895 1127 957 uri
1147 910 1275 958 monent
1298 889 1548 969 acpraescribunt
1569 895 1657 971 plura
1681 893 1853 972 concssia,

271 985 368 1063 Elpeo
408 982 449 1046 nil
484 985 557 1047 adeo
590 983 712 1046 varium
755 975 835 1042 olim
862 994 918 1052 pro
941 977 1045 1038 varie·
1078 971 1113 1038 dt
1143 975 1291 1049 praecipue
1320 967 1488 1036 Rhcmense
1512 994 1594 1039 anno
1624 974 1712 1055 1583.
1738 977 1788 1039 tit.
1815 967 1853 1038 cic

271 1088 338 1130 tate
367 1062 598 1138 Ecclesraurm,
628 1079 720 1138 quam
748 1053 891 1120 similium
923 1073 1045 1131 precum
1074 1051 1185 1131 sepulc.
1215 1073 1246 1115 n.
1274 1073 1301 1115 ι.
1331 1048 1366 1116 dt
1393 1051 1504 1118 alicubi
1528 1058 1624 1118 etiam
1652 1077 1703 1132 per
1728 1054 1852 1120 sarcula·

268 1170 303 1211 ac
353 1151 472 1208 rituum
509 1141 628 1210 ulum'.
667 1136 851 1202 Gullielmus
882 1131 1045 1198 Duraudus
1080 1153 1127 1195 res
1157 1130 1352 1211 magistratus
1380 1149 1505 1196 cautum
1533 1131 1593 1198 suit
1626 1156 1663 1198 ne
1687 1138 1777 1200 nimis
1805 1130 1852 1198 su·
1905 1187 1914 1202 ,.

268 1228 419 1301 quivixit
456 1222 507 1286 sub
526 1222 619 1296 finem
639 1217 744 1282 saectrli
774 1213 969 1280 tertiidecimi
995 1211 1045 1276 de·
1078 1209 1179 1286 perbae
1212 1231 1247 1275 ac
1282 1231 1373 1276 vanae
1403 1211 1594 1297 celebrentur
1618 1219 1783 1294 exequiae,
1813 1215 1851 1278 de

268 1307 398 1370 scribens
432 1301 579 1366 Officium
607 1295 824 1361 Defundlotum
861 1293 903 1355 lui
932 1279 1186 1380 tempo-'quibus
1220 1290 1367 1369 pomposis
1398 1291 1585 1370 superbisque
1618 1295 1772 1359 funeribus
1804 1299 1850 1358 ait

266 1391 307 1450 ris
328 1383 456 1449 testatur
475 1379 557 1455 quod
580 1382 612 1439 in
639 1374 814 1453 quibusdam
841 1370 979 1435 Ecclclris
1005 1370 1044 1435 le·
1079 1371 1117 1432 D.
1141 1373 1217 1448 Aug.
1252 1370 1338 1435 serm.
1371 1386 1419 1449 ιι.
1449 1373 1485 1436 de
1509 1372 1771 1458 verbisasposioli,
1795 1375 1851 1452 qui

268 1466 421 1543 gebantur
457 1478 570 1521 noveru
605 1457 791 1531 Lettiones,
832 1453 870 1515 de
903 1450 955 1513 lob
988 1453 1046 1526 pri·
1080 1448 1169 1540 hodie
1197 1449 1238 1514 ιιι
1270 1471 1336 1530 172.
1355 1453 1472 1530 Pompae
1487 1446 1634 1532 funerum
1649 1458 1767 1535 agmina
1782 1475 1849 1520 erre·

269 1563 353 1616 ιιο,
390 1543 420 1599 in
454 1538 523 1601 aliis
558 1534 697 1599 similiter
721 1533 851 1598 totidem
881 1532 918 1596 de
954 1530 1214 1619 Libroqqurarum
1245 1535 1443 1610 ,sumptuosa
1483 1531 1641 1612 diligentia
1666 1535 1849 1616 sepultura,

265 1621 455 1698 Sapientiae,
473 1617 506 1682 δι
538 1619 685 1691 incipiunt
709 1615 766 1680 hoc
797 1609 880 1689 patio
902 1632 912 1669 :
934 1611 1062 1673 slsrlrus'
1079 1624 1331 1675 monumentorum
1358 1613 1492 1691 opulenta
1510 1613 1673 1694 construam
1699 1617 1850 1680 vivorum

265 1704 305 1784 cii
333 1701 376 1765 ιιι
407 1697 449 1764 cd
473 1699 592 1765 ιιιιιιιιιι
624 1699 722 1762 iussus
746 1713 835 1776 quam
861 1691 903 1756 ad
928 1695 1046 1756 demum
1072 1687 1147 1770 suni
1179 1691 1399 1771 qualiacumque
1431 1689 1538 1770 ivlalia
1566 1742 1575 1773 ,
1611 1717 1666 1758 nort
1700 1695 1849 1760 adiutoria

270 1779 425 1848 carivivir'.
457 1781 535 1844 Aliae
560 1799 635 1843 vero
667 1778 719 1840 bas
744 1794 857 1840 novem
883 1773 1045 1838 Lediones
1078 1783 1281 1836 mortuorum.
1308 1773 1347 1837 Et
1377 1775 1457 1837 circa
1484 1771 1542 1837 hoc
1572 1776 1702 1851 populus
1731 1786 1849 1853 pariter

270 1880 382 1940 petunt
416 1882 454 1923 ex
484 1859 629 1924 Sermone
654 1855 784 1932 quodam
811 1854 851 1914 D.
882 1850 1042 1931 llugulliui
1078 1851 1245 1916 monendus
1272 1852 1315 1916 est
1351 1875 1367 1917 a
1395 1851 1564 1916 Palloribtrs
1591 1856 1670 1927 quod
1701 1855 1773 1920 licet
1800 1860 1848 1917 in·

268 1941 358 2016 qitem
384 1940 437 2003 ille
464 1934 631 2015 composuit
653 1937 690 2000 dr·
712 1932 837 1998 mortuis
861 1981 868 2008 ,
893 1932 926 1996 bc
953 1952 1042 2008 quern
1077 1931 1253 1997 dubitatum
1279 1932 1316 1995 stt
1341 1931 1538 1995 Orationibus
1561 1933 1590 1994 S.
1616 1934 1783 2007 Eccleliae‚
1811 1933 1846 2000 dc

268 2020 370 2084 linivit
407 2023 439 2081 in
479 2018 557 2082 hunc
595 2016 716 2079 medum
747 2037 755 2078 :
791 2014 874 2076 Beati
902 2011 1042 2088 mortui,
1077 2010 1236 2076 Sacrificio
1266 2010 1392 2074 salutari
1415 2010 1449 2076 dc
1473 2013 1671 2096 eleemosynis
1694 2035 1761 2091 quae
1790 2037 1847 2091 pro

269 2099 374 2178 quiin
404 2096 527 2161 Domino
552 2096 718 2160 moriuntur
735 2143 744 2174 ,
768 2095 847 2169 quod
877 2097 908 2154 in
938 2091 1041 2167 aliqua
1077 2110 1184 2154 eorum
1212 2089 1364 2167 spiritibus
1395 2109 1735 2170 erogantur‚rnortuos
1763 2098 1847 2158 adiu·

269 2178 403 2244 Ecclefia
434 2177 547 2240 dicitur
575 2175 627 2239 sub
650 2174 743 2239 finem
770 2170 1042 2259 Lellionum5Sic
1077 2173 1169 2246 vari,
1201 2187 1235 2234 ut
1263 2192 1334 2234 curn
1373 2171 1417 2234 eis
1445 2168 1663 2236 misericordius
1694 2190 1847 2254 agatura

264 2261 433 2324 Durandus
462 2261 495 2319 ιιι
524 2255 682 2320 Rationali
708 2254 883 2317 divinorum
911 2250 1040 2313 Officio·
1076 2249 1233 2329 Domino,
1280 2269 1350 2315 uam
1369 2253 1608 2325 meruerint,ut
1643 2254 1688 2317 ait
1727 2253 1756 2316 S.
1778 2255 1847 2319 Au·

267 2362 335 2403 rum
355 2339 446 2418 libp.
476 2357 540 2412 cap.
560 2339 628 2398 161.
660 2334 695 2396 ln
723 2335 777 2396 hac
805 2337 896 2409 igitur
923 2337 1040 2394 rituum
1075 2329 1149 2407 guil.
1178 2334 1231 2394 cir.
1261 2272 1346 2394 ieme
1380 2329 1601 2395 advertendum
1638 2350 1741 2397 tamen
1774 2355 1847 2398 cunt

267 2423 431 2483 varietate
465 2415 622 2480 concludit
660 2413 827 2477 tenendum
854 2414 914 2474 elle
942 2433 960 2476 a
986 2412 1040 2476 Pa·
1075 2411 1182 2474 eodem
1213 2411 1242 2473 S.
1271 2407 1403 2474 Dollore
1437 2409 1570 2487 prodesse
1597 2412 1649 2476 illa
1682 2409 1847 2490 defundis,

268 2498 366 2562 rochis
400 2494 523 2570 aliisque
555 2490 744 2559 inferioribus
781 2491 919 2555 Ecclesris
955 2489 1039 2554 usum
1076 2488 1125 2553 sed
1161 2490 1271 2555 talibus
1304 2493 1355 2564 qui
1391 2492 1437 2555 ita
1476 2495 1625 2556 vixerunt
1661 2511 1736 2577 ante
1767 2516 1848 2559 mor-

270 2575 393 2640 l'uamm
420 2573 620 2638 Ecclesiarum
650 2569 815 2650 praesertim
844 2574 876 2632 in
897 2569 962 2648 ipsis
986 2570 1039 2634 lli·
1074 2586 1172 2648 tem,
1201 2586 1238 2635 ut
1265 2569 1374 2647 possint
1394 2573 1439 2635 eis
1474 2568 1538 2636 ltaec
1566 2573 1655 2636 utilia
1690 2575 1750 2637 elle
1782 2571 1848 2651 post
1921 2637 1926 2644 ,

268 2655 403 2720 tualibus
435 2657 487 2717 leu
519 2652 710 2716 manualibus
743 2651 792 2715 vel
834 2648 1034 2714 Palloralibus
1071 2663 1230 2714 mortem.
1261 2648 1345 2715 Idem
1373 2651 1489 2728 pariter
1512 2670 1617 2716 monet
1643 2651 1719 2715 libro
1737 2653 1773 2718 de
1793 2674 1846 2718 cu·

266 2731 501 2813 praescriptum.
531 2733 578 2797 nd
610 2729 770 2808 episcopos
793 2750 897 2795 autern
924 2729 1034 2805 speltae
1071 2751 1105 2790 ra
1126 2747 1177 2806 pro
1206 2729 1332 2793 mortuis
1362 2752 1427 2804 cap.
1457 2729 1508 2792 18.

264 2817 369 2878 omnia
394 2831 524 2887 verare,
543 2832 579 2875 ac
604 2830 715 2876 cavere
737 2831 804 2885 quae
823 2809 872 2872 vel
899 2811 1034 2873 avaritia
1112 2809 1228 2873 Verum
1258 2827 1293 2872 ut
1319 2811 1446 2889 populus
1472 2807 1569 2873 fidelis
1603 2805 1692 2874 facile
1725 2814 1845 2878 excite·

266 2896 318 2957 vel
348 2895 575 2970 irreverentia,
599 2907 655 2955 aut
679 2887 848 2966 superllitio
868 2909 950 2952 verae
975 2891 1034 2965 pie·
1071 2903 1123 2951 ιιιι
1147 2887 1184 2951 ad
1221 2889 1381 2955 moderate
1415 2893 1500 2953 iuxta
1533 2893 1614 2966 piam
1651 2889 1848 2956 laudabilem·

265 2975 342 3037 tatis
368 2968 442 3037 salsa
470 2973 607 3036 imitatio
642 2969 786 3033 inducere
816 2967 1033 3046 potuisset,ac
1070 2988 1127 3043 que
1154 2966 1295 3034 Ecclesiae
1321 2964 1572 3036 consuetudinem
1608 2974 1753 3048 exequias
1790 2993 1847 3053 pro

265 3053 385 3118 solicite
414 3051 572 3116 attendere
600 3070 639 3114 ne
660 3072 745 3131 quae,¹
755 3048 862 3113 similia
878 3053 1013 3127 irrepant
1070 3045 1217 3113 defuntus
1241 3046 1453 3127 persolvendas
1472 3097 1481 3128 ,
1502 3049 1716 3113 s'ecurisl'rmum
1729 3074 1764 3116 ac
1780 3074 1845 3116 rua·

269 3150 346 3210 pura
381 3131 590 3196 determinato
623 3150 751 3195 numero
787 3128 945 3195 Missurum
980 3148 1020 3195 ve
1070 3131 1153 3190 xime
1180 3128 1317 3194 validum
1350 3127 1518 3208 praesidium
1545 3133 1635 3208 erit,
1665 3150 1701 3194 ur
1740 3137 1771 3194 in
1800 3132 1847 3196 hir

266 3233 388 3290 precum
409 3229 526 3275 certam
552 3214 722 3275 animamm
748 3230 767 3277 a
792 3212 972 3289 Purgatotio
998 3208 1033 3271 li·
1071 3207 1248 3283 praeslandis
1269 3208 1439 3295 modestia,
1464 3232 1499 3273 ac
1519 3230 1578 3285 qua
1603 3231 1656 3288 par
1679 3209 1722 3274 esl
1751 3214 1847 3276 devo·

262 3293 452 3356 berarionem
473 3292 621 3369 adiicere,
643 3312 710 3367 quae
729 3286 901 3367 superstitio
918 3287 956 3352 ab
975 3288 1031 3353 Ec·
1071 3306 1156 3352 none
1181 3291 1228 3352 ita
1257 3287 1286 3352 le
1314 3289 1447 3353 babeant
1473 3289 1599 3353 Parochi
1624 3290 1744 3367 aliique
1754 3296 1845 3355 mini·

264 3369 353 3435 clesra
380 3370 559 3433 damnatur.
1070 3364 1144 3445 sui,
1165 3383 1201 3431 ut
1228 3369 1265 3432 ad
1291 3366 1498 3432 del‘uullorum
1530 3368 1662 3433 salutem
1698 3369 1846 3448 fimulque

302 3452 383 3526 Qrae
411 3450 498 3513 hodie
522 3471 580 3529 pro
602 3446 742 3514 deiunllo
766 3468 899 3529 aguntur
926 3452 955 3509 in
982 3448 1031 3511 die
1069 3450 1392 3527 vivorumpietatem,
1409 3449 1664 3524 quemadmodum
1674 3447 1845 3530 veresunt,

264 3530 506 3602 eiusl'epulrurae
531 3529 677 3603 Exequiae
698 3534 801 3593 vocari
823 3527 940 3603 solent,
963 3548 1031 3603 quar
1072 3546 1134 3610 non
1164 3527 1201 3589 ad
1225 3528 1376 3601 quaeslum
1415 3529 1559 3592 eiusmodi
1598 3531 1676 3593 ritus
1709 3529 1843 3595 inllituti

265 3607 302 3670 ab
315 3606 482 3670 heredibus
498 3602 629 3670 defuncti
655 3606 723 3670 suut
747 3606 974 3683 persolvendae,
994 3624 1030 3668 ut
1068 3606 1128 3667 elle
1146 3605 1328 3683 videantur,
1347 3625 1380 3670 ut
1399 3606 1527 3672 habetur
1546 3610 1577 3669 in
1597 3608 1715 3672 Riruali
1729 3610 1845 3675 Roma·

264 3686 351 3764 supra
395 3689 573 3750 notavimus
611 3688 697 3749 iuxta
721 3688 854 3762 plurium
896 3686 1031 3767 Synodo·
1068 3703 1112 3748 no
1145 3685 1181 3748 dr
1199 3686 1360 3763 Exequiis.

264 3789 329 3829 rum
356 3814 364 3840 ‚
399 3763 431 3829 dc
465 3769 612 3841 praecipue
646 3765 879 3829 Mediolanenlis
918 3766 968 3828 sub
1000 3765 1027 3825 S.
1110 3764 1183 3826 Non
1206 3768 1305 3828 minus
1331 3765 1545 3831 laudabilis&
1575 3770 1639 3844 pius
1675 3766 1718 3831 est
1754 3790 1845 3845 quam
1870 3786 1908 3837 De
1939 3788 1985 3841 ns.

259 3847 376 3909 carolo
406 3850 455 3907 tir.
484 3845 520 3909 de
548 3843 707 3926 funeribus
738 3857 780 3912 (5
814 3845 943 3923 exequiis
974 3844 1029 3908 sla·
1069 3843 1154 3907 utilis
1174 3864 1239 3908 mos
1254 3848 1423 3922 antiquitus
1455 3847 1545 3910 valde
1576 3846 1733 3924 ultratus,
1760 3854 1964 3914 nuncOmio·

261 3945 357 3997 tuta,
381 3930 462 3988 circa
486 3947 555 4003 quae
573 3927 779 3990 admonentur
795 3928 947 3999 Parnassi,
969 3928 1029 3988 imo
1067 3938 1171 3986 tamen
1200 3927 1315 4004 rarior,
1332 3927 1517 4003 Orationum
1544 3922 1745 4003 funebrium,
1770 3950 1839 4005 quae
1863 3929 1925 3989 Μ.
1939 3916 1986 3971 ¹³⁰·

261 4004 327 4081 rplis
357 4008 532 4082 praecipitur
559 4023 592 4069 ut
621 4011 652 4069 in
680 4010 716 4069 iis
740 4006 903 4091 prudenter
931 4002 959 4066 l'e
979 4024 1029 4082 ge·
1067 4002 1279 4068 recitabantur
1300 4008 1330 4068 in
1354 4004 1419 4083 ipsis
1435 4004 1659 4070 Desuntlorum
1685 3979 1984 4088 exequiis,”‘¹‘''¹¹'²·

261 4104 366 4161 rant,
404 4107 440 4148 ac
473 4089 578 4149 vitent
614 4089 742 4151 omnino
776 4085 923 4149 sordidum
948 4105 1027 4157 quae·
1066 4080 1137 4145 dum
1159 4086 1220 4161 ipsa
1239 4105 1344 4148 recens
1373 4082 1505 4149 desunsli
1532 4090 1682 4152 memoria
1715 4086 1747 4151 dc
1770 4109 1847 4162 prar-
1890 4114 1894 4185 q

260 4164 366 4240 llum,
392 4165 425 4230 dr
455 4165 554 4229 labem
585 4168 753 4242 avaritiae,
786 4168 817 4226 in
851 4187 919 4241 quae
940 4160 1028 4227 facile
1066 4158 1163 4226 sentia
1188 4182 1263 4228 nata
1290 4163 1517 4230 estconciliare
1548 4169 1759 4231 attentionem
1776 4188 1843 4234 ma·

260 4250 438 4322 incurrent,
459 4246 479 4305 si
509 4249 539 4307 in
570 4246 685 4310 iuribus
716 4241 773 4307 suis
798 4246 952 4322 exigendis
974 4244 1029 4307 du·
1064 4244 1189 4321 iorem,
1220 4244 1253 4308 δι
1285 4246 1476 4309 vivaciorem
1504 4246 1540 4308 de
1570 4265 1695 4326 morte,
1727 4248 1843 4313 iudicio

261 4328 283 4388 ri
309 4321 367 4384 lint
399 4345 433 4387 ac
452 4322 590 4389 difficiles
610 4350 619 4404 ;
641 4326 661 4388 li
686 4330 748 4389 iam
766 4327 880 4387 vetitas
913 4322 1024 4401 paslio·
1063 4340 1208 4389 extremo
1230 4372 1239 4395 ‚
1261 4323 1373 4399 alisque
1406 4323 1579 4391 novissimis
1616 4327 1715 4401 ideun
1740 4329 1844 4405 impri-

258 4425 310 4467 nes
335 4406 369 4469 dc
394 4409 619 4469 conventiones
643 4408 729 4480 super
761 4404 806 4467 his
833 4426 903 4467 cum
933 4404 1029 4491 haere·
1063 4423 1176 4467 mere.
1208 4404 1293 4467 Hinc
1326 4404 1464 4487 Synodus
1498 4405 1726 4471 Cameracensis
1760 4408 1845 4472 habi·

258 4484 343 4547 dibus
370 4487 475 4549 ineant
501 4533 510 4562 ,
539 4484 560 4546 st
591 4488 656 4551 suos
686 4486 889 4551 Patochianos
919 4485 955 4547 ad
988 4494 1028 4548 la·
1064 4500 1098 4546 ta
1131 4502 1213 4546 anno
1247 4486 1336 4564 1604.
1376 4489 1425 4549 tir.
1472 4502 1517 4565 13.
1560 4510 1624 4559 cap.
1667 4506 1691 4548 2.
1735 4486 1863 4553 statuit..

258 4563 370 4627 sluosas
398 4566 432 4631 δι
461 4588 523 4629 ιιοιι
553 4587 621 4630 raro
651 4589 720 4629 curn
758 4564 874 4628 summo
894 4562 1029 4627 filiorum
1063 4575 1097 4627 ut
1125 4563 1248 4628 Patrocli
1265 4564 1378 4645 semper
1406 4564 1529 4630 habeant
1551 4568 1783 4633 exhortacionem
1808 4568 1844 4632 irc

258 4645 429 4709 aliorumve
469 4647 622 4711 baeredum
659 4644 849 4710 incommodo
885 4647 1029 4720 exequias
1056 4641 1210 4722 sepultura
1236 4693 1245 4723 ,
1270 4643 1311 4712 (5
1340 4647 1472 4723 exequiis
1497 4645 1724 4729 Desuniiorutrr,
1757 4661 1843 4712 aure·

257 4740 312 4785 aut
341 4722 623 4792 anniversariorum
648 4725 932 4803 fundationes,ch
950 4728 1028 4788 mul·
1062 4744 1149 4801 quam
1163 4726 1301 4802 populum
1328 4726 1423 4791 alara
1441 4726 1587 4806 scpulurae
1615 4729 1789 4802 dimittant,
1806 4728 1841 4794 irs

258 4822 361 4866 torum
393 4802 547 4871 sacrorum
573 4808 812 4870 celebrationem
845 4809 1026 4869 hortentur.
1060 4824 1149 4883 caque
1180 4806 1220 4868 ad
1244 4806 1391 4869 orandum
1425 4825 1477 4884 pru
1518 4808 1665 4887 defunc'iir
1701 4805 1838 4873 omuibus

255 4885 347 4949 Licet
377 4889 460 4948 enim
485 4886 617 4965 probet,
644 4891 705 4947 imo
734 4890 891 4965 praecipiat
925 4886 1029 4950 Eccle·
1060 4885 1213 4949 horrentur
1240 4908 1249 4963 ς
1278 4886 1312 4952 dc
1340 4909 1405 4965 cap.
1434 4902 1461 4967 3.
1500 4907 1606 4952 monet
1638 4906 1673 4953 ur
1713 4886 1838 4963 quando

1733 4988 1800 5030 ura·
