4425 6000
542 525 715 600 Titane.
739 543 799 595 m
826 522 1084 594 innotatis
1114 522 1342 594 Decato'oi
1369 523 1475 596 Car.
1498 523 1603 594 viti.
1728 547 1833 622 399¹

241 630 260 681 l.
299 667 303 674 -
321 625 470 693 sllicitum
485 621 533 687 -ell
551 626 617 687 iure
635 621 776 688 naturali
801 618 914 685 librum
933 617 1049 684 samam
1084 640 1238 699 :tanquam
1255 618 1492 697 probabiliorem
1509 621 1560 686 uel
1576 621 1703 686 omnino
1715 642 1854 687 certam:

241 692 266 770 bl
284 708 414 787 proximi
436 703 619 781 laedentem,
639 702 822 770 &crimina
840 720 914 766 vera
939 698 1055 764 sedoc-
1091 723 1162 766 nam
1177 716 1299 765 cerrum
1316 700 1361 764 esl
1379 697 1495 765 ¹sarnam
1509 700 1648 766 crescere
1666 704 1767 766 eundo
1788 724 1858 778 pro·

259 780 270 798 '
285 789 372 853 culta
389 783 451 848 sine
467 782 544 849 iulia
558 781 660 849 caussa
673 798 854 846 narrantem
863 781 984 858 legere,
1001 797 1055 844 aut
1089 801 1126 846 ut
1147 781 1338 857 experientia
1354 778 1416 858 ipsa
1436 781 1640 846 demonstrat.
1659 782 1745 847 Huic
1758 785 1857 845 ratio·

241 902 253 931 ι.
280 869 365 933 bunc
387 866 562 943 legentem,
580 861 699 927 seuilla
712 861 1056 926 criminaoccultanat·
1091 867 1124 927 ni
1145 858 1264 925 accedit
1284 859 1364 937 quod
1380 858 1461 937 saepe
1474 858 1558 927 sama
1574 861 1615 925 sic
1639 861 1762 925 causata
1782 880 1857 938 prat·

241 963 266 1025 t:
289 965 410 1013 tantem
442 944 575 1007 audire:
603 961 679 1005 nam
711 939 808 1005 leslor
834 940 1058 1018 quodammodo
1086 943 1161 1006 ‘beat
1182 938 1334 1025 iudicibus
1359 940 1467 1007 ansani
1491 940 1712 1019 inquisitionis,
1740 940 1857 1004 etiamsi

241 1014 444 1104 {¹¹·consentit
473 1022 712 1099 &cooperatur
738 1019 841 1095 culpe
868 1019 998 1085 rudioris
1018 1021 1058 1082 li·
1094 1023 1181 1098 primi
1198 1017 1336 1084 auderes
1356 1021 1556 1100 ignorentur,
1584 1042 1645 1099 qua
1664 1018 1859 1097 inquifitiorie

241 1077 267 1191 ζ’,
284 1108 358 1183 bri,
375 1102 410 1171 dt
439 1103 561 1168 auditor
587 1099 783 1166 detraflioni.
809 1100 949 1177 Quisque
971 1102 1059 1164 enirn
1080 1100 1170 1166 sasla
1187 1096 1326 1166 tametsi·
1341 1101 1477 1178 inquisiti
1504 1099 1723 1180 absolvantur,
1745 1099 1859 1165 nihilo·

288 1187 388 1252 vellet
404 1182 632 1250 rationabiliter
646 1198 683 1247 ut
698 1181 895 1246 libercontra
903 1182 1059 1256 propriam
1092 1188 1192 1246 minus
1220 1180 1265 1243 his
1292 1178 1347 1243 illa
1367 1181 1493 1246 macula
1520 1200 1671 1259 perpetua
1698 1198 1857 1263 remanet.

289 1264 404 1333 samam
424 1261 534 1329 iniusle
551 1259 718 1338 scriptura
742 1261 864 1325 nemine
879 1260 1060 1345 legeretur,
1093 1264 1142 1326 Ex
1157 1262 1206 1324 his
1228 1260 1372 1325 omnibus
1397 1258 1534 1340 sequitur
1554 1265 1694 1341 graviter
1716 1281 1769 1326 eos
1786 1281 1859 1337 pec·

288 1347 324 1413 dt
339 1343 393 1411 sua
413 1347 541 1410 erimina
563 1343 764 1407 licetvera'a
780 1339 870 1406 nullo
890 1341 1061 1417 panderen·
1093 1363 1163 1407 care
1178 1344 1227 1418 qui
1245 1337 1353 1404 delista
1371 1338 1555 1417 probabilius
1574 1338 1670 1416 falsa,
1689 1340 1806 1405 etiamsi
1822 1360 1859 1405 ea

289 1445 343 1493 tur
357 1423 392 1492 dt
412 1424 609 1491 audirentur.
776 1471 780 1477 .
1091 1425 1190 1487 solum
1205 1442 1241 1487 iit
1257 1422 1364 1485 audita
1380 1420 1415 1485 dt
1433 1421 1523 1486 valde
1537 1420 1626 1485 dubia
1638 1439 1784 1498 narrent,
1800 1442 1861 1485 me·

327 1509 437 1571 Peccat
458 1505 637 1569 mortaliter
651 1520 767 1567 contra
783 1498 1061 1570 iiillit-iamaiidita
1093 1506 1176 1567 diate
1204 1500 1254 1565 vel
1287 1499 1463 1567 immediate
1490 1506 1537 1564 in·
1553 1501 1662 1580 vulgus
1690 1501 1862 1579 spargunt:

289 1588 341 1649 vel
361 1583 441 1651 setta
463 1583 542 1647 mala
571 1578 731 1656 reserens,
750 1599 796 1646 eo
817 1579 984 1644 modoael
1004 1601 1059 1644 au·
1095 1591 1152 1646 trec
1179 1581 1320 1645 excusari
1349 1577 1470 1659 possunt
1490 1603 1512 1645 a
1533 1584 1622 1660 gravi
1643 1599 1865 1661 peccato,'et·

289 1664 385 1731 stores
405 1682 462 1727 eos
479 1660 686 1734 nominando,
711 1677 747 1723 ut
766 1657 929 1725 auditores
944 1662 1060 1724 merito
1090 1661 1179 1728 iamsi
1200 1679 1385 1726 concurrant
1401 1660 1640 1725 circumllantiae
1657 1661 1791 1736 alioquin
1808 1680 1865 1724 ex·

290 1747 359 1809 duci
378 1740 487 1822 poffiut
509 1740 546 1807 ad
584 1760 659 1806 rare
678 1739 796 1804 melum
811 1741 1004 1816 opinandum
1018 1739 1060 1803 de
1094 1740 1234 1809 cusantes
1260 1737 1547 1807 amanifeslatione
1573 1744 1693 1818 peccati
1719 1741 1864 1819 occulti,

290 1827 430 1903 proximo
450 1821 500 1887 vel
528 1763 753 1897 suspicandum.
787 1818 878 1883 Talis
901 1823 990 1883 enim
1018 1819 1060 1883 eli
1090 1825 1213 1902 qulairi
1234 1821 1289 1883 tal-i
1309 1819 1380 1885 casu
1402 1839 1463 1884 non
1481 1820 1606 1898 praetise
1620 1820 1652 1882 hi
1667 1816 1865 1885 manifestant
1889 1835 1914 1854 ³

290 1903 402 1968 iniussa
426 1900 529 1967 caussa
554 1921 650 1979 quare
678 1918 772 1978 grave
796 1899 918 1963 malum
936 1901 990 1963 seu
1003 1898 1060 1964 da·
1096 1900 1237 1967 delislum
1269 1901 1430 1964 occultum
1454 1917 1544 1964 certo
1570 1900 1783 1975 commissum,
1812 1897 1865 1964 sed

284 2006 395 2048 annum
413 1977 742 2060 proximoinferatur,
758 2000 829 2042 cum
846 1978 1060 2056 praebeitaiiii
1095 1981 1222 2064 gradum
1250 1977 1473 2058 probabilitatis
1499 1977 1536 2045 dt
1562 1977 1779 2043 credibilitatis
1810 2000 1866 2043 au·

290 2062 493 2127 sufficientem
522 2061 658 2125 caitss'ani
683 2060 762 2122 male
790 2059 830 2123 de
856 2080 895 2122 eo
913 2059 1060 2134 opinandi
1096 2080 1168 2143 gent
1185 2065 1266 2126 circa
1286 2058 1434 2124 delisinm
1464 2058 1644 2136 probabilius
1665 2055 1795 2134 salsum,
1815 2076 1866 2122 ut·

292 2144 401 2206 audita
421 2142 457 2203 de
473 2159 511 2203 eo
527 2139 577 2203 vel
592 2138 670 2203 lesia
685 2143 729 2202 i'ta
745 2139 942 2215 exponendo.
959 2138 1061 2203 Posset
1096 2158 1169 2221 pote
1188 2146 1239 2218 qui
1254 2139 1316 2210 sirit
1338 2143 1465 2217 pmxin'ii
1485 2138 1627 2204 nudiores
1643 2133 1868 2203 samae.1dem·
1959 2173 1961 2177 ·

291 2239 399 2286 tamen
426 2213 660 2284 taliareserens
684 2215 821 2282 excusari
844 2219 1009 2282 amortali
1039 2217 1061 2279 si
1095 2242 1155 2298 que
1170 2221 1267 2285 dicito
1287 2219 1323 2282 de
1351 2219 1516 2298 evulgante
1532 2222 1563 2280 iii
1590 2218 1690 2293 plures
1714 2237 1779 2281 rein
1800 2217 1868 2281 liri·

292 2320 342 2364 res
356 2315 482 2362 narrata
498 2296 535 2361 sit
551 2302 614 2362 iam
634 2301 757 2363 notoria
776 2300 859 2363 inter
876 2300 1000 2378 piures,
1017 2301 1061 2361 ita
1093 2302 1142 2366 sle
1159 2300 1299 2376 dubiam,
1315 2297 1442 2362 necdum
1461 2297 1596 2374 pluribus
1618 2300 1794 2374 notoriam,
1817 2317 1868 2361 ta·

294 2397 333 2443 ut
358 2378 465 2443 credat
494 2398 532 2441 ea
560 2376 627 2442 fore
642 2373 809 2442 manifesta
839 2399 958 2458 magna
981 2381 1061 2455 parti
1097 2379 1184 2445 metfi
1208 2381 1290 2444 dicat
1313 2379 1379 2442 rem
1401 2380 1524 2442 dubiam
1543 2378 1621 2453 esse,
1650 2382 1722 2455 quia
1744 2395 1866 2441 certum

291 2458 554 2537 Communitatis,
577 2457 613 2523 dt
641 2453 756 2522 reserat
781 2474 869 2522 certa
896 2476 1063 2535 uncerta,
1096 2458 1195 2525 esi-ad
1208 2458 1322 2523 samam
1331 2462 1374 2521 rei
1397 2457 1494 2539 dubiae
1519 2458 1686 2522 addendum
1709 2453 1779 2521 fore
1801 2479 1869 2537 gra·

245 2547 267 2600 a
291 2536 386 2602 dubia
407 2555 441 2600 ut
461 2537 551 2603 dubia
590 2535 759 2615 prasertim
779 2557 982 2603 concurrente
997 2557 1062 2601 ino·
1097 2542 1171 2605 dum
1191 2538 1436 2617 probabilitatis.
1459 2555 1513 2600 aut
1532 2538 1765 2615 credibilitatis,
1789 2535 1870 2615 qnod

289 2620 365 2684 tiro
395 2584 577 2696 procurandi
605 2616 721 2685 bonurn
746 2639 908 2683 conrnune
933 2619 984 2682 vel
1005 2619 1063 2694 pri·
1097 2625 1324 2685 incrementum
1337 2619 1476 2695 graviter
1495 2618 1672 2693 praeiudicat
1688 2617 1779 2682 samae
1796 2619 1871 2683 alie·

292 2697 405 2762 vitum
431 2696 633 2762 necessarium
660 2717 692 2763 v.
713 2718 743 2775 g.
766 2697 929 2764 avertendi
958 2695 1064 2772 furta,
1100 2723 1168 2766 nae.
1185 2701 1271 2763 Hinc
1285 2696 1366 2775 plebi
1382 2698 1583 2761 vehementer
1600 2697 1816 2762 inculcandum
1830 2717 1870 2774 ne

291 2772 453 2852 scandala,
474 2775 679 2853 sedudiiones,
700 2798 719 2840 a
738 2775 791 2841 sua
810 2778 1066 2854 Communitate,
1099 2801 1146 2843 res
1177 2783 1306 2842 incertas
1325 2776 1462 2840 nondum
1489 2781 1626 2840 notorias
1653 2778 1870 2855 disseminent,

292 2853 330 2920 ἀ
353 2857 507 2931 praebendi
535 2875 590 2931 per
614 2853 901 2921 austionemsamae
933 2856 1064 2935 publica
1099 2858 1149 2922 sed
1169 2878 1221 2922 eas
1241 2855 1264 2918 st
1283 2855 1366 2919 bono
1383 2858 1536 2919 communi
1564 2873 1621 2919 ant
1648 2859 1771 2930 privato
1793 2877 1871 2935 prae·

290 2932 483 3001 occasionem
508 2936 546 3000 ad
575 2932 800 3013 inquisitionem
829 2936 981 3015 publicam
994 2935 1076 3014 ,ads
1101 2940 1238 3004 iudicent
1253 2934 1423 3001 denunciet
1444 2936 1535 2999 indici
1553 2936 1602 2999 vel
1623 2936 1722 3000 altero
1737 2934 1870 3015 superio·

293 3030 372 3080 tunc
393 3017 536 3080 irrimunis
556 3012 599 3079 est
620 3016 736 3082 relator
749 3018 885 3090 -amlpa-
899 3032 969 3081 tum
983 3024 1069 3079 rnn'r·
1101 3024 1128 3084 ri
1149 3018 1345 3092 immediato,
1366 3032 1406 3080 ut
1421 3017 1554 3092 inquiri,
1572 3013 1609 3080 dt
1634 3014 1684 3079 ubi
1707 3037 1784 3159 (ἔρις
1806 3012 1872 3081 sue·

294 3093 353 3160 tali
375 3112 442 3159 tuin
468 3096 599 3172 veniali,
625 3099 698 3174 qnia
717 3095 894 3163 huiusmodi
915 3095 1066 3162 obiedlum
1102 3104 1165 3178 rit,
1191 3094 1531 3162 emendarisvaleant:
1557 3094 1581 3159 si
1606 3097 1691 3160 secus
1730 3099 1870 3175 ecerint,

294 3175 330 3239 in
358 3171 564 3240 aestimatione
588 3175 698 3242 morali
728 3180 789 3243 iarn
818 3174 936 3244 censeri
953 3175 1065 3255 =potell
1102 3175 1309 3245 Constslariiii
1325 3197 1381 3242 eos
1410 3186 1558 3254 tanquam
1585 3173 1775 3241 detrudores
1803 3194 1868 3243 tra·

297 3255 458 3320 notorium
479 3274 592 3334 utpote
615 3259 679 3323 iam
707 3257 912 3324 constitutum
942 3255 1067 3322 irradio
1101 3259 1317 3326 diacedebem·
1763 3275 1765 3279 ·

297 3336 398 3411 primo
418 3339 557 3422 proximo
577 3336 795 3415 notorietatis,
814 3360 881 3415 quar
903 3335 967 3402 sere
990 3335 1066 3401 sein·
1143 3342 1279 3404 Narrant
1295 3335 1399 3401 audita
1414 3333 1476 3400 sine
1494 3334 1599 3401 caussa
1614 3334 1697 3401 hisce
1713 3357 1792 3416 quos
1805 3358 1872 3414 pro·

297 3433 351 3491 per
366 3416 504 3491 consequi
527 3413 606 3481 solet
627 3419 665 3484 ad
690 3415 857 3482 huiusmodi
888 3416 985 3482 aslum
1005 3420 1067 3498 pri·
1102 3421 1202 3486 babile
1217 3416 1260 3484 est
1280 3437 1320 3481 ert
1340 3413 1401 3482 sola
1430 3417 1563 3482 levitate
1585 3417 1636 3481 vel
1658 3417 1779 3482 malitia
1806 3438 1874 3483 cre·

270 3510 350 3567 ¹eno
373 3499 562 3570 proximum.
583 3496 613 3580 Si
639 3516 716 3560 vero
738 3514 842 3562 narret
861 3519 927 3561 rem
950 3516 1067 3561 cetram
1103 3501 1242 3576 diturus,
1263 3497 1386 3561 tametsi
1416 3517 1477 3560 non
1507 3493 1621 3560 reserat
1635 3517 1681 3561 eo
1704 3498 1815 3577 modo,
1836 3513 1873 3563 ut

291 3571 437 3637 auditam
453 3571 491 3637 ab
506 3574 675 3638 unosolum
689 3576 738 3639 tel
749 3578 869 3655 altero,
888 3598 926 3639 ac
938 3575 1067 3638 necdum
1103 3583 1217 3643 merito
1245 3576 1319 3640 fides
1335 3579 1388 3638 illi
1411 3574 1517 3639 haberi
1544 3573 1655 3653 possit,
1673 3593 1781 3652 peccat
1810 3597 1875 3659 non

292 3650 432 3729 pluribus
451 3655 628 3728 notoriam,
654 3657 698 3717 ita
719 3673 755 3718 ut
771 3654 889 3718 dubitet
912 3676 951 3718 an
971 3652 1008 3717 lit
1024 3654 1068 3714 di·
1105 3660 1203 3721 solum
1223 3674 1334 3721 contra
1353 3657 1558 3727 charitatem,
1579 3677 1639 3730 qua
1659 3657 1875 3732 quisque'ma·

297 3730 458 3806 vulganda·
474 3734 506 3791 in
526 3732 657 3808 vulgus,
677 3749 783 3808 peccat
812 3754 849 3797 ac
870 3733 892 3795 si
915 3730 977 3808 ipse
1008 3735 1068 3809 pri·
1106 3738 1169 3799 lum
1189 3737 1322 3811 proximi
1343 3733 1485 3811 impedire
1504 3733 1618 3812 deber,
1636 3737 1768 3800 maxime
1778 3756 1874 3812 quan·

291 3829 365 3873 mus
386 3804 515 3875 referret
537 3808 591 3877 nisi
612 3827 800 3875 concurrant
828 3810 1068 3876 circumstantia
1105 3815 1147 3879 do
1168 3810 1261 3878 facile
1288 3813 1385 3890 potest
1407 3861 1416 3889 ,
1444 3813 1494 3876 sed
1520 3817 1617 3876 etiam
1638 3831 1750 3879 contra
1784 3812 1872 3878 iusti·

296 3883 478 3951 excusantes
504 3910 522 3953 a
542 3889 731 3955 detrastione
759 3910 856 3956 antea
881 3891 1010 3956 ieiaiae.
1037 3890 1068 3952 Si
1106 3899 1203 3972 tiam,
1219 3914 1292 3959 cum
1312 3897 1470 3972 proximus
1488 3896 1534 3956 ius
1554 3893 1666 3957 lrabeat
1689 3913 1728 3958 ne
1748 3891 1811 3957 sine
1827 3898 1875 3959 iu.

295 3985 373 4030 vero
389 3986 495 4034 narret
516 3989 581 4033 rem
594 3970 639 4034 ab
661 3971 731 4035 aliis
750 3970 892 4035 auditam
909 3971 1007 4035 adbuc
1021 3971 1068 4032 in·
1106 3973 1150 4040 sla
1168 3974 1273 4039 caussa
1288 3995 1360 4038 curn
1376 3973 1511 4048 periculo
1525 3971 1592 4037 suae
1614 3969 1748 4037 insamiae
1767 3974 1875 4041 auditi

289 4065 347 4133 ¹ter
368 4066 481 4123 paucos
501 4050 675 4126 occultam,
692 4070 762 4128 eam
777 4047 935 4117 resciendo
950 4067 985 4114 ut
1001 4069 1069 4114 cer·
1107 4051 1305 4132 reserantur,
1336 4073 1374 4116 ne
1401 4050 1487 4128 ipsius
1524 4048 1604 4116 fama
1632 4054 1874 4127 praeiudicant.

296 4144 382 4203 tam,
395 4129 454 4218 ¹vel
472 4147 507 4193 iit
530 4129 713 4206 probabilius
734 4150 865 4207 veram,
889 4131 942 4196 vel
961 4127 1070 4193 saltem
1103 4133 1199 4209 Quod
1220 4131 1241 4194 si
1262 4137 1328 4210 quis
1347 4133 1454 4197 audita
1466 4128 1641 4194 manifeslet
1662 4133 1825 4212 eomodo,
1841 4133 1877 4200 δι

295 4223 333 4271 tit
351 4203 448 4270 slrisle
462 4209 584 4274 dubiam
597 4257 606 4285 ,
619 4232 691 4274 cum
710 4227 817 4274 tamen
832 4207 870 4274 sit
887 4212 1009 4286 praenile
1026 4209 1070 4272 la·
1109 4220 1140 4277 iii
1162 4217 1198 4276 iis
1220 4211 1457 4276 circumstantiis
1475 4258 1484 4289 ,
1513 4212 1562 4273 ubi
1591 4230 1679 4288 paret
1715 4215 1877 4277 audientes

296 4302 331 4349 te
347 4285 456 4363 dubia,
473 4310 506 4352 ac
528 4288 712 4362 probabilius
734 4287 831 4369 falsa,
846 4290 920 4354 talis
938 4286 1069 4352 reserens
1106 4313 1168 4357 non
1184 4292 1245 4355 esl'e
1259 4292 1453 4365 credituros,
1509 4313 1525 4354 c
1548 4291 1646 4355 ullum
1668 4291 1768 4356 adesse
1798 4288 1876 4356 inst·

337 4383 407 4429 ccat
434 4371 928 4449 mortaliter,quiain.regraui
951 4366 1070 4432 notabi-
1106 4375 1177 4436 miae
1194 4371 1376 4447 periculum,
1400 4390 1455 4433 nec
1524 4375 1649 4445 picionis
1675 4389 1730 4435 aut
1753 4370 1876 4437 dubita·

287 4504 292 4511 .
311 4447 370 4507 iter
386 4440 496 4509 samam
513 4451 643 4523 proximi
654 4448 738 4514 laedit
754 4451 924 4515 adiiciendo
944 4449 1070 4527 gradum
1107 4454 1202 4515 rionis
1224 4449 1262 4513 de
1288 4454 1418 4524 proximi
1448 4447 1588 4513 bonitate
1613 4451 1722 4528 (quod
1751 4471 1877 4530 perraro

296 4526 517 4604 certitudinis,
549 4527 599 4592 vel
626 4528 851 4672 probabilitatis
875 4536 908 4592 in
929 4550 961 4593 re
980 4528 1070 4594 dubia
1104 4529 1355 4608 contingitlnon
1372 4547 1475 4605 peceat
1491 4550 1547 4593 nec
1563 4532 1737 4595 mortaliter
1752 4551 1877 4597 necve·

287 4603 353 4680 ⁸vel
375 4605 559 4682 probabilius
580 4605 679 4691 sala,
702 4608 781 4673 ltem
805 4610 979 4674 mortaliter
1005 4628 1069 4681 pec·
1102 4612 1256 4685 ,nialiter,
1271 4606 1387 4673 siiusia
1408 4612 1598 4676 interveniat
1618 4614 1701 4676 ratio
1725 4632 1761 4677 ea
1784 4632 1877 4678 enar·

286 4701 351 4767 ¹cat
380 4681 401 4747 si
431 4708 496 4750 rem
517 4687 565 4753 ‘ab
593 4690 660 4753 aliis
684 4690 824 4754 auditam
846 4689 944 4754 adhuc
967 4689 1068 4752 occul·
1102 4691 1212 4767 tandi,
1231 4710 1305 4753 curu
1324 4688 1382 4754 boc
1409 4691 1531 4756 nullum
1553 4690 1698 4760 damnum
1717 4709 1779 4760 aut
1794 4697 1877 4772 peti·

287 4783 386 4843 Ιιιιιι,
404 4766 439 4833 ἃ
457 4768 638 4845 probabilius
656 4767 764 4835 salsam
781 4788 884 4834 narret
898 4773 1004 4834 etiarn
1028 4767 1071 4833 so
1106 4775 1213 4838 culum
1229 4770 1330 4836 damni
1347 4769 1512 4848 producat.
1760 4776 1766 4793 “

296 4844 364 4908 lum
379 4860 415 4934 ¹iit
432 4845 496 4912 late
513 4847 635 4914 dubiam
655 4872 725 4916 cuni
744 4849 851 4915 addito
865 4863 950 4930 proiit
967 4846 1007 4913 ab
1018 4849 1072 4914 bar
1466 4870 1471 4879 ·

295 4927 350 4993 vel
375 4924 428 4991 illa
445 4926 711 5010 persona‚audt'vi,
742 4932 811 5006 quia
834 4931 982 4994 narrando
1007 4949 1072 4993 rein
1105 4955 1115 4977 ι

297 5024 335 5072 ιιι
366 5006 571 5079 latedubiam
598 5030 704 5076 certus
727 5008 789 5076 effe
806 5008 903 5085 potest
919 5030 984 5073 tem
1005 5030 1085 5086 ριο·Ι

295 5091 382 5153 xime
399 5093 512 5167 ituram
533 5092 566 5159 iii
582 5091 692 5171 viduus
708 5108 743 5157 iit
764 5088 867 5157 siridle
883 5088 1005 5157 dubiam
1020 5087 1071 5156 seu
1151 5144 1155 5151 .
