4425 6000
517 516 780 594 'Tituri
815 539 881 590 na
913 512 1553 592 liriusriria&c.Ciii‘.l.

249 620 308 687 ldie
329 616 407 687 fe‘ilo
427 616 515 685 ‘alia
533 618 567 683 in
583 616 726 686 savorem
747 617 959 695 litigantium,
984 632 1024 682 ,ut
1059 636 1106 680 reo
1123 617 1160 697 est
1179 612 1490 699 poliusfaevendum,
1518 638 1606 696 quam
1632 610 1726 685 aerii
1741 664 1750 680 .
1777 618 1829 687 Ita
1905 654 1908 661 ·

239 701 370 768 ¹caussae
391 668 522 779 ipsorum
542 704 656 765 veritas
671 699 767 777 magii
788 716 932 774 appareat
952 746 960 774 ,
988 716 1024 760 ut
1059 696 1101 780 Sy
1115 700 1206 764 vius,

257 781 330 850 sunt
347 782 397 847 vel
421 798 540 858 tempus
560 779 745 858 probationis
764 776 839 855 ,vel
856 778 931 843 alios
950 780 1025 844 iuris
1095 837 1098 842 ,
1122 822 1129 837 .
1150 776 1348 841 Personarum
1370 778 1508 853 acceptio
1536 781 1713 860 contingere
1732 776 1831 857 potest
1864 760 1976 874 affl?

252 865 409 927 terminos
429 880 604 941 prorogare.
635 855 795 936 Inprimis
818 877 881 922 non
901 859 1026 923 contin·
1062 800 1337 924 inbeneficiomm
1356 855 1622 925 ecclesiasticorum
1642 858 1830 940 collatione,
1856 848 1972 937 0,.ωᾴ

256 943 303 1022 git
321 944 435 1008 viritim
451 942 637 1018 acceptionis
657 936 963 1018 personatum‚lieet
976 938 1026 1001 lu·
1060 958 1117 1003 nec
1133 959 1195 1002 non
1211 941 1242 1002 in
1260 940 1319 1012 iis,
1339 940 1390 1017 qui
1408 936 1445 1001 ad
1465 937 1518 1012 illa
1536 939 1654 1020 eligunt
1675 940 1733 1020 ,ἃ
1750 960 1831 1021 prae·
1850 948 1969 1024 iuditii.

241 1022 321 1087 -dex
340 1025 394 1088 uni
414 1022 586 1101 concedat,
607 1040 669 1086 non
680 1019 792 1097 alteri,
812 1019 904 1084 modo
921 1022 1025 1084 neutri
1061 1017 1206 1095 lentant,
1226 1018 1346 1094 quando
1362 1039 1401 1082 ex
1421 1016 1653 1101 aesllmatione,
1682 1021 1732 1087 vel
1754 1019 1829 1086 affe·
1846 1008 1956 1104 onerari·

257 1096 1026 1181 desitinnecessariis3quiainiisquaesuntineius
1059 1098 1158 1163 illone
1189 1119 1258 1177 erga
1296 1097 1479 1175 personam,
1515 1119 1590 1178 puta
1620 1104 1691 1180 quia
1719 1090 1971 1191 potensffieffss'

258 1178 400 1248 favorem
421 1230 431 1261 ,
449 1181 556 1248 cedere
572 1178 670 1260 potest
698 1182 756 1245 iuri
772 1176 826 1245 suo
845 1227 854 1257 ,
880 1178 915 1245 ἀ
939 1180 1026 1243 licite
1060 1177 1117 1257 sir,
1132 1178 1217 1243 dives
1233 1227 1241 1254 ‚
1260 1176 1501 1258 consanguinea,
1517 1184 1614 1247 amita
1633 1231 1643 1262 ,
1668 1181 1719 1246 vel
1740 1180 1828 1246 litte·
1844 1202 1936 1258 dicii.

219 1301 222 1307 ·
258 1261 353 1327 alteri
374 1261 561 1341 concedere;
582 1260 744 1327 dummodo
760 1259 930 1325 scandalum
964 1279 1025 1341 non
1058 1262 1102 1326 tis
1118 1259 1372 1328 commendatitiis
1393 1262 1530 1338 munita,
1552 1264 1652 1326 minus
1671 1262 1699 1325 di
1723 1281 1779 1325 ntis
1796 1263 1829 1326 in

258 1345 406 1410 oriatur,
431 1338 465 1407 dt
486 1342 563 1407 nulli
582 1360 622 1406 ex
639 1340 698 1407 hoc
718 1341 927 1419 praeiudicium
947 1335 1026 1403 inle-
1060 1339 1415 1426 εΙιὲιίοιιι,ιοΗιιίοιιιΙ
1427 1388 1436 1417 ,
1449 1340 1684 1417 prasentatione
1700 1283 1829 1421 digniori
1920 1414 1921 1417 Ἴ

253 1441 370 1489 tatur.
394 1421 430 1485 In
454 1422 490 1486 iii
511 1438 637 1499 autem,
657 1442 725 1500 quae
748 1418 816 1485 sunt
838 1418 959 1484 secundi
977 1438 1026 1499 ge·
1061 1417 1267 1499 praeseratur.
1307 1418 1489 1484 Huiusmodi
1517 1420 1716 1499 personarum
1745 1439 1830 1487 acte·

247 1505 339 1567 ,netis
359 1519 467 1580 peccat
488 1501 580 1567 iudex
598 1505 680 1568 vitio
697 1503 879 1580 acceptionis
889 1496 1027 1577 persona·
1061 1505 1181 1581 ptiones
1197 1500 1371 1579 ordinarie,
1390 1498 1423 1565 ἃ
1441 1516 1476 1563 ut
1494 1500 1655 1579 plurimum
1667 1498 1830 1566 suntmor·

256 1601 344 1661 rum,
365 1579 551 1647 siconcedat
567 1586 620 1647 imi
641 1583 720 1660 quod
735 1582 823 1648 alteri
843 1599 956 1660 negat,
972 1577 1025 1643 nisi
1061 1582 1127 1647 tale
1142 1599 1330 1660 peccatum,
1355 1584 1417 1644 imo
1441 1579 1502 1644 sine
1530 1582 1597 1648 ulla
1619 1580 1830 1648 controversia

255 1660 449 1727 rationabilis
464 1662 566 1728 caussa
585 1663 616 1726 id
636 1666 741 1743 exigat
762 1711 771 1740 ,
791 1662 862 1739 quia
882 1681 943 1726 non
958 1659 1025 1725 ler·
1060 1660 1180 1742 semper
1196 1661 1345 1740 mortale,
1363 1660 1385 1724 si
1407 1678 1516 1739 agatur
1526 1662 1569 1728 ¹de
1584 1661 1762 1740 Beneficio,
1777 1666 1831 1726 cui

257 1760 316 1809 vat
335 1741 549 1886 aequalitatem
569 1741 873 1820 partibusdebitam.
905 1741 972 1805 Lex
993 1759 1026 1802 e·
1060 1763 1133 1812 cura
1164 1744 1333 1807 animarum
1366 1740 1544 1822 incumbit,
1578 1760 1615 1806 ut
1645 1763 1683 1807 eir
1708 1740 1828 1806 Concil.

257 1826 323 1886 nim
340 1840 374 1889 ta
389 1826 416 1886 ia
435 1825 602 1887 committit
623 1823 753 1888 arbitrio
764 1819 891 1900 iudicis,
911 1840 973 1886 non
993 1823 1025 1883 in
1062 1823 1149 1888 Trid.
1166 1821 1235 1886 seli.
1259 1841 1307 1903 24.
1324 1844 1392 1902 cap.
1415 1820 1462 1883 18.
1483 1822 1519 1885 dt
1534 1820 1684 1902 reformat.
1707 1820 1757 1885 ubi
1776 1822 1828 1886 ad·

257 1900 372 1981 ipfius,
392 1902 442 1966 sed
457 1902 685 1981 inlitigantium
694 1899 853 1980 savorem,
869 1918 1025 1979 quatenus
1060 1908 1160 1968 vertit
1180 1902 1372 1980 Concilium,
1389 1919 1430 1969 ait
1447 1898 1509 1964 sine
1530 1900 1663 1967 humano
1677 1898 1828 1979 relpeeiu,

256 1985 371 2048 merita
394 1981 507 2047 canisae
535 1981 684 2048 videbunt
716 1981 892 2061 postulare.
930 1981 1033 2060 Igitur
1058 1981 1237 2060 &affedlm
1258 1982 1304 2047 led
1321 1983 1419 2063 gloria
1441 1983 1657 2050 tantummodo
1676 1984 1754 2060 Dei,
1774 2001 1830 2059 po·

257 2061 448 2139 quandouni
475 2062 616 2137 concedit
642 2083 702 2128 non
731 2062 893 2127 secundnm
917 2064 1026 2124 merita
1060 2065 1198 2140 pulorum
1216 2065 1351 2141 utilitas,
1373 2064 1554 2126 meritorum
1569 2065 1725 2141 exigentia
1751 2082 1831 2138 praes

254 2141 390 2219 causlae,
403 2140 451 2206 sed
473 2144 589 2207 intuitu
611 2144 773 2221 amicitiae,
794 2141 845 2205 vel
863 2141 922 2203 alia
939 2138 1024 2203 simili
1060 2143 1260 2209 liciendorum
1276 2140 1417 2209 Ecclesiae
1432 2141 1630 2210 Parocbiales
1647 2141 1691 2207 de
1711 2140 1829 2220 pallore

250 2219 395 2287 indebita
408 2223 528 2299 caussa,
548 2224 626 2298 quod
642 2223 732 2289 alteri
752 2240 843 2299 negat
863 2224 1033 2306 ,commits
1062 2225 1306 2302 provideantur.
1333 2222 1425 2300 Qiod
1450 2222 1607 2286 decretum
1631 2222 1735 2287 verbis
1766 2239 1830 2285 ram

253 2302 302 2370 rit
317 2303 525 2380 acceptionem
543 2300 754 2379 personarum.
1059 2304 1150 2368 claris
1169 2321 1353 2382 conceptum
1381 2322 1421 2367 ne
1445 2304 1511 2379 quis
1533 2300 1591 2366 suit
1616 2304 1830 2380 explicationi·

297 2379 344 2447 Ut
359 2380 423 2453 ,hoc
442 2378 576 2461 effugere
598 2382 688 2461 poffit
702 2382 794 2446 iudex
814 2380 886 2444 ditm
904 2380 1023 2477 quinio·
1059 2382 1114 2449 bus
1133 2382 1294 2450 obscurare
1305 2384 1422 2460 pollet,
1442 2382 1677 2462 acdepravare,
1696 2378 1827 2453 obslitit,

248 2480 314 2528 tier
333 2464 499 2527 contrariae
521 2461 589 2530 sunt
609 2482 696 2541 aeque
715 2459 883 2538 probabiles
903 2506 913 2538 ,
936 2460 1024 2525 debet
1060 2485 1095 2529 ac
1111 2466 1204 2534 ,cavit
1219 2464 1247 2527 S.
1270 2467 1339 2527 Pius
1361 2464 1397 2525 V.
1431 2460 1484 2528 sua
1497 2462 1666 2526 Constitue.
1694 2483 1762 2538 qiiae
1782 2458 1826 2525 est

228 2542 294 2603 ¹rin
314 2539 372 2607 boc
388 2538 459 2605 casu
471 2590 481 2620 ,
497 2540 560 2608 sive
580 2562 690 2623 agatur
716 2542 752 2605 de
772 2538 879 2616 fabio,
910 2538 973 2605 live
988 2542 1034 2614 de¹
1062 2559 1109 2624 33.
1126 2547 1158 2607 iri
1179 2565 1237 2621 qua
1258 2544 1298 2608 sic
1313 2543 1449 2607 liabetur
1471 2568 1482 2604 .·
1504 2548 1551 2608 Ui
1573 2564 1630 2605 non
1646 2538 1752 2631 *stilum
1778 2539 1827 2606 di·

249 2624 327 2686 aure
342 2639 452 2706 ‚parem
482 2626 604 2700 utrique
633 2624 710 2708 parti
740 2621 771 2685 se
793 2619 937 2685 exhibere
961 2668 969 2699 ,
990 2619 1025 2685 ἀ
1055 2624 1142 2702 giris,
1154 2622 1212 2703 sed
1226 2626 1317 2687 etiam
1336 2624 1429 2702 magis
1456 2622 1567 2686 idoneis
1595 2622 1723 2699 ,repertis
1739 2632 1827 2685 tuxia

248 2704 461 2777 pronunciare
481 2703 559 2779 quod
578 2724 623 2767 res
642 2752 650 2779 ,
677 2707 727 2766 leu
746 2703 813 2764 eius
834 2703 967 2785 pretium
985 2720 1024 2764 eir
1057 2704 1183 2770 concilii
1200 2705 1339 2773 Tridenr.
1362 2704 1512 2769 decretum
1528 2700 1828 2766 PriocbialrsEccle·

249 2800 348 2860 roequo
370 2780 528 2846 dividatur
549 2786 632 2847 inter
652 2800 752 2858 partes
776 2827 786 2857 ,
810 2802 881 2843 cum
908 2782 968 2855 iple
988 2779 1024 2844 sit
1058 2787 1110 2863 fiae
1129 2780 1334 2864 conferantur,
1357 2784 1523 2858 volumus,
1546 2779 1587 2846 (φ
1603 2783 1706 2845 eadem
1722 2779 1829 2845 autbo-

248 2857 441 2927 constitutus
461 2860 676 2933 addicendum
696 2864 742 2924 511⁵
765 2906 774 2938 ι
801 2858 878 2934 quod
899 2861 931 2920 iss
956 2881 1024 2936 pro·
1060 2865 1150 2928 ritate
1167 2864 1351 2927 decernimus
1367 2910 1376 2938 ,
1395 2861 1471 2940 quod
1488 2863 1520 2942 fi
1546 2858 1701 2939 Episcopus
1726 2860 1827 2925 minas

248 2936 356 3027 <P⁰s¹t⁰
374 2944 501 3020 utrique
517 2945 598 3018 parri
626 2939 668 3006 est
690 2939 827 3018 aequale·
854 2938 937 3027 Hinc
958 2938 1022 3005 Na·
1062 2941 1190 3009 hahilem
1217 2941 1383 3026 posthabitis
1414 2946 1511 3021 magis
1547 2940 1660 3005 idoneis
1683 2938 1826 3016 ricerii,

258 3038 367 3110 varrus
386 3026 418 3085 in
439 3024 529 3101 confi
545 3022 610 3101 quis
629 3032 729 3085 aulem
748 3022 787 3084 dr
797 3030 954 3098 paenileni.
975 3019 1023 3083 di·
1056 3025 1155 3106 poffinr
1172 3023 1212 3099 ii,
1229 3025 1280 3102 qui
1298 3022 1398 3088 reieeii
1406 3020 1555 3110 fuerint,
1574 3044 1594 3085 a
1612 3022 1693 3085 mala
1711 2963 1828 3088 estildt-

247 3100 349 3187 Μ.
371 3121 400 3244 ἕ.
421 3124 450 3167 n.
472 3117 542 3182 130.
562 3101 597 3168 dc
618 3118 685 3184 134
702 3100 792 3166 docet
808 3119 870 3163 non
891 3100 971 3175 polle
992 3104 1023 3163 in
1058 3126 1093 3170 ne
1108 3103 1276 3184 huiusmodi
1294 3103 1609 3181 adlisriropolitanum
1628 3103 1787 3182 appellare.

254 3178 369 3246 ,bocca
385 3204 405 3247 u
419 3184 470 3261 ,ius
490 3182 547 3247 dici
568 3202 622 3260 pto
644 3184 744 3247 amico
765 3229 774 3258 ,
796 3177 830 3245 dt
849 3182 876 3242 ei
897 3179 1021 3243 conseri·
1097 3183 1172 3247 Dixi
1192 3182 1230 3247 de
1246 3182 1408 3248 Beneficiis
1429 3187 1600 3259 generatim
1625 3181 1832 3259 loquendoor·

247 3262 298 3323 rit
318 3258 483 3329 Banoefius
503 3262 539 3326 ad
560 3259 772 3339 praefationem
790 3260 933 3336 articuli,
953 3264 1032 3336 quia,
1056 3263 1189 3344 άὶηαήι,
1210 3261 1654 3344 (neminemneminer,
1674 3262 1829 3341 quiadan

247 3339 366 3419 iudex,
379 3344 430 3418 qui
448 3358 525 3407 tunc
543 3342 666 3407 videtur
681 3340 780 3420 liber,
800 3360 862 3404 non
885 3339 928 3403 ell
942 3339 1023 3405 libet
1058 3361 1110 3406 tur
1129 3345 1224 3421 aliqui
1245 3343 1329 3409 casus
1349 3341 1471 3421 quando
1492 3341 1653 3407 Beneficia
1680 3363 1745 3407 non
1773 3362 1829 3406 cu·

248 3439 325 3483 cum
355 3422 532 3496 praeiudicio
555 3422 702 3491 alterins.
727 3420 821 3484 Unde
848 3418 937 3486 sicuti
957 3439 1021 3484 noti
1057 3420 1309 3489 rataetiamsme
1328 3423 1450 3487 mortali
1466 3419 1738 3500 peccatocoiiserri
1800 3417 1827 3485 s·

248 3496 300 3565 est
320 3498 429 3578 liber,
464 3518 501 3567 tit
529 3504 631 3567 neutri
660 3502 848 3579 litigantium
870 3498 1020 3564 adiudicet
1057 3499 1127 3565 sunt
1144 3500 1380 3582 minusadigno,
1407 3519 1442 3567 ut
1465 3523 1494 3566 v.
1512 3523 1539 3580 g.
1562 3499 1675 3578 siopus
1696 3503 1733 3565 lit
1757 3442 1827 3565 sda-

256 3596 340 3655 tem,
360 3580 397 3645 de
413 3603 472 3658 qua
494 3585 610 3661 agitur,
627 3579 667 3646 sic
684 3580 795 3645 nonest
814 3577 907 3658 liber,
927 3597 1032 3659 utto,
1055 3581 1224 3648 minlslrare
1244 3584 1393 3649 alimenta
1417 3580 1530 3662 pallori
1548 3582 1698 3659 infirmo,
1716 3580 1751 3646 δι
1774 3584 1828 3644 ini·

257 3672 325 3723 tum
345 3663 399 3724 uni
416 3661 697 3738 adiudicet,cuiei
715 3660 894 3738 placuerit,
918 3656 967 3723 sed
988 3682 1021 3723 u·
1056 3681 1113 3725 nui
1137 3663 1249 3728 idoneo
1280 3663 1316 3726 ad
1340 3658 1443 3727 officia
1471 3659 1635 3739 pastoralia
1661 3660 1827 3740 obeunda,
1942 3725 1955 3741 κ

256 3742 356 3816 trique
376 3786 386 3817 ,
405 3756 440 3805 iit
459 3760 500 3804 eir
517 3759 606 3816 aequo
622 3738 805 3818 dividatur,
833 3753 887 3803 aut
914 3757 1016 3817 partes
1056 3740 1186 3819 ideoque
1208 3743 1246 3806 ab
1267 3745 1437 3808 animarum
1452 3762 1526 3806 cura
1548 3739 1750 3804 removendo.
1773 3743 1828 3804 Pa·
1913 3772 1915 3777 .

247 3816 458 3888 iamicabiliter
473 3834 712 3898 componantur.
1057 3824 1133 3884 riter
1149 3820 1169 3885 si
1190 3824 1319 3888 alicuius
1338 3821 1531 3898 Sacerdotis,
1547 3821 1598 3883 vel
1614 3819 1830 3884 Clericiindi·

293 3896 431 3972 Qiando
448 3916 524 3962 vero
549 3917 611 3962 una
631 3895 673 3959 est
707 3895 888 3974 probabilior
908 3900 1020 3978 alteia,
1056 3904 1167 3988 gentiae
1189 3904 1279 3966 aliter
1290 3900 1444 3965 subveniri
1466 3918 1616 3977 nequeat,
1632 3898 1685 3962 nisi
1706 3903 1734 3963 ei
1754 3919 1830 3965 con·

247 3995 342 4042 certe
358 3978 390 4038 in
404 3975 545 4042 civilibus
566 3975 646 4054 sequi
668 3976 759 4041 debet
779 3974 1022 4058 probabiliorem,
1053 3982 1180 4047 letendo
1198 3980 1390 4046 Beneficium
1410 3979 1554 4060 simplex,
1573 3982 1644 4057 quia
1666 4001 1705 4044 ex
1725 3979 1830 4045 liuius·

246 4056 310 4119 'nisi
332 4051 413 4121 sorte
434 4056 561 4135 quaeslio
581 4058 618 4122 lit
634 4059 725 4136 iuris,
739 4054 775 4122 dt
793 4057 895 4121 altera
913 4060 1022 4142 opinio
1055 4062 1136 4123 modi
1160 4061 1353 4142 dispositione
1373 4057 1504 4124 Ecclesia
1519 4057 1714 4123 ⁴commodum
1733 4063 1829 4139 perci·

245 4133 293 4200 ·sit
308 4142 500 4203 communior
515 4186 524 4213 ,
540 4135 692 4219 magisque
708 4153 834 4215 recepta
855 4140 885 4199 in
907 4141 992 4214 praxi
1013 4187 1021 4216 ,
1056 4144 1124 4218 pir,
1141 4162 1176 4206 ac
1196 4142 1305 4206 exinde
1327 4143 1416 4219 digna
1436 4142 1539 4218 potius
1556 4138 1599 4203 cll
1620 4157 1655 4203 ut
1675 4159 1830 4205 commeri-

245 4234 326 4280 -cum
342 4217 479 4283 iudicate
494 4218 603 4284 debeat
623 4215 786 4288 secundum
807 4219 917 4282 merita
932 4216 1019 4281 caus·
1055 4221 1145 4285 detur
1161 4223 1232 4285 talis
1252 4219 1404 4300 provilio,
1419 4240 1509 4296 quam
1526 4217 1708 4297 reprobetur
1728 4267 1737 4297 ,
1766 4238 1823 4284 nec

247 4292 317 4360 sar:
334 4298 449 4362 maiora
470 4315 573 4381 aurem
591 4296 662 4362 sunt
682 4320 738 4375 pro
754 4318 812 4374 co,
832 4317 887 4374 pro
905 4295 1020 4375 quosa·
1056 4319 1119 4363 non
1137 4303 1262 4366 videtur
1282 4300 1347 4364 dari
1368 4303 1461 4365 etiam
1477 4299 1579 4376 aliqua
1593 4318 1669 4362 exce
1691 4301 1763 4376 tio,
1786 4316 1824 4363 ut

255 4378 299 4439 cit
313 4379 421 4452 opinio
435 4378 636 4456 probabilior,
652 4396 708 4452 aut
728 4378 863 4456 alioquin
883 4398 1020 4441 commu·
1055 4380 1129 4443 alias
1154 4402 1226 4444 cum
1274 4382 1429 4443 raviorum
1451 4376 1601 4443 sententia
1628 4321 1739 4444 didam
1765 4373 1827 4444 fuit

255 4456 343 4547 nior,
357 4455 494 4536 &magis
509 4478 646 4535 recepta.
668 4458 811 4535 Iniquum
820 4456 943 4523 videtur
953 4478 1017 4521 non
1054 4459 1153 4536 quoad
1169 4403 1317 4525 benedtia
1338 4463 1598 4539 lurispatronatus.
1615 4507 1624 4535 ‚
1643 4462 1675 4521 in
1695 4477 1826 4536 quornm

255 4534 390 4602 ruditate
416 4559 472 4614 pro
490 4539 575 4619 illo,
598 4541 647 4615 qui
675 4539 783 4605 melius
810 4538 943 4617 probat,
967 4538 1020 4603 sic·
1053 4539 1219 4607 collatione
1241 4561 1302 4607 non
1326 4557 1417 4603 tanto
1433 4543 1531 4618 rigore
1550 4539 1737 4623 observanda
1759 4536 1825 4614 est,

255 4619 303 4677 uti
332 4619 385 4696 qui
410 4614 545 4684 ostendit
573 4637 691 4697 partem
715 4638 810 4696 quam
839 4633 947 4682 tuetur
974 4615 1019 4681 es·
1053 4619 1107 4686 leit
1122 4619 1158 4682 de
1175 4619 1305 4696 digniori
1319 4617 1451 4697 respetlu
1467 4619 1624 4696 eligentis,
1640 4622 1826 4698 praesentan-

257 4688 286 4756 se
322 4695 588 4779 probabiliorem,
625 4714 679 4763 aut
715 4698 851 4774 alioquin
879 4719 1018 4763 commu·
1056 4702 1116 4776 tis,
1135 4695 1370 4763 &conserentis
1389 4744 1397 4760 .
1419 4700 1477 4760 His
1498 4715 1606 4762 tamen
1626 4698 1754 4763 exclusis
1773 4714 1826 4762 ca·

257 4777 370 4865 niorein
402 4774 555 4857 magisque
578 4794 752 4858 receptam.
782 4777 856 4842 Dixi
879 4777 912 4842 in
937 4779 1018 4860 caus·
1055 4777 1148 4854 sibus,
1165 4781 1224 4841 etit
1245 4781 1379 4844 mortale
1400 4778 1531 4842 sialiter
1549 4776 1626 4857 fiat;
1647 4782 1717 4856 quia
1734 4775 1754 4839 si
1770 4795 1825 4853 pa·

244 4855 294 4930 :fis
320 4853 492 4935 civilibus,
518 4860 590 4936 quia
619 4862 652 4922 in
675 4858 884 4923 criminalibus
920 4859 1018 4937 potest
1055 4860 1155 4935 ttoni,
1177 4859 1290 4934 aliique
1304 4860 1457 4924 ordinarie
1474 4876 1690 4922 noncurarent
1710 4854 1827 4935 dignio-

258 4935 346 5000 iudeir
367 4983 377 5013 ,
399 4939 463 5000 imo
485 4938 577 5004 debet
600 4936 684 5015 sequi
712 4943 811 5002 minus
835 4938 1018 5016 probabilem
1055 4958 1101 5001 res
1123 4933 1291 5016 preferre,
1319 4937 1485 5003 deficerent
1512 4940 1544 4999 in
1572 4958 1606 5000 re
1632 4941 1734 5014 magni
1758 4955 1826 4997 mo·
1917 4974 1920 4979 -

255 5032 341 5078 teum
376 5015 559 5083 absolvendo
592 5022 680 5085 iuxta
710 5019 848 5098 tegulam
885 5022 958 5083 iuria
984 5024 1017 5084 in
1054 5020 1152 5080 menti
1176 5034 1285 5083 contra
1312 5021 1521 5085 intentionem
1540 5014 1762 5092 fundatorum,
1791 5011 1826 5077 δι

244 5097 286 5156 1.
311 5099 389 5163 Cain
411 5095 492 5164 raim
513 5096 588 5177 sunt
621 5097 753 5181 panium
779 5098 848 5164 sm
878 5098 1017 5182 obsim,
1051 5094 1270 5177 fidelitatem,
1300 5101 1350 5166 cui
1376 5115 1523 5164 tenentur
1542 5116 1613 5176 eiga
1640 5091 1824 5238 Ecclesssam.

516 5307 595 5347 N.
