4425 6000
391 520 465 622 136
613 515 1636 597 'fraemnulrtrunrrs&econverso

330 641 404 690 auen
421 617 580 698 nequidem
600 617 855 684 locatoriseram
873 637 994 696 captam
1023 615 1103 682 resli.
1141 637 1173 681 re
1203 618 1279 681 lucri
1302 619 1443 683 cessantis
1475 621 1525 684 vel
1555 619 1656 684 damni
1691 627 1907 706 emergentis,

331 717 442 781 tuere,
461 719 531 778 quae
552 697 687 765 libertati
704 701 838 765 naturali
860 697 1036 774 fruebatur,
1056 696 1104 761 sed
1139 697 1220 774 quod
1239 697 1387 762 Creditori
1410 748 1418 776 ,
1446 696 1498 762 sen
1526 703 1570 764 rei
1600 700 1723 765 domino
1743 707 1901 783 continget

329 779 433 848 (olum
451 779 595 847 resarcite
609 778 754 842 damnum
765 781 885 845 illatum
901 778 921 842 si
937 799 1031 859 grave
1046 775 1105 854 sit,
1140 780 1226 842 iuxta
1241 777 1347 855 Regul.
1365 797 1412 857 4¹·
1434 780 1585 842 iurirind.
1598 784 1645 842 or
1662 782 1744 844 utari
1758 784 1901 848 nondedet

328 859 367 928 dr
381 862 477 940 quoad
491 855 571 925 feras
590 875 696 934 captat
715 858 749 926 dt
769 879 808 925 eo
827 858 1054 938 magir„quoad
1066 859 1103 920 il·
1137 857 1166 922 ei
1177 875 1229 936 per
1249 877 1333 934 quem
1349 879 1404 921 non
1416 861 1492 939 stet,
1508 860 1537 938 fi
1555 880 1611 922 non
1623 797 1739 940 ficiat,
1755 864 1834 941 quod
1853 881 1904 943 per

329 939 435 1013 latum
450 945 482 1006 in
502 939 589 1004 bonit
608 937 767 1018 venando,·
787 939 821 1006 dt
841 940 899 1004 hot
913 936 1030 1004 etiamsi
1049 955 1103 1002 ve·
1137 957 1205 1002 eum
1221 935 1325 1016 suerat
1345 937 1519 1019 faciendum
1547 982 1555 998 .
1588 936 1621 1002 ld
1649 941 1728 1015 quod
1753 945 1902 1019 praecipue

327 1024 422 1089 notio
440 1037 551 1086 contra
567 1011 801 1096 prohibitionem
821 1009 898 1084 iusle
910 1051 920 1070 ν
931 1018 1008 1097 fiat3
1025 1034 1060 1082 ut
1080 1015 1103 1080 si
1139 1016 1261 1081 reddere
1277 1017 1371 1093 potest
1387 1018 1599 1095 inculpabilem
1613 1018 1794 1087 dilationem
1819 1020 1903 1087 tesli·

328 1097 470 1181 segetes,
499 1098 549 1167 vel
575 1095 775 1179 sepimentum
796 1097 1021 1176 dissipaverint.
1043 1096 1102 1159 Ve·
1139 1100 1270 1160 tutionis
1289 1096 1351 1162 sive
1366 1097 1524 1163 solutionis
1540 1096 1584 1162 esl
1613 1102 1903 1168 tantumnodoue·

328 1198 443 1246 nantes
467 1179 518 1246 vel
534 1175 680 1258 piscantes
698 1181 730 1246 in
745 1175 814 1248 loeo
834 1179 954 1258 publico
963 1193 1025 1242 non
1036 1197 1103 1256 pro-
1138 1175 1257 1242 cesfitas
1281 1196 1420 1242 extrema
1446 1177 1498 1242 vel
1523 1181 1623 1256 gravis
1653 1179 1799 1245 debitoris
1816 1203 1826 1258 ;
1841 1202 1903 1245 non

329 1259 450 1338 bibito,
466 1277 524 1324 nec
540 1257 596 1322 ulli
612 1257 768 1336 speciatim
784 1258 920 1337 adedo,
939 1257 1103 1335 sedmodo,
1139 1277 1213 1320 vero
1231 1256 1352 1334 aliquod
1368 1277 1462 1336 grave
1481 1257 1563 1333 quod
1588 1258 1693 1322 slatim
1721 1259 1874 1324 reddendo
1892 1308 1901 1339 ,

327 1339 514 1418 senmedio,
530 1339 580 1406 vel
595 1356 732 1415 tempore
747 1344 866 1416 vetito,
884 1356 1102 1415 peceantmor·
1138 1353 1193 1401 aut
1210 1336 1355 1402 solvendo
1372 1353 1529 1415 pateretur
1546 1359 1558 1414 3
1580 1357 1652 1401 nam
1681 1356 1755 1404 tuoe
1774 1359 1814 1404 er
1829 1341 1904 1406 dila·
1941 1373 1947 1382 ν

328 1417 380 1487 tel
395 1438 440 1486 ter
457 1417 479 1480 sr
495 1435 590 1497 grave
606 1420 749 1485 damnum
768 1417 903 1486 inferant
918 1420 1103 1498 extinguen·
1139 1419 1224 1482 tione
1246 1415 1450 1502 huiuscemodi
1467 1464 1477 1494 ,
1492 1415 1616 1482 tametsi
1641 1416 1735 1493 lulla,
1753 1439 1818 1484 non
1838 1422 1906 1484 erri-¹

327 1501 371 1567 do
395 1519 505 1580 magna
534 1517 573 1562 ert
598 1515 685 1574 perte
714 1500 844 1566 ferinam
866 1496 1026 1572 sobolem.
1052 1497 1101 1562 vel
1137 1515 1273 1562 meretur
1295 1498 1413 1562 debitor
1437 1496 1640 1561 reslitutionir
1668 1499 1718 1561 seu
1741 1495 1909 1582 solutionis·

326 1599 425 1658 aquas
446 1575 626 1644 inficiendo·
648 1582 719 1655 quia
738 1583 878 1659 graviter
898 1579 971 1645 talis
997 1577 1101 1642 modus
1138 1575 1177 1640 ab
1196 1578 1385 1657 obligatione
1407 1574 1620 1654 compensandi
1650 1577 1769 1643 lucrum
1787 1581 1905 1645 cessant

324 1657 418 1730 ledit
433 1661 480 1724 ius
500 1627 655 1736 venandi,
674 1659 710 1728 dr
731 1658 883 1737 piscandi,
900 1659 982 1736 quod
1010 1656 1100 1723 habet
1138 1658 1201 1751 vel⁸
1214 1656 1361 1722 damnum
1390 1676 1575 1750 emergens,
1601 1658 1670 1748 quia
1696 1661 1727 1721 in
1749 1663 1814 1732 pari
1835 1659 1904 1725 casu

327 1739 557 1815 communitae,
577 1735 611 1803 δι
630 1735 713 1817 spem
730 1741 822 1813 lucri,
842 1760 877 1803 ac
893 1737 1101 1805 ubledlationis
1138 1754 1239 1812 potior
1255 1736 1298 1801 esi
1318 1736 1455 1801 conditro
1470 1734 1636 1799 Creditons
1652 1735 1702 1799 seu
1730 1736 1903 1814 possdenrir

327 1820 396 1886 aliis
417 1820 508 1894 eripit
518 1818 596 1896 ,vel
623 1813 730 1884 saltem
760 1819 938 1884 notabiliter
962 1822 1101 1893 minuit,
1138 1818 1266 1880 iusrem
1294 1813 1378 1879 suam
1403 1814 1606 1900 habendo&
1636 1836 1760 1893 aequum
1781 1817 1902 1882 nonesl

327 1899 445 1966 idcirco
462 1913 587 1961 tenetur
607 1898 644 1962 ad
665 1896 1077 1974 damni-compensationem.
1137 1896 1213 1971 quod
1230 1895 1348 1960 debitor
1367 1894 1469 1959 seruet
1490 1892 1519 1957 se
1539 1896 1638 1972 ipsum
1646 1897 1819 1960 indemnem
1834 1919 1902 1962 ttrm

369 1979 497 2044 Cetriun
512 1976 641 2042 ulterius
662 1978 705 2044 esl
727 1979 879 2042 neminem
899 1979 980 2056 posse
1000 1981 1101 2054 priva·
1136 1974 1326 2040 detrimento
1344 1976 1531 2053 Creditoris;
1551 1975 1624 2039 dum
1642 1979 1672 2040 ei
1697 1976 1825 2041 reddere
1853 1976 1902 2042 vel

325 2070 365 2124 ta
386 2055 579 2126 authoritate
599 2057 898 2135 alterumimpedire
919 2081 936 2123 a
957 2059 1100 2125 venatio·
1137 2052 1255 2118 solvere
1269 2047 1388 2133 potesl.
1701 2083 1706 2094 ··
1890 2053 1899 2074 ¹

327 2157 389 2223 ne,
409 2135 443 2202 dt
463 2133 631 2214 piscatione
650 2137 689 2202 ad
708 2159 797 2215 quarn
820 2137 870 2202 hie
900 2140 947 2203 ius
977 2137 1070 2202 babet
1091 2186 1100 2213 ‚
1176 2134 1304 2200 Debitor
1320 2157 1339 2198 e
1358 2152 1465 2199 contra
1482 2135 1532 2210 qui
1553 2134 1624 2199 ralis
1644 2131 1687 2197 esl
1704 2154 1744 2198 ex
1762 2134 1871 2199 delislo
1891 2182 1901 2212 ,

330 2216 440 2294 absque
460 2216 592 2293 eoquod
613 2236 720 2294 peccet
740 2218 937 2296 mortaliter,
952 2217 986 2284 dt
1005 2217 1100 2281 obno-
1136 2218 1231 2278 etiam
1247 2213 1308 2279 sine
1324 2216 1375 2279 sua
1403 2215 1492 2289 culpa
1521 2212 1662 2277 differens
1687 2214 1827 2294 reddere,
1851 2216 1903 2282 vel

326 2299 403 2362 aiut
422 2292 480 2360 fiet
506 2293 690 2362 rellstutioni
712 2297 875 2376 probabilis
905 2299 999 2375 lueri,
1020 2298 1101 2374 quod
1137 2289 1253 2379 solvere
1269 2285 1370 2358 statim
1391 2315 1425 2357 ac
1455 2291 1556 2370 potest¹
1576 2290 1610 2358 dt
1634 2291 1743 2374 debet,
1760 2309 1903 2374 cotupen·

327 2371 463 2440 dedudlis
481 2373 651 2455 laboribus,
671 2374 846 2457 &expet'rfir
866 2373 1100 2455 ladlurur'erat5
1139 2377 1202 2437 sare
1222 2389 1347 2440 tenetur
1367 2375 1485 2438 lucrum
1504 2371 1620 2464 cessans
1644 2372 1679 2436 dt
1706 2373 1854 2440 damnum
1869 2396 1901 2442 e·

327 2458 400 2534 quia
423 2457 565 2520 iniuriam
584 2461 613 2522 ei
629 2454 723 2522 infert
742 2480 812 2523 cum
830 2457 959 2521 damno.
1137 2472 1293 2532 mergens,
1313 2455 1392 2531 quod
1409 2474 1449 2516 ex
1465 2449 1517 2516 sua
1533 2451 1684 2516 dilatione
1702 2452 1829 2519 domino
1848 2471 1902 2519 aut

1136 2531 1289 2596 Creditori
1309 2534 1457 2598 obveniat
1475 2555 1484 2607 ς
1509 2536 1579 2607 quia
1609 2533 1805 2608 iniuriaque
1827 2554 1903 2610 prat·

622 2623 651 2683 S.
692 2613 808 2681 XIV.
1128 2610 1222 2701 ¹cessit
1239 2610 1282 2675 est
1302 2612 1403 2678 causla
1421 2612 1543 2676 illorum
1559 2607 1621 2675 srne
1637 2633 1695 2688 qua
1718 2632 1784 2678 uon
1799 2614 1907 2680 conti·-

327 2731 376 2798 De
390 2727 561 2811 obligatione
584 2730 771 2823 rediretiorris
797 2749 848 2814 pro
874 2729 1103 2814 defraudatione
1137 2692 1265 2770 μῆρα·
1363 2707 1366 2716 ¹

609 2814 822 2894 vtditgdlium.
1091 2877 1095 2882 .
1422 2858 1449 2918 ς.
1492 2847 1613 2914 XVL

326 2927 1103 3089 ,tirnttriteedrriirortl:
1131 2961 1471 3134 ,vquqelgpqngp
1494 2967 1901 3131 :qradrtqrgssqjt

326 3086 496 3247 fflsejffln
509 3090 673 3236 5ἕῶᾈῇ
692 3088 1103 3248 ‘g'ffiffiuffiffieffitcniid'
1217 3128 1258 3198 (7
1277 3130 1386 3197 &mna
1404 3128 1439 3193 al
1456 3129 1512 3211 ipso
1532 3130 1620 3219 illata
1629 3128 1825 3210 resarciendi.

326 3246 411 3322 quod
427 3247 561 3323 erigitur
583 3269 639 3325 pro
668 3251 754 3315 rebor
779 3255 809 3313 in
837 3250 1028 3323 Civitatem,
1050 3251 1101 3314 vel
1176 3246 1324 3312 Heredes
1350 3252 1534 3325 quicumque
1557 3247 1615 3312 fine
1646 3254 1742 3314 etiam
1763 3250 1902 3322 exeram!

329 3325 612 3405 noviocomo
630 3347 719 3393 extra
740 3328 853 3394 evedlis
872 3329 971 3408 ¹vulgo
995 3326 1101 3395 Gadei-
1141 3326 1684 3392 reslituetetenenturbonaalteriue
1703 3351 1774 3407 quae
1795 3326 1910 3395 iniuste·
1947 3380 1950 3385 .

327 3404 383 3481 la,
399 3424 441 3470 ex
454 3405 570 3499 iusliria
590 3405 736 3475 solvenda
755 3408 844 3497 strnt,
859 3408 894 3477 dr
919 3426 1045 3473 tenerur
1065 3409 1101 3473 ad
1139 3402 1646 3484 detinebatdesondlur,cuiuslimt
1658 3409 1792 3474 baereder
1806 3408 1910 3475 &dae

328 3484 582 3565 restitutionem,
603 3492 654 3565 qui
674 3488 863 3568 nonsolvit3
886 3506 921 3553 ut
931 3508 970 3551 ex
982 3488 1099 3554 Matrh.
1140 3489 1401 3562 mnaomniaquae
1413 3488 1503 3551 alicui
1518 3487 1626 3551 iniusle
1643 3490 1702 3564 ipse
1718 3490 1826 3554 intulit
1844 3488 1904 3554 :dt

259 3600 265 3613 ·
326 3581 380 3627 aa.
397 3565 526 3636 Reddite
541 3586 608 3646 quae
619 3566 695 3648 sunt
709 3566 833 3649 deserit
853 3565 919 3636 ste.
951 3568 991 3632 Er
1012 3570 1101 3633 Rom.
1139 3564 1195 3629 boc
1204 3564 1322 3630 constat
1336 3586 1360 3630 r.
1371 3588 1410 3633 ex
1418 3584 1479 3644 cap.
1491 3567 1594 3631 ultimo
1602 3566 1639 3633 de
1642 3568 1748 3649 sepult.
1760 3568 1801 3636 Θ
1812 3586 1908 3649 rep-9:

330 3658 381 3734 ις.
402 3643 537 3718 Reddite
552 3648 685 3736 omnibus
705 3646 821 3737 delire,
836 3648 886 3713 cui
904 3646 1113 3727 veeigalve·
1131 3638 1276 3785 *yfen
1298 3666 1419 3739 necnon
1435 3666 1474 3710 ex
1494 3669 1557 3722 cap.
1577 3668 1603 3724 5.
1613 3648 1651 3712 de
1660 3665 1793 3729 raptore.
1815 3652 1904 3713 Onur

324 3727 431 3804 flrgal,
452 3728 499 3790 etri
516 3724 677 3801 tributum,
713 3728 858 3793 tributum
890 3724 954 3794 &e
986 3729 1043 3792 sed
1064 3730 1102 3793 de
1139 3728 1221 3787 erm
1250 3722 1426 3791 reslrtuendi
1450 3726 1542 3791 bona·
1561 3729 1689 3793 alterius
1719 3726 1847 3795 affixum
1862 3729 1904 3793 eli

333 3805 380 3868 bis
399 3824 519 3884 quoque
539 3804 610 3873 satis
627 3824 725 3875 antea
744 3807 842 3875 adium
861 3806 923 3871 est.
1005 3810 1008 3823 '
1139 3801 1226 3867 bonis
1246 3801 1335 3883 ipsius
1356 3804 1506 3885 desunlli,
1525 3811 1574 3884 qui
1593 3809 1654 3872 iarn
1683 3830 1723 3873 eo
1748 3808 1812 3886 ipso
1832 3831 1912 3875 cen·¹

1140 3881 1261 3949 sebatur
1280 3901 1383 3950 totum
1398 3888 1427 3949 id
1443 3889 1543 3949 minus
1564 3890 1596 3949 in
1613 3890 1671 3952 sois
1683 3889 1769 3955 bonis
1780 3890 1906 3966 nabere,

638 3970 666 4035 t.
707 3966 805 4033 XV.·
946 4000 949 4009 ·
1139 3984 1174 4027 ac
1194 3965 1318 4039 proinde
1337 3971 1383 4031 oti
1399 3986 1462 4030 non
1487 3964 1820 4048 suum,reddere,seu
1851 3967 1906 4035 sol·

317 4083 375 4169 e
390 4076 483 4146 eo
499 4074 675 4165 resarcio
698 4086 815 4153 roo
840 4082 966 4169 m
990 4083 1032 4150 e
1046 4085 1100 4175 e-
1139 4045 1452 4190 rttrrtrlztl
1473 4045 1786 4207 riuturni
1801 4051 1911 4194 rori·

369 4176 506 4225 mm
583 4184 636 4228 ’Μ
645 4180 800 4243 ‘'qm'‘
816 4167 922 4249 'mss‘
943 4176 1101 4231 “mmm
1138 4223 1196 4277 que
1222 4201 1378 4279 personam
1399 4203 1612 4281 representet,
1631 4209 1694 4273 tale
1717 4230 1796 4276 onus
1824 4227 1911 4285 tran·

369 4260 416 4387 lg
435 4240 558 4387 affigo.
613 4242 660 4308 'tae
681 4246 752 4325 five
779 4262 818 4314 Μ’
840 4248 989 4313 mma
1010 4246 1101 4329 ’μ’
1138 4280 1175 4347 stt
1196 4281 1420 4363 tdhaertdem,
1441 4284 1526 4351 sicuti
1556 4287 1595 4351 ad
1622 4287 1717 4367 ipsum
1747 4288 1910 4357 transeunt

1138 4364 1241 4426 omnia
1260 4360 1395 4430 desunlli
1418 4369 1484 4430 iura
1514 4368 1610 4433 realia
1632 4392 1642 4446 3
1665 4370 1778 4435 idcireo
1804 4374 1910 4437 omnia

367 4432 490 4503 Debent
510 4438 625 4517 aliquid
637 4441 740 4507 tertio
757 4444 881 4509 tatione
900 4439 968 4509 iusti
977 4458 1102 4508 contra·
1137 4446 1232 4506 eriam
1260 4443 1364 4510 debita
1394 4448 1490 4512 realia
1522 4468 1590 4524 quer
1614 4470 1653 4512 err
1673 4449 1836 4516 contrado
1853 4455 1907 4515 im·

325 4512 393 4581 dius
414 4534 541 4583 tenetur
557 4518 680 4598 quidem
693 4520 889 4599 compensare
907 4523 1027 4603 lucmp
1037 4520 1101 4585 ces·
1137 4522 1245 4597 plicito
1265 4544 1317 4600 per
1335 4530 1578 4599 acceptationem
1607 4528 1798 4599 hereditatis
1832 4535 1863 4596 in
1881 4532 1910 4597 se

328 4596 429 4675 sans,
453 4592 490 4663 dt
517 4597 660 4665 domnum
683 4621 842 4681 emergent
869 4625 925 4683 pro
951 4602 1101 4669 dilatione
1136 4599 1276 4679 suscipit.
1297 4600 1389 4680 Qrod
1410 4604 1430 4668 sr
1449 4606 1549 4685 plures
1570 4609 1629 4674 srnt
1649 4609 1911 4678 heredes-omnes

330 4673 472 4742 reddendi
492 4678 645 4745 creditori
662 4676 715 4748 seu
734 4684 860 4751 dorpioo
872 4680 951 4760 quod
971 4679 1024 4758 ipsi
1034 4679 1100 4744 red·
1137 4680 1302 4748 secundum
1321 4684 1493 4759 portionem
1504 4687 1694 4754 hereditatis
1712 4712 1767 4770 pro
1784 4712 1854 4759 rara
1863 4712 1911 4758 te·

326 4757 467 4823 deresett
487 4754 606 4825 solvere
625 4760 753 4829 debebat
782 4758 803 4825 sr
836 4765 904 4829 eiut
931 4782 1020 4827 niort
1053 4763 1100 4825 uit
1138 4777 1271 4840 nentur;
1293 4768 1364 4840 quia
1384 4762 1471 4830 sicuti
1497 4768 1610 4834 iura&
1631 4770 1732 4844 bona,
1755 4773 1912 4840 sicdeblta'

328 4834 396 4903 fine
412 4834 490 4905 iusla
508 4838 629 4915 trulla,
643 4837 698 4907 seu
716 4840 895 4921 culpabilis,
911 4863 973 4907 non
994 4837 1098 4935 verost
1137 4845 1220 4906 inter
1240 4842 1373 4909 baeredee
1392 4844 1525 4912 defundi
1544 4851 1701 4926 partienda
1720 4850 1811 4919 sunt.

316 4934 372 4994 ,ert
391 4916 588 5001 iustaeaussa
607 4918 642 4987 dt
659 4922 728 4988 ideo
749 4922 964 5001 inculpabilis,
978 4921 1100 4999 quiadr·
1176 4922 1206 4984 Si
1227 4942 1334 4989 autem
1352 4928 1605 4995 resalienaextet
1626 4932 1658 4993 in
1676 4930 1704 4994 se
1720 4934 1798 5009 apud
1814 4956 1911 5000 unum

329 4997 413 5063 latio
431 4996 659 5080 restitutionis,
678 5001 742 5069 sire
758 5002 919 5069 solutionit
934 5005 966 5066 in
983 5000 1101 5067 talita·
1138 5000 1289 5067 baeredem
1307 5004 1367 5083 ipse
1383 5007 1540 5074 resliruere
1564 5030 1710 5089 tenetur,
1727 5012 1814 5080 salva
1837 5016 1906 5081 huic

332 5078 367 5142 su
388 5098 450 5174 non
466 5077 510 5147 esl
527 5081 628 5149 catilla
639 5082 774 5163 iniusla,
795 5081 971 5164 nequidem
985 5082 1124 5203 meda-¹
1139 5100 1243 5149 tamen
1259 5086 1378 5157 aflione
1397 5108 1469 5172 erga-
1487 5108 1617 5159 taeteror
1628 5091 1783 5177 baeredes,
1800 5101 1852 5175 qui
1863 5114 1909 5165 te·

1121 5208 1124 5217 ·
1792 5198 1871 5247 nen·
