4425 6000
529 530 734 611 Tittler.
763 555 830 610 ot·
859 535 1198 615 lutusrtrtu
1236 532 1304 609 ἃς.
1343 534 1463 609 Cre.
1491 532 1546 607 11.
1717 560 1768 635 79

291 633 396 706 0biiei
412 639 534 719 insuper
552 635 648 715 pollet
668 636 841 713 exemplum
864 635 901 698 de
921 655 1015 701 nauta
1052 637 1220 700 luntarium
1240 637 1271 697 in
1286 634 1409 713 trulla,
1430 654 1537 710 nempe
1567 634 1600 697 in
1618 634 1734 701 afflone
1763 640 1818 707 illa

251 723 303 796 qui
323 741 365 786 ert
380 723 479 798 navi,
494 739 586 798 quam
601 735 754 781 mercator
772 716 961 780 conduxerat
980 717 1017 781 ad
1052 714 1219 794 periculosa
1245 736 1279 778 ac
1302 716 1400 791 mala,
1422 716 1601 778 voluntarie
1620 714 1743 794 posita,
1766 740 1818 796 per

251 819 369 865 merces
389 796 456 865 suas
473 797 627 864 vehendas
642 794 759 860 easdem
769 794 956 861 transferens
969 800 1015 859 in·
1050 819 1139 872 quam
1159 798 1302 859 damnum
1318 796 1393 857 illud
1414 798 1539 869 evenit,
1562 816 1600 858 eo
1620 797 1669 860 vel
1687 802 1818 865 maxime

251 884 325 945 vito
348 896 523 945 mercatore
550 881 581 941 in
608 881 713 941 navim
745 875 959 951 deteriorem,
994 874 1013 937 sl
1049 878 1130 953 quod
1152 878 1222 941 talis
1242 876 1343 939 damni
1364 875 1532 948 periculum
1559 872 1741 953 perspelium
1765 880 1818 945 ba·

249 958 349 1038 brec,
376 959 410 1024 ἃ
435 978 500 1023 non
529 958 626 1022 altera
649 974 753 1033 pereat
777 978 847 1020 cum
866 955 1015 1020 mercibus
1049 956 1169 1034 behet,
1194 977 1250 1019 nec
1276 954 1462 1020 rationabile
1481 958 1510 1017 ei
1536 956 1641 1019 aderat
1666 963 1818 1024 motivum

247 1038 443 1106 condutiorie
458 1054 582 1104 tenetur
602 1054 700 1101 nauta
716 1034 909 1111 compensare
936 1056 1016 1099 mer·
1051 1037 1135 1100 illam
1162 1035 1361 1114 periculolam
1387 1034 1536 1099 altionem
1561 1036 1711 1112 ponendi.
1733 1039 1817 1108 Hinc

247 1136 388 1188 utoren
417 1120 455 1184 de
479 1118 610 1196 damuo;
636 1138 698 1182 non
721 1115 864 1182 autemst
885 1133 1016 1193 utraque
1050 1120 1101 1193 qui
1122 1116 1160 1179 de
1176 1115 1261 1179 notle
1283 1119 1380 1194 pergit
1403 1117 1440 1179 ad
1461 1115 1584 1179 domum
1601 1114 1722 1180 loannis
1739 1121 1819 1185 util-

247 1206 340 1266 navir
371 1219 412 1263 ex
435 1200 636 1278 navigatione
665 1215 794 1275 pereat;
825 1198 895 1272 quia
929 1216 1015 1273 aeque
1052 1199 1070 1259 li
1092 1194 1212 1260 furetur
1232 1199 1352 1273 aliquod
1377 1216 1491 1273 pecus,
1513 1194 1548 1259 dt
1577 1194 1725 1261 llabulum
1746 1222 1817 1266 cum

248 1299 367 1345 merces
393 1279 551 1356 periillent
577 1278 702 1342 relittae·
718 1281 751 1340 in
779 1278 871 1355 priori
899 1282 1015 1340 navia
1050 1279 1165 1341 lumine
1191 1279 1333 1356 ingrell'us
1355 1275 1515 1353 fortuito,
1537 1276 1608 1340 licet
1625 1276 1816 1356 diligentiam

245 1377 421 1427 mercatore
432 1357 581 1424 condul‘ia
598 1372 633 1424 ut
649 1353 869 1421 statutumfuit
885 1357 904 1421 l.
915 1356 1012 1421 ultim.
1049 1356 1263 1432 cautelamque
1283 1356 1469 1433 adhibuerit,
1487 1356 1815 1441 accendantutpaleae,

244 1441 461 1520 §aucegae
477 1438 630 1511 Rhodiam.
657 1438 716 1501 Sed
744 1433 859 1515 respon.
887 1438 945 1503 hoc
968 1441 1015 1501 ni·
1049 1438 1128 1500 unde
1150 1439 1324 1501 incendium
1344 1436 1377 1502 ἀ
1398 1434 1504 1501 llabuli
1519 1434 1580 1512 ,'-&
1600 1436 1705 1502 domus
1726 1440 1817 1506 loan-

243 1519 289 1586 bil
313 1516 416 1586 facere
442 1519 483 1583 ad
506 1539 598 1599 tem,
619 1540 689 1583 cum
706 1516 745 1580 ibi
763 1536 824 1580 non
842 1534 952 1595 agatur
977 1520 1014 1581 de
1050 1522 1096 1581 nis
1117 1515 1288 1596 sequatur,
1316 1535 1443 1580 tenetur
1465 1514 1514 1578 fur
1542 1516 1578 1580 ad
1596 1519 1693 1582 totius
1712 1519 1815 1585 damni

245 1599 360 1665 iniullo
378 1598 556 1683 poliellote,
583 1602 636 1676 qui
658 1617 723 1661 rem
748 1597 881 1661 alienam
902 1596 1013 1661 habeat
1049 1600 1293 1675 reparationem,
1314 1617 1352 1659 eo
1371 1598 1443 1671 quia
1463 1596 1594 1660 loannes
1617 1601 1662 1665 ius
1685 1599 1816 1666 babebat

245 1700 300 1758 per
314 1682 478 1755 iniuriam,
500 1680 551 1744 leu
572 1700 624 1755 per
644 1674 788 1752 iniustam
806 1680 1014 1754 acceptionem
1048 1697 1086 1740 ne
1101 1675 1260 1754 quisquam
1275 1699 1346 1740 cum
1367 1672 1472 1739 faculis
1489 1675 1574 1739 suum
1593 1675 1816 1746 stabulumabs·

245 1758 336 1826 sicuti
356 1763 387 1823 in
403 1756 472 1824 casu
488 1758 610 1825 nolito.
1047 1777 1105 1833 que
1121 1757 1298 1821 rationabili
1312 1758 1415 1821 caulla
1432 1756 1640 1835 ingrediatur,
1658 1758 1698 1822 ob
1713 1763 1817 1826 incen-

284 1840 317 1902 Si
340 1842 409 1918 quir
431 1860 507 1904 vero
529 1840 661 1903 alienam
677 1856 760 1914 rem,
783 1857 853 1912 quae
870 1837 1012 1901 incendio
1048 1839 1087 1899 dii
1106 1838 1275 1914 periculum
1295 1839 1383 1902 iuxta
1399 1836 1420 1897 l.
1433 1851 1480 1915 30.
1498 1840 1548 1910 qui
1563 1840 1815 1919 occafionemprae·

245 1920 297 1985 vel
314 1918 406 1986 aliter
427 1924 561 1997 peritura
579 1935 647 1982 erat
664 1916 744 1992 apud
759 1916 938 1997 dominum,
955 1937 1011 1981 au·
1041 1918 1118 2000 stat,
1135 1917 1281 1981 damnum
1290 1914 1538 2003 fecilleuidetur.
1556 1915 1635 1980 ltem
1651 1967 1660 1991 ,
1679 1926 1729 1995 qui
1740 1944 1816 1997 prae·

244 1996 325 2065 fetat
352 1999 475 2076 inipso
500 2004 597 2064 etiam
628 1997 697 2061 atlu
724 1997 870 2072 periculi,
889 1996 923 2062 dt
948 1995 1011 2074 poll
1048 1997 1160 2061 viderit
1180 1998 1259 2062 alios
1279 1997 1331 2061 luo
1346 1996 1488 2073 exemplo
1515 1995 1711 2072 probabiliter
1732 2005 1816 2066 exci-

243 2076 382 2157 elaplum
399 2080 570 2156 periculum
596 2098 658 2141 non
688 2075 852 2153 restituat,
877 2075 1011 2155 &apud
1048 2076 1159 2142 tandos
1180 2077 1219 2140 ad
1240 2079 1386 2142 damnum
1411 2078 1501 2140 alteri
1526 2073 1747 2158 inferendum,
1768 2098 1815 2145 te-

244 2157 345 2238 ipsum
359 2159 552 2226 detentorem
572 2173 676 2234 pereat
698 2177 759 2220 non
790 2160 850 2218 iam
876 2160 1010 2233 peritura
1047 2174 1140 2220 netur
1156 2157 1300 2222 resarcire
1330 2156 1474 2220 damnum
1494 2174 1597 2221 totum
1617 2178 1724 2235 nempe
1740 2161 1814 2227 illud

243 2239 327 2317 apud
345 2237 522 2317 dominum,
543 2240 703 2304 unanimes
724 2233 922 2300 consentiunt
943 2237 1011 2300 DD.
1047 2240 1144 2300 etiam
1159 2237 1237 2312 quod
1257 2237 1310 2324 alii
1331 2234 1385 2299 suo
1401 2237 1542 2312 exemplo
1553 2235 1773 2317 praestiterunt,
1792 2242 1814 2305 st

242 2318 327 2385 bunc
355 2321 458 2383 teneri
490 2322 635 2399 ptaetium
664 2312 797 2380 eiusdem
825 2312 1012 2392 restituere,
1048 2313 1150 2380 forsan
1167 2316 1210 2378 illi
1236 2317 1378 2381 relartire
1403 2333 1565 2392 renuant,·
1591 2320 1663 2393 quia
1688 2318 1763 2383 dans
1783 2342 1815 2385 e·

264 2402 316 2464 uia
329 2396 449 2465 cumlit
468 2398 532 2462 inse
555 2396 676 2463 arabilis
694 2394 834 2460 conditio
851 2395 1013 2472 rebtuqui·
1046 2396 1204 2472 xemplum
1223 2419 1294 2461 cum
1318 2395 1497 2471 praevilione
1520 2397 1724 2462 huiuscemodi
1746 2421 1816 2479 pro·

284 2479 443 2558 lcumpue,
465 2497 500 2543 ut
527 2422 591 2543 live
608 2492 734 2555 pereant
753 2473 818 2540 sive
833 2483 980 2540 maneant
1004 2526 1012 2555 ,
1047 2475 1153 2539 babilis
1173 2478 1317 2554 periculi,
1334 2476 1470 2542 violavit
1491 2481 1537 2540 ius
1546 2481 1674 2551 proximi
1690 2482 1740 2556 qui
1751 2480 1816 2558 pas·

243 2555 361 2635 semper
380 2559 508 2622 domino
529 2578 614 2635 aeque
669 2573 776 2634 reant,
796 2572 1010 2634 acmaneant;
1047 2552 1094 2619 sus
1118 2552 1161 2619 est
1182 2555 1345 2630 damnum,
1364 2557 1442 2632 quod
1466 2573 1532 2620 erat
1554 2576 1592 2620 ne
1612 2557 1738 2635 quilque
1758 2562 1815 2625 ali·

243 2637 315 2703 binc
343 2637 432 2703 sicuti
459 2661 508 2703 res
533 2640 586 2703 illa
615 2577 666 2699 li,e
669 2634 786 2714 peribat
811 2631 867 2700 suo
891 2635 1013 2702 domino
1047 2656 1108 2711 quo
1125 2635 1234 2701 iniusto
1251 2636 1342 2700 modo
1362 2636 1493 2701 alterum
1514 2655 1697 2711 provocaret
1724 2640 1761 2703 ad
1778 2640 1814 2704 sr-

244 2716 386 2796 peribat,·
406 2720 453 2782 ita
469 2715 547 2783 satta
565 2716 659 2781 libera
681 2765 689 2793 ,
708 2714 743 2782 δι
762 2714 866 2780 secura
887 2737 1013 2791 quomo·
1047 2715 1075 2779 bi
1096 2717 1239 2781 damnum
1265 2712 1456 2779 inferendum
1479 2714 1567 2778 sicuti
1597 2714 1671 2782 fecit
1701 2723 1815 2794 praevi·

244 2798 416 2874 docunmue
436 2819 454 2862 a
474 2799 638 2876 periculo,
663 2794 788 2859 domino
818 2792 871 2858 luo
893 2799 1012 2860 lervata
1047 2796 1122 2859 dens
1147 2794 1200 2858 suo
1222 2794 1367 2873 exemplo
1383 2794 1459 2858 alios
1482 2796 1675 2869 probabiliter
1696 2798 1732 2860 ad
1757 2800 1814 2875 but

243 2898 368 2956 manet,
389 2878 471 2942 acad
486 2873 719 2955 iplumlpeilat3
735 2875 848 2938 idcirco
865 2872 1012 2940 llatimac
1049 2874 1212 2939 iuscemodi
1230 2876 1374 2937 damnum
1399 2874 1603 2938 inducendos.
1629 2877 1814 2950 Exemplum
1921 2917 1925 2925 -

244 2957 375 3024 liberata
395 2954 455 3024 fuit
473 2955 640 3038 apericulo
659 2956 781 3019 domino
801 2953 882 3017 reddi
903 2951 1014 3022 debue·
1048 2958 1132 3019 enim
1148 2953 1221 3018 illud
1238 2950 1297 3018 fuit
1330 2951 1439 3017 iniusta
1460 2951 1559 3033 aiiio,
1585 2976 1620 3021 ac
1643 2955 1748 3021 modus
1769 2961 1814 3023 in·

245 3058 312 3105 rat.
329 3043 435 3117 Quare
449 3059 519 3104 earu
536 3041 673 3101 retinens
689 3031 797 3099 iniuste
812 3039 963 3116 retinuit,
979 3036 1013 3103 dt
1049 3034 1142 3099 iulius
1164 3035 1245 3100 unde
1261 3055 1368 3098 revera
1388 3034 1438 3097 alii
1455 3039 1585 3099 excitati
1605 3032 1690 3101 fuere
1707 3039 1743 3101 ad
1760 3039 1814 3104 da-

245 3116 283 3184 fic
299 3122 444 3184 iniuriam
459 3123 565 3183 intulit
580 3119 707 3182 domino
723 3135 774 3192 pet
795 3112 935 3180 iniustam
962 3118 1013 3182 de·
1048 3137 1153 3181 mnum
1169 3112 1359 3180 inferendum
1376 3135 1410 3179 ac
1431 3116 1558 3193 proinde
1578 3135 1690 3182 contra
1719 3117 1832 3194 ipsum.

246 3202 419 3264 tentionem
438 3220 507 3277 quae
528 3196 588 3262 fuit
607 3196 709 3267 caussa
728 3195 832 3260 damni
853 3196 926 3261 idest
947 3219 1013 3274 per·
1048 3199 1122 3261 lacit
1137 3200 1193 3263 cit.
1205 3197 1255 3260 lex
1264 3221 1282 3273 ;·
1290 3196 1341 3276 qui
1355 3199 1523 3281 occafionrm
1539 3199 1656 3278 prestat
1671 3199 1815 3263 &mnam

245 3280 383 3345 ditionu-
402 3281 447 3343 rei
466 3326 475 3355 ,
498 3300 569 3357 uuae
591 3281 652 3341 iam
673 3277 750 3353 apud
777 3274 934 3344 dominum
951 3298 1012 3341 non
1042 3275 1141 3360 fect‘ffl
1161 3276 1314 3342 videtur.
1338 3276 1419 3341 ldem
1444 3276 1606 3341 dicendum
1626 3275 1670 3341 est
1691 3281 1730 3343 de
1752 3299 1814 3359 eo,

244 3360 376 3436 amplior
408 3358 568 3437 periill'et,
604 3357 684 3420 unde
716 3373 840 3424 tenetur
869 3363 1013 3431 praetium
1049 3362 1098 3435 qui
1122 3379 1183 3424 non
1205 3361 1348 3436 praevidit
1369 3359 1511 3424 damnum
1532 3359 1588 3423 boc
1608 3377 1814 3439 eventurum,

247 3444 309 3503 eius
329 3437 513 3517 restituere,·
534 3455 644 3515 utpote
662 3438 713 3513 qui
734 3455 786 3515 per
807 3433 946 3501 iniustam
962 3438 1013 3502 de·
1050 3441 1151 3516 potuit
1167 3458 1270 3503 tamen
1289 3457 1342 3502 aut
1363 3436 1466 3506 debuit
1487 3438 1673 3517 praevidere.

246 3521 418 3595 tentionem
438 3517 533 3584 fretus
554 3516 590 3585 stt
611 3514 757 3584 debitor.
782 3517 813 3581 Ρ.
832 3516 926 3582 Anto.
942 3539 1012 3583 cum
1087 3519 1135 3581 Ex
1159 3517 1298 3595 opposito
1326 3538 1402 3584 vero
1427 3517 1510 3582 secus
1536 3518 1696 3582 dicendum
1716 3518 1737 3581 si
1757 3519 1814 3583 da·

247 3596 330 3665 aliie.
1048 3619 1153 3662 mnum
1172 3601 1315 3664 eveniret
1336 3598 1424 3663 alteri
1439 3618 1480 3661 ex
1504 3594 1620 3662 afflone
1640 3620 1730 3673 quam
1745 3604 1812 3674 quir

1049 3679 1165 3743 laceret
1182 3679 1219 3743 ad
1239 3700 1329 3756 quam
1350 3683 1396 3744 ius
1417 3678 1533 3754 habet,
1556 3677 1678 3740 bonella
1699 3676 1813 3754 sibique

476 3810 479 3815 -
544 3768 572 3829 i.
612 3760 712 3825 xlv.
1048 3759 1118 3824 utili
1145 3763 1284 3853 quamvis
1304 3755 1673 3841 periculosa,dummodo
1688 3777 1812 3851 omnem

248 3878 293 3949 Dr
312 3876 407 3950 dedito
428 3876 615 3956 restitutionis
631 3896 685 3966 pro
705 3874 814 3943 aliient
834 3875 950 3957 polita,
974 3900 1012 3943 ex
1047 3841 1240 3982 ddiimfam
1257 3839 1385 3982 agdhiHUd
1402 3839 1516 3902 malum
1534 3837 1814 3982 idiiliemumim:

250 4034 253 4041 -
360 3979 418 4036 w
437 3959 577 4022 mm
597 3959 683 4022 ‘lt‘
697 3956 833 4038 summ
848 3961 906 4039 ,o
1048 3921 1745 4072 tlt?lule,'liliue‘lrrlmzi5⁰3
1760 3939 1813 4063 li.

250 4114 253 4119 -
280 4072 348 4148 Qui
380 4069 529 4136 astionem
554 4071 631 4140 facit
658 4072 788 4159 otiosam
817 4069 1013 4138 inutilem&
1045 4101 1153 4143 ninum
1173 4084 1257 4142 enim
1278 4079 1398 4156 aliquod
1417 4047 1458 4141 ex
1480 4077 1534 4142 tali
1552 4075 1669 4141 aiilone
1686 4075 1813 4143 bonella

247 4153 358 4216 mam
377 4174 444 4227 quae
466 4151 529 4219 fille
547 4174 587 4220 ex
607 4173 718 4220 natura
737 4154 811 4227 lua,
832 4150 895 4216 five
917 4156 1013 4216 ratio·
1049 4165 1099 4223 leu
1120 4162 1208 4224 lrtita
1224 4161 1301 4234 lequi
1315 4161 1480 4234 contingat
1499 4175 1611 4233 praeter
1625 4161 1690 4221 eius
1709 4162 1812 4221 inteu-

246 4247 284 4294 ne
302 4232 600 4318 circumstantiarum
620 4236 789 4313 periculum
814 4231 941 4298 alterius
963 4233 1014 4296 da·
1049 4242 1186 4316 tionem,
1211 4240 1326 4303 nullam
1337 4235 1632 4302 omninoconttabit
1648 4237 1812 4314 obligatio-

246 4313 307 4373 mui
327 4310 431 4376 lecum
460 4310 601 4391 afferat,
628 4314 648 4377 fi
678 4335 717 4380 ex
736 4312 790 4376 tali
820 4309 936 4377 afflone
963 4312 1013 4377 da·
1047 4339 1134 4394 nem,
1155 4342 1225 4385 cum
1246 4336 1353 4383 utatur
1370 4319 1437 4381 iure
1457 4313 1512 4382 suo
1531 4316 1565 4382 ἃ
1582 4338 1653 4381 cum
1670 4317 1723 4379 illa
1740 4337 1813 4382 caua

246 4406 352 4482 mntrm
374 4392 465 4456 alicui
492 4396 648 4472 eveniat,
678 4390 798 4458 tametsi
821 4393 1012 4473 diligentiam
1047 4401 1130 4475 tela,
1158 4422 1226 4478 quae
1248 4399 1287 4463 ab
1307 4395 1431 4462 astionis
1452 4415 1567 4461 natura
1594 4399 1753 4475 exigitur,
1775 4417 1812 4462 ac

245 4468 386 4540 adhibeat
410 4491 450 4541 ue
471 4474 618 4539 damnum
639 4477 729 4540 alteri
749 4469 907 4552 sepuatur,
929 4476 1013 4538 ideo·
1049 4481 1174 4558 proinde
1197 4479 1341 4542 damnum
1363 4478 1452 4542 alteri
1473 4476 1673 4553 l'equutumei
1688 4497 1749 4540 non
1769 4475 1814 4540 est

246 4567 306 4625 lut
327 4555 377 4619 tta
402 4554 520 4630 agendo
548 4558 678 4619 minime
710 4554 775 4618 tale
801 4552 945 4619 damnum
967 4560 1012 4618 in·
1048 4560 1259 4637 imputandum
1288 4561 1377 4621 iuxta
1405 4557 1503 4632 legem
1523 4572 1573 4635 93.
1592 4563 1618 4621 i.
1639 4555 1677 4619 de
1703 4556 1811 4636 regulis

246 4628 380 4695 tenderlt
393 4679 405 4707 ,
417 4630 617 4700 nibilominus
640 4633 704 4701 tale
726 4635 872 4699 damnum
889 4635 1012 4701 resarci·
1040 4641 1143 4718 iuris,
1164 4659 1247 4702 nemo
1262 4637 1405 4700 damnum
1423 4635 1503 4718 satit
1520 4685 1529 4713 ,
1547 4635 1600 4716 ulfi
1619 4635 1669 4712 qui
1689 4637 1723 4699 id
1734 4635 1813 4717 lacit

245 4725 288 4802 te·
303 4712 464 4776 tenebitur
479 4734 491 4787 ‚·
515 4720 590 4790 quia
619 4719 651 4779 in
680 4715 735 4780 tali
764 4710 882 4780 afflone
902 4717 1013 4782 iniuste
1050 4722 1127 4799 quod
1136 4717 1236 4799 facere
1251 4717 1298 4782 t'ur
1313 4741 1370 4782 non
1386 4716 1490 4781 labet.
1507 4715 1813 4793 Tenereturquidem

211 4862 216 4870 ,
245 4803 307 4868 egit
329 4810 403 4870 erga
423 4789 689 4875 periturumque
719 4795 864 4860 damnum
895 4796 1013 4876 subiit,
1048 4810 1085 4864 de
1109 4802 1220 4863 damno
1239 4797 1259 4859 sr
1285 4799 1336 4859 dili
1357 4803 1494 4871 entiam,
1520 4795 1716 4872 debitamque
1739 4816 1814 4860 cau·

244 4886 311 4943 quae
330 4873 378 4934 iut
399 4870 529 4941 babebat
550 4895 589 4940 ne
610 4876 720 4952 abique
748 4876 812 4940 ullo
836 4877 1011 4941 rationabili
1050 4885 1168 4944 tionem
1193 4898 1253 4941 non
1275 4821 1479 4952 adbdruiliet3
1506 4879 1576 4951 quia
1607 4891 1681 4939 tuuc
1702 4872 1814 4937 iniulle

247 4953 367 5016 motivo
392 4949 481 5016 fieret
513 4960 663 5032 aquovis
691 4952 766 5019 aiiio
787 4957 952 5032 periculosa
972 4978 1011 5022 ex
1049 4957 1154 5038 egillet
1195 4956 1433 5022 uoadmodum:
1454 4976 1527 5019 nam
1545 4954 1669 5032 quilque
1692 4956 1739 5017 ius
1759 4953 1813 5017 ha·

248 5045 305 5101 ‘lua
325 5032 471 5123 damnum
500 5031 561 5112 ipse
592 5053 748 5113 pateretur
765 5058 776 5121 3
803 5035 837 5102 dt
869 5037 932 5102 tale
962 5038 1012 5101 da·
1048 4979 1332 5103 bct‘neimeiulla
1356 5035 1478 5114 caulla,
1496 5034 1530 5100 dt
1554 5036 1690 5113 legitima
1711 5031 1813 5096 audio·

249 5122 353 5215 unum
373 5109 526 5182 allionem
546 5118 673 5193 ponenti
687 5113 731 5179 ell
754 5113 938 5184 lufficienter
959 5139 1013 5186 vo·
1050 5120 1144 5186 ritate
1174 5117 1290 5185 malum
1317 5135 1508 5195 quocumque
1533 5114 1625 5180 modo
1649 5115 1679 5178 ei
1701 5107 1814 5258 itnlfera·

1768 5239 1795 5272 ,.
