4425 6000
558 500 726 574 Tener.
752 516 809 574 os
836 498 1089 573 Praeceptis
1123 495 1346 583 Dscntoci
1377 496 1477 570 Cur.
1507 495 1611 573 Vlll.
1748 518 1823 593 393

299 598 346 664 cll
366 597 400 665 a
420 594 574 677 formalis,
590 596 732 663 indirecta
753 586 907 661 altere&
927 597 1068 658 materia·
1104 595 1312 684 inproperium
1338 597 1374 666 rb
1401 595 1568 675 exprobrare
1596 595 1688 665 alicui
1722 595 1866 677 defrclum

300 682 357 742 lis.
387 677 546 741 Detrabtio
572 675 683 741 direbla
710 677 743 740 ἀ
772 671 910 740 formalis
936 694 973 738 ea
999 671 1068 750 est,
1103 676 1323 753 minorationis,
1337 674 1651 756 seuindigenliae,&
1670 679 1727 743 hoc
1745 680 1867 753 proprie

299 780 371 836 quae
387 756 424 821 fit
445 778 512 820 cum
533 756 612 819 mala
629 760 802 819 intentione
818 803 826 831 ,
843 755 876 818 bt
897 750 1008 818 diretta
1024 753 1069 817 al·
1104 755 1159 831 lit,
1179 757 1300 829 quando
1315 757 1422 833 aliquis
1444 757 1585 819 iniuriole
1606 758 1693 822 alteri
1710 760 1868 821 mernoriae

303 841 363 904 teri
389 837 534 912 nocendi,
563 833 615 898 seu
643 839 708 898 eius
733 835 845 898 lamam
870 833 1068 912 denigrandi.
1105 836 1220 900 reducit
1241 835 1388 899 auxilium
1407 834 1458 911 ipsi
1480 833 1646 911 praellitum
1666 842 1697 900 ln
1713 836 1771 901 luis
1788 836 1869 898 indi·

302 915 457 980 Dctraclio
478 916 645 977 materialis
662 914 704 978 est
726 935 795 989 qnae
816 913 852 980 lit
870 914 991 990 quidem
1007 908 1068 977 abs·
1104 919 1231 1000 gennis.
1248 915 1441 980 Maledictum
1455 913 1509 992 seu
1525 915 1686 983 maledic'lia
1711 917 1758 981 hic
1780 912 1869 980 sumi·

300 1016 360 1072 qne
378 994 489 1057 directa
510 993 543 1059 δι
564 995 644 1057 mala
667 994 894 1057 intentione&
922 992 1068 1057 volunta·
1106 1014 1156 1060 tur
1177 1016 1237 1059 non
1254 1016 1309 1073 pro
1330 993 1456 1058 dictione
1477 997 1636 1061 cuiuslibet
1656 997 1805 1073 convicii,
1832 992 1868 1057 dt

303 1093 336 1139 te
352 1075 439 1160 alteri
457 1074 604 1149 nocendi,
625 1074 676 1137 vel
697 1077 762 1136 eius
784 1071 895 1137 lamam
912 1072 1069 1150 denigrari·
1104 1075 1174 1138 mali
1199 1080 1229 1137 in
1260 1079 1460 1153 proximum,
1485 1073 1533 1136 led
1562 1098 1616 1152 pro
1648 1079 1867 1155 imprecatione

302 1158 351 1229 di,
370 1154 419 1217 led
440 1171 629 1218 tamencum
649 1152 779 1228 praevilo
800 1153 848 1214 vel
869 1151 971 1225 debito
991 1172 1067 1226 prae·
1102 1175 1169 1230 quae
1191 1153 1228 1218 fit
1252 1157 1343 1218 alicui
1364 1155 1434 1220 mali
1451 1174 1569 1231 prenae,
1591 1175 1666 1230 puta
1693 1156 1793 1232 liquis
1811 1154 1867 1217 ali·

301 1233 423 1298 videndi
441 1231 573 1311 periculo
596 1234 770 1297 detrimenti
795 1229 847 1294 seu
873 1228 1006 1294 infamiae
1023 1232 1067 1294 al·
1103 1238 1153 1297 cui
1179 1238 1360 1311 imprecetur
1388 1233 1565 1310 diabolum,
1591 1232 1737 1311 fulmina,
1763 1235 1866 1298 aliave

261 1374 268 1387 ‚
301 1319 415 1388 tetius,
440 1313 565 1386 ideoque
586 1334 647 1374 non
677 1309 737 1374 stne
758 1310 901 1374 indireblo
922 1311 1067 1375 volunta-
1105 1311 1308 1379 huiuscemodi
1338 1314 1438 1389 mala,
1459 1311 1493 1378 ἀ
1520 1314 1776 1378 malitiahuiul'ce
1796 1315 1868 1378 vitii

243 1389 284 1488 δὲ,
301 1401 366 1471 rio,
385 1391 418 1457 δι
439 1396 611 1456 intentione
632 1391 779 1455 nocendi.
801 1389 957 1454 Detrablio
978 1394 1067 1454 iuxta
1103 1395 1289 1457 dimetienda
1318 1391 1359 1455 cll
1384 1413 1423 1456 ex
1447 1393 1641 1459 advertentia
1669 1395 1702 1460 dc
1722 1394 1869 1458 delibera·

243 1503 288 1555 ,pp
302 1475 339 1536 D.
361 1472 422 1535 Th.
445 1491 473 1531 2.
495 1491 522 1532 2.
544 1493 570 1548 q.
590 1491 636 1550 72.
655 1485 711 1534 arr.
732 1491 757 1533 r.
777 1472 818 1534 ad
839 1486 866 1550 3.
885 1469 953 1534 fieri
970 1469 1066 1546 potell
1103 1477 1189 1538 tione
1206 1470 1407 1551 proferentis:
1429 1493 1500 1536 nam
1518 1471 1539 1534 li
1560 1494 1600 1537 ex
1619 1473 1868 1539 inconsideratio·

301 1551 368 1621 osto
387 1553 501 1628 modis,
521 1570 628 1628 nempe
647 1572 672 1611 1.
696 1555 878 1629 imponendo
896 1549 988 1614 alicui
1008 1553 1073 1615 cri··
1103 1574 1161 1632 ne,
1189 1556 1348 1630 repentino
1369 1556 1423 1615 irae
1453 1556 1569 1628 impetu
1589 1559 1771 1631 cointngat,
1797 1573 1868 1618 cen·
1947 1606 1950 1615 .

301 1654 371 1698 men
395 1627 527 1706 sallum,
547 1651 575 1693 2.
597 1630 810 1707 amplificando
830 1627 879 1693 seu
899 1650 1065 1708 exageran·
1102 1630 1193 1703 senda
1212 1653 1274 1697 non
1293 1631 1337 1693 est
1357 1631 1471 1695 lethale
1499 1651 1674 1708 peccatum.
1697 1630 1794 1712 Irrisio
1813 1631 1869 1696 sen

300 1717 340 1779 do
358 1715 473 1776 crimen
499 1732 624 1787 verum,
649 1727 675 1789 3.
701 1707 924 1781 manifestando
950 1713 1065 1774 crimen
1100 1713 1205 1794 derisio
1225 1710 1373 1791 lignilicat
1391 1708 1481 1774 risum
1498 1733 1567 1774 cum
1585 1714 1714 1778 alterius
1729 1730 1868 1778 contem·

301 1794 477 1866 occultum,
499 1813 529 1868 4.
549 1813 623 1868 opus
650 1790 726 1854 recle
748 1787 860 1854 laetum
884 1787 997 1852 sinistre
1017 1793 1064 1852 in·
1123 1811 1181 1870 tu3
1211 1793 1288 1855 unde
1316 1791 1442 1854 irridens
1470 1794 1602 1856 intendit
1630 1790 1882 1863 erubescentiam·

300 1871 517 1949 terpretando,
537 1870 587 1934 lea
609 1889 723 1934 temere
739 1889 875 1934 exterius
888 1867 1065 1946 iudicando,
1101 1816 1152 1936 beu
1167 1868 1376 1935 confusionem
1396 1867 1500 1933 derisi.
1519 1872 1588 1936 Hoc
1610 1875 1722 1936 vitium
1747 1889 1781 1936 ut
1803 1872 1868 1947 plu·

299 1971 337 2018 ut
359 1951 432 2013 illud
452 1950 545 2037 Lucae
565 1971 611 2013 rr.
632 1957 669 2014 In
685 1947 842 2017 Beelzebub
858 1950 986 2027 principe
1005 1950 1065 2012 dae·
1100 1955 1211 2016 timum
1230 1950 1271 2014 est
1293 1950 1438 2024 veniale,
1462 1952 1624 2029 aliquando
1641 1972 1715 2016 vero
1734 1951 1868 2015 mortale

297 2030 556 2097 monr'orumcircil
578 2030 743 2094 damonia.
776 2031 814 2092 Et
842 2029 906 2092 laec
926 2032 967 2091 cll
987 2031 1065 2092 dire·
1101 2055 1155 2110 pro
1170 2048 1353 2108 contemptu
1373 2029 1407 2094 ὅ(
1431 2031 1583 2106 dignit-ate
1610 2030 1744 2106 perlouae
1762 2034 1811 2095 cui
1828 2033 1868 2095 ir·
1912 2077 1914 2082 ι

298 2112 365 2188 ua,
390 2109 424 2172 ὃ(
446 2108 578 2184 politiva
602 2108 774 2188 detraelio,
801 2131 860 2184 qua
886 2107 1011 2187 direste,
1031 2107 1064 2173 ἃ
1101 2113 1217 2175 ridetur
1233 2111 1287 2188 ,δε
1309 2113 1517 2186 magnitudine
1534 2111 1732 2187 turpitudinis
1762 2110 1799 2173 ad
1824 2113 1868 2174 io·

300 2189 431 2268 politive
458 2188 579 2251 laeditur
611 2187 688 2253 lama
713 2192 863 2266 proximi,
890 2206 922 2251 ut
949 2191 981 2249 in
1008 2189 1064 2253 hoc
1100 2214 1171 2256 cunr
1188 2208 1315 2268 arrepta:
1331 2240 1340 2267 ,
1358 2189 1392 2252 bt
1418 2194 1530 2266 lemper
1551 2188 1571 2251 sr
1594 2189 1651 2254 fiat
1671 2213 1741 2255 curn
1763 2192 1867 2254 inten-

298 2267 393 2333 verlu
411 2271 606 2355 continetur:
628 2276 799 2347 uaporem,
823 2288 952 2348 augens,
971 2267 1065 2331 mani·
1100 2277 1186 2335 tione
1207 2275 1344 2349 graviter
1366 2273 1536 2345 proximum
1564 2267 1786 2346 confundendi,
1814 2269 1868 2334 vel

290 2348 424 2432 festam,
443 2367 474 2409 rn
495 2348 571 2411 mala
588 2363 726 2427 verrens3
749 2350 906 2423 indireble,
927 2347 960 2410 ὃ(
980 2343 1061 2424 qnasi
1101 2352 1164 2414 line
1179 2349 1255 2414 iusta
1272 2348 1375 2414 caulla
1390 2348 1587 2426 exprobretur
1606 2350 1696 2413 alicui
1714 2350 1779 2412 eius
1800 2369 1868 2427 gra„-

296 2433 444 2506 negative
466 2425 503 2491 fit
520 2429 588 2492 aliis
605 2450 736 2504 qnatuir
764 2428 858 2492 modis
867 2450 880 2504 ,·
903 2448 935 2489 r.
954 2449 1065 2505 negatr-
1102 2435 1149 2497 vis
1176 2428 1322 2503 delcllus,
1343 2428 1395 2493 vel
1415 2429 1525 2505 culpa,
1551 2430 1601 2493 vel
1630 2425 1738 2493 derisus
1767 2431 1865 2514 gravi·

297 2510 337 2571 do
354 2506 431 2570 redte
448 2503 548 2583 facta,
565 2510 616 2572 vel
637 2513 702 2572 eius
718 2512 804 2573 dotes
820 2556 828 2582 ‚
842 2528 869 2568 2.
891 2506 1003 2571 bonum
1015 2507 1064 2571 vel
1102 2529 1150 2576 ter
1167 2509 1385 2584 contristetur,
1400 2512 1469 2584 quia
1487 2526 1560 2572 tunc
1577 2512 1606 2570 ei
1622 2507 1683 2572 sine
1695 2506 1770 2573 iusta
1782 2508 1867 2571 caul-

260 2598 267 2614 ·
297 2590 385 2671 dotes
407 2586 534 2650 alterius
554 2589 771 2666 extenuando,
802 2604 830 2666 3.
852 2587 982 2652 tacendo
1001 2607 1062 2651 ma·
1101 2591 1132 2656 l'a
1151 2611 1245 2670 grave
1265 2591 1379 2652 malum
1400 2586 1546 2652 infertur.
1566 2588 1637 2652 Huc
1659 2591 1793 2664 pertinet
1799 2585 1867 2665 sub·
1887 2616 1889 2621 v

298 2668 398 2731 liciole
418 2667 551 2745 bouum,
578 2670 629 2732 vel
657 2669 744 2733 dotes
765 2668 891 2733 alterius
913 2687 953 2731 eo
981 2668 1064 2743 locu,
1094 2671 1252 2753 sannatia,
1268 2691 1335 2745 quar
1358 2666 1395 2732 fit
1416 2667 1544 2748 gestibus
1565 2664 1733 2746 derisoriis,
1754 2685 1789 2732 ut
1811 2687 1867 2730 na-

299 2749 353 2812 vel
382 2763 535 2823 tempore,
561 2770 620 2824 quo
649 2750 713 2812 tale
736 2746 890 2812 lilentium
919 2748 1064 2824 interpre·
1102 2752 1134 2816 l'o
1155 2751 1334 2826 contracto,
1354 2750 1557 2826 velrugam,
1577 2746 1662 2811 licini
1683 2749 1814 2825 contigit
1834 2747 1866 2809 in

299 2845 386 2891 tatur
406 2825 443 2890 ab
461 2827 527 2890 aliis
552 2849 606 2916 pro
632 2831 730 2892 tacita
761 2829 1008 2904 vituperatione,
1034 2849 1063 2904 4.
1100 2828 1211 2894 Christi
1240 2826 1394 2908 misione,
1431 2828 1466 2893 δι
1495 2831 1647 2906 praecipue
1678 2830 1709 2889 in
1736 2847 1874 2891 corona·-

297 2914 347 2971 ita
371 2902 476 2983 frigide
499 2906 532 2970 ἃ
562 2909 700 2982 linurlate
728 2907 899 2984 loquendo,
928 2922 963 2970 ut
993 2907 1065 2970 talis
1102 2915 1207 2975 tione.

299 2989 367 3052 laus
384 2991 484 3064 potius
503 2986 591 3053 cedat
610 2994 640 3051 in
661 2987 895 3062 diminutionem
918 2983 1005 3051 lamae
1022 2987 1065 3050 al·
1142 2993 1313 3075 Diffamario
1339 2991 1376 3071 est
1405 2988 1545 3056 delrablr'o
1553 2987 1649 3071 sarnae
1665 2984 1788 3052 alterius
1809 3003 1865 3065 pu.

298 3070 416 3142 terius,
440 3066 488 3130 seu
516 3069 548 3130 in
563 3075 628 3132 eius
658 3071 863 3145 vituperiums
890 3066 923 3131 &
944 3068 973 3129 hi
990 3088 1064 3142 qua·
1100 3073 1172 3146 blica
1183 3075 1236 3153 seu
1256 3094 1350 3138 coram
1370 3071 1472 3135 mulus
1481 3071 1584 3151 fana,
1603 3071 1643 3136 tu
1663 3090 1729 3133 cum
1752 3068 1864 3133 dircen

258 3167 266 3194 -·
297 3168 371 3211 tuor
392 3148 471 3211 modi
492 3168 613 3225 quoque
633 3152 666 3211 in
688 3148 744 3212 hoc
774 3148 836 3211 alio
857 3150 943 3212 verlu
962 3149 1064 3210 conti·
1099 3158 1151 3219 vel
1173 3156 1314 3218 r'ndr'refpa
1333 3152 1493 3217 intentione
1512 3149 1635 3214 alterius
1653 3148 1811 3227 infamiam
1832 3148 1866 3209 in

297 3246 433 3291 nentur:
455 3229 517 3308 Qui
532 3241 617 3309 nigab
632 3277 642 3309 ‚
660 3242 715 3293 “bb
734 3226 861 3304 mbbblbr
886 3238 981 3301 babil,
1001 3227 1064 3290 lau·
1096 3232 1241 3312 publicum
1250 3231 1422 3312 propalandi
1432 3276 1439 3292 .
1457 3229 1621 3309 susurratio
1637 3231 1673 3309 est
1685 3228 1794 3292 crimen
1805 3225 1864 3289 liu·
1950 3268 1954 3275 ·

295 3309 405 3385 datque
421 3305 553 3388 remiffe.'
840 3383 843 3388 ,
1095 3337 1163 3395 guae
1179 3363 1187 3391 ,
1204 3315 1276 3379 dum
1296 3314 1360 3393 quir
1376 3312 1489 3375 malum
1509 3310 1546 3373 de
1559 3310 1689 3387 proximo
1704 3309 1832 3372 ocrrrllel
1848 3339 1863 3353 ·

243 3391 279 3446 do
336 3385 490 3452 Detraflio
505 3389 655 3456 dividitur
671 3409 698 3452 2.
715 3410 755 3455 ex
772 3407 861 3469 parte
872 3385 1064 3453 circumllan·
1099 3395 1210 3473 quenda
1230 3394 1331 3458 odium
1347 3394 1409 3457 eius
1431 3412 1464 3455 uc
1479 3389 1677 3471 clr'llrnffionem
1696 3388 1862 3451 animorum

254 3543 264 3561 ι
297 3471 411 3556 ciarum
429 3473 460 3530 in
480 3473 720 3548 contumellam,
739 3469 1001 3557 diffamationem,
1030 3468 1063 3532 &
1099 3475 1237 3551 molitur.
1258 3476 1357 3540 Nam.
1371 3470 1490 3538 suliirro
1517 3492 1609 3548 prave
1634 3470 1810 3544 obloquitur
1826 3466 1864 3529 de

300 3550 556 3626 lrrlurrationem.
582 3549 763 3613 contumelia
782 3552 818 3630 ιβ
846 3548 975 3625 rniuria‚
1005 3570 1064 3626 qua
1100 3560 1257 3630 proximo,
1280 3573 1314 3618 ut
1335 3552 1423 3627 ipsius
1440 3553 1609 3615 amicitiam
1634 3571 1704 3611 curn
1731 3549 1796 3610 aliis
1816 3549 1863 3609 in·

297 3631 390 3695 alberi
419 3628 528 3692 Crimen
551 3626 685 3709 salbum,
711 3629 763 3691 vll
793 3649 899 3692 voum
918 3629 1064 3691 occultum
1099 3633 1174 3697 iulle
1196 3634 1287 3697 tolla-t
1306 3681 1314 3708 ‚
1333 3632 1366 3697 dt
1388 3630 1752 3702 dilcordiasdilleminet‚
1772 3630 1863 3689 iuxta

290 3712 394 3795 palam
414 3707 446 3769 in
461 3707 525 3771 cius
537 3708 697 3785 prasentia
716 3709 798 3785 quafi
816 3708 848 3768 iu
863 3705 974 3786 jaciens
994 3704 1064 3770 obii·
1099 3713 1174 3775 illud
1199 3711 1391 3776 Ecclesiastici
1415 3710 1462 3772 28.
1493 3706 1615 3787 Susurro
1651 3707 1696 3766 &¹
1719 3704 1863 3783 bilinguis

297 3791 398 3864 citur,
425 3787 459 3850 dc
478 3784 520 3849 cll
541 3792 666 3864 gravior
689 3785 896 3871 detractione,
920 3792 991 3861 quia
1011 3785 1062 3848 de·
1097 3792 1270 3856 maledir'lus
1288 3837 1299 3853 ..
1322 3792 1461 3855 Intentio
1480 3792 1561 3851 enim
1588 3786 1622 3852 &
1642 3786 1709 3849 finis
1730 3783 1861 3848 lulurra·

298 3865 408 3935 trallio
427 3866 511 3930 laedit
531 3871 706 3942 proximum
727 3868 758 3927 in
779 3866 932 3943 ablentia,
952 3881 1062 3930 contu·
1098 3876 1192 3937 tionis
1212 3870 1255 3935 est
1277 3870 1420 3937 suscitare
1447 3866 1608 3930 discordias
1636 3888 1671 3930 ac
1692 3865 1795 3930 odium
1814 3865 1862 3926 in·

294 3947 388 4015 melia
415 3946 451 4008 bn
473 3943 656 4024 Praesentffl,
685 3964 777 4023 atque
805 3946 882 4009 ³⁴be0
905 3945 958 4011 ibba
981 3945 1062 4010 laedit
1097 3971 1146 4016 tec
1176 3954 1311 4017 etnicos.
1333 3952 1482 4017 Gravitas
1507 3947 1594 4012 nnius
1615 3948 1684 4011 vitii
1714 3948 1802 4010 iuxta
1821 3944 1863 4006 D.
1959 4005 1962 4010 .

292 4030 396 4096 <solum
412 4021 543 4105 sarnam,
562 4027 617 4097 illa
638 4027 721 4092 laedit
738 4023 1059 4092 lauram&honorem·
1097 4032 1160 4104 Th.
1177 4051 1205 4093 2.
1224 4052 1252 4094 2.
1269 4055 1297 4110 q.
1320 4053 1369 4113 74.
1390 4026 1651 4096 commenlutaeur
1670 4026 1707 4090 ab
1727 4025 1864 4098 eoquod

338 4106 1062 4186 00¹¹t⁰ffl⁸lb³fit⁶0¹¹Vicboiimbfflbeffflfflaledi·
1096 4116 1229 4178 amicitia
1251 4114 1369 4191 praellat
1384 4110 1494 4186 lamae,
1518 4113 1561 4173 ita
1581 4126 1614 4173 ut
1632 4125 1723 4172 tanto
1752 4126 1791 4169 ex
1811 4124 1861 4182 gc·

287 4188 596 4268 clodulurratione,
619 4207 689 4266 puta
702 4181 1062 4266 ‚l'criptoveltibellofa·
1096 4213 1169 4268 nere
1190 4190 1243 4257 luo
1258 4197 1378 4258 caeteris
1400 4190 1519 4268 paribus
1533 4191 1657 4267 gravior
1677 4186 1714 4249 sit
1730 4182 1863 4277 sulurra·

288 4268 405 4346 molo,
421 4269 509 4334 licuti
522 4274 628 4334 iniurc
640 4269 810 4347 appellatur
817 4288 830 4340 ,·
843 4265 1063 4345 fallomentpe
1098 4276 1143 4337 tio
1162 4291 1279 4349 quanto
1302 4275 1436 4336 amicitia
1465 4266 1553 4333 farnae
1580 4268 1622 4329 est
1651 4262 1859 4333 favorabilis:
1922 4270 1927 4280 ’

299 4354 488 4430 honoratum
497 4354 599 4415 virum
609 4348 899 4428 verberand07domi
909 4345 1063 4437 includen·
1098 4374 1169 4417 nam
1190 4372 1312 4429 peccata
1331 4357 1366 4414 in·
1380 4355 1548 4428 proximum
1568 4348 1683 4412 colunt
1699 4346 1864 4423 graviora,

294 4434 358 4511 do,
376 4429 605 4509 lirblannando,
627 4428 798 4516 irridendo.
827 4436 1000 4493 caumatum
1027 4427 1063 4504 erl
1097 4450 1214 4508 quanto
1241 4430 1588 4509 periplanocumentum
1606 4431 1701 4491 maius
1720 4426 1864 4501 proximo
1955 4433 1958 4439 ’

293 4510 404 4595 [perier
431 4509 631 4589 contumelia,
655 4529 712 4586 quo
737 4508 827 4574 alicu
850 4506 1063 4650 euffrobranlur
1099 4509 1252 4576 infertur¹

286 4590 428 4675 dessein
448 4612 556 4671 panae,
586 4592 641 4656 vel
661 4600 796 4667 nalurae3
824 4607 859 4654 ut
922 4592 988 4665 quis
1010 4590 1063 4654 ali·
1140 4592 1268 4657 Libellus
1279 4589 1411 4672 famulus
1430 4591 1467 4672 cst
1481 4588 1625 4670 scriplum
1646 4584 1862 4667 quodalicuiur-

294 4679 349 4740 eui
364 4672 490 4737 obiiciat
511 4693 582 4736 curn
596 4672 657 4735 elle
678 4688 821 4746 coecum,
842 4669 981 4735 claudum
1002 4666 1061 4735 &c
1099 4671 1254 4755 infamiam
1271 4671 1398 4737 continet
1417 4668 1727 4748 nonusnullum,
1755 4679 1790 4731 ur
1806 4685 1860 4745 pu·

282 4753 334 4821 dr
363 4756 395 4816 in
419 4753 476 4817 boc
503 4749 608 4818 differt
638 4773 656 4818 a
677 4772 753 4831 pura
780 4750 992 4829 contumelia,
1012 4773 1064 4829 per
1098 4754 1167 4831 blire
1182 4765 1250 4817 nora
1260 4754 1330 4831 fiat.
1364 4752 1486 4815 Crimen
1510 4749 1566 4814 hoc
1590 4751 1709 4814 caeteris
1740 4750 1860 4824 paribus

294 4854 391 4912 quem
410 4834 500 4901 elicui
528 4830 765 4912 representatur
787 4847 842 4895 aut
864 4829 1064 4907 exprobratur
1101 4838 1185 4911 peior
1204 4832 1248 4898 est
1268 4830 1456 4897 detractione
1475 4851 1542 4906 quae
1560 4828 1597 4895 fit
1615 4849 1708 4906 voce,
1725 4831 1794 4904 quia
1814 4828 1860 4886 ir.-

293 4909 435 4980 delatum
454 4913 580 4995 culpus²
599 4932 634 4979 ut
654 4912 676 4975 si
696 4916 761 4989 quis
784 4910 866 4975 dicat
894 4909 986 4975 alicui
1006 4912 1065 4975 elle
1101 4912 1191 4978 lamia
1211 4911 1248 4980 ad
1269 4912 1410 4990 plurimos
1431 4908 1522 4975 fusius
1544 4914 1592 4976 ita
1607 4906 1805 4980 diffunditur,
1826 4902 1861 4967 &

263 5065 269 5075 ,
293 4992 418 5073 barem,
438 4994 609 5058 adulterum
628 4994 694 5061 &cc
711 4994 786 5057 Non
806 5010 877 5055 raro
896 5009 973 5055 vero
993 5012 1064 5055 con·
1102 4998 1158 5057 vix
1172 4992 1285 5057 aboleri
1303 4989 1413 5068 potest.
1436 4994 1538 5066 Quare
1559 4993 1666 5052 mortis
1687 5005 1778 5063 poena
1802 4980 1866 5074 stae

286 5077 433 5153 vicina,
449 5071 483 5141 dt
499 5075 692 5142 contumelia.
704 5093 758 5152 pro
772 5066 1063 5154 codeprlumu'ntur.
1104 5076 1204 5137 ruitur
1221 5076 1257 5134 in.
1273 5074 1337 5136 iure
1358 5074 1452 5147 tiqui
1471 5070 1564 5135 talem
1581 5067 1714 5131 libellum
1734 5063 1867 5207 igitur,

1136 5159 1139 5163 ·
1800 5161 1830 5205 er
