4425 6000
647 496 851 571 Tunes.
881 515 947 567 ua
976 492 1308 569 eonscicr.
1338 491 1455 567 Car.
1482 490 1515 567 1.
1739 494 1808 576 161

292 594 504 671 huiuscemodi
513 592 706 661 contrauum
723 594 883 671 impleret.
905 593 1061 655 Hiucvim
1100 591 1195 657 trabit
1210 590 1402 657 contrailnm
1422 589 1538 670 abipso
1560 593 1628 658 iure
1652 598 1793 662 eumdem
1819 599 1860 663 ir·

292 682 415 749 nullam
436 675 562 743 haberet
576 723 585 752 ,
600 674 635 739 δε
656 673 801 739 illicitum
815 673 892 737 eli'et
914 676 1062 736 iuramen·
1099 674 1237 749 sitente,
1254 671 1289 738 dt
1321 672 1390 737 ideo
1410 670 1622 737 invariabilem
1643 722 1652 752 ‚
1679 672 1860 753 firmumque

292 760 509 834 tumelerici,
541 758 592 830 qui
621 756 801 819 renuncians
827 750 893 817 soro
908 747 960 815 suo
979 770 1062 815 cum-
1100 750 1268 829 reddit,&
1288 749 1859 832 obligantemexiullitia,uonsecus

291 840 417 922 petenti
448 841 562 899 iuraret
589 833 617 897 se
635 836 875 909 compatiturum
894 830 997 973 cons
1019 833 1059 891 iu·
1099 854 1135 895 ac
1152 831 1173 893 sr
1189 852 1243 907 per
1255 832 1350 910 legem
1366 828 1541 897 nonsuillet
1558 834 1678 897 irritus.
1698 834 1869 901 arimania.

291 920 362 987 dioe
376 916 515 987 saeculari
528 962 537 991 ,
551 931 609 992 cap.
620 913 754 993 diligenti
762 914 798 977 de
808 910 975 992 fhrocompe
990 910 1059 973 enti.
1097 908 1216 987 censes,
1235 911 1441 977 Tourneleius
1462 932 1531 975 cum
1548 912 1632 975 aliis.

292 996 345 1067 Sic
364 1020 428 1069 non
450 996 537 1062 valet
565 997 774 1057 iuramentum
798 1009 884 1058 metu
904 1006 1063 1055 extortum
1088 1070 1090 1075 Ι
1138 988 1262 1067 lusuper
1287 992 1365 1056 tales
1386 990 1562 1056 contradus
1589 991 1753 1058 ascedente
1778 995 1863 1061 iura·

294 1078 470 1159 appositum
487 1076 687 1139 matrimonio
703 1088 788 1135 metu
806 1070 966 1135 contrado
987 1117 996 1147 ,
1012 1068 1063 1133 vel
1099 1086 1205 1133 mento
1222 1068 1613 1146 transferuntdominium‚
1631 1072 1862 1150 dansqueasiio·

293 1156 483 1241 sponsalibus
504 1152 641 1218 similiter
657 1152 854 1216 metuinitis.
873 1148 966 1215 Talia
981 1151 1064 1236 enim
1099 1168 1169 1213 netu
1186 1152 1217 1211 in
1235 1148 1301 1213 foro
1317 1170 1447 1215 externo
1466 1166 1532 1213 tum
1551 1168 1590 1213 ex
1606 1154 1673 1215 iure
1689 1153 1777 1217 civili
1789 1156 1859 1235 [ις.

293 1231 531 1303 matrimonia&
548 1230 694 1309 sponsalia
710 1228 779 1295 sunt
798 1228 951 1307 prohibita
971 1227 1063 1293 obla·
1098 1232 1226 1293 Sacram.
1247 1228 1306 1293 cod.
1323 1232 1353 1310 fi
1369 1226 1639 1307 adversesuendir.
1657 1230 1707 1295 ubi
1726 1231 1861 1300 dicitur:

292 1336 409 1387 vorem
423 1313 594 1395 publicum,
608 1313 679 1387 quia
697 1308 796 1387 odia,
829 1310 926 1385 lites,
952 1306 987 1372 dc
1008 1330 1064 1388 pu·
1092 1307 1281 1387 sacramenia
1297 1308 1439 1387 puberum
1462 1308 1565 1387 sponse
1581 1308 1666 1389 [πᾶα
1687 1310 1777 1390 sum
1795 1333 1863 1379 corr·

291 1416 384 1483 gua,
401 1394 507 1473 quibus
527 1390 713 1466 Reipublicae
734 1392 817 1466 quies
835 1386 1033 1465 perturbatur
1056 1436 1065 1463 ‚
1098 1387 1239 1453 trudibus
1259 1409 1357 1453 rerum
1366 1390 1496 1467 suarum
1516 1412 1573 1453 non
1589 1391 1801 1467 retrudendas,
1816 1394 1865 1459 r'n·

293 1496 336 1543 ex
354 1476 415 1541 illis
431 1472 644 1549 sequerentur.
669 1469 707 1532 Et
728 1468 783 1532 boc
804 1470 902 1533 dicito
915 1469 1012 1531 etiam
1028 1466 1064 1531 de
1099 1464 1288 1545 violabiliter,
1309 1468 1532 1549 caprarum,-
1564 1486 1631 1532 tum
1658 1490 1698 1535 ex
1714 1473 1782 1535 iure
1804 1471 1863 1535 Ca·

296 1558 507 1629 iuramento,
530 1571 590 1627 quo
610 1552 675 1626 quis
695 1566 858 1626 cogeretur
874 1550 974 1611 iurare
995 1566 1062 1623 pro·
1098 1550 1210 1612 nouico
1226 1565 1286 1626 cap.
1308 1568 1337 1611 a.
1358 1548 1398 1613 de
1415 1546 1508 1627 patris
1523 1547 1556 1613 irs
1574 1550 1605 1611 6.
1626 1548 1660 1615 ds
1676 1570 1716 1613 ex
1728 1567 1791 1629 cap.
1811 1552 1861 1615 28.

293 1632 455 1701 sessionem
474 1625 670 1709 religiosam,
699 1644 752 1692 aut
785 1627 842 1692 alia
874 1642 955 1692 vota
977 1643 1064 1689 metu
1097 1626 1138 1693 de
1158 1628 1280 1692 iureiur.
1313 1626 1364 1693 ubi
1393 1626 1534 1693 statuitur
1556 1630 1776 1707 contradum,
1803 1653 1866 1709 quo

292 1730 442 1782 extorta.
471 1709 552 1775 Tale
569 1711 651 1772 enim
673 1709 880 1770 iuramentum
907 1704 950 1770 eli
969 1707 1063 1769 etiam
1098 1728 1177 1771 uum
1193 1704 1349 1773 consentit
1366 1709 1398 1771 in
1422 1707 1640 1773 alienationem
1666 1706 1751 1774 sundi
1776 1709 1865 1777 dota·

293 1794 466 1859 invalidum
485 1837 494 1866 ,
513 1792 584 1867 quia
614 1790 750 1853 vetitum
777 1783 819 1849 est
844 1785 882 1849 ob
912 1784 1063 1861 publicum
1098 1789 1160 1864 lis,
1193 1790 1245 1864 qui
1267 1790 1332 1851 iure
1347 1783 1528 1865 positivoest
1540 1790 1666 1867 irritus,
1681 1787 1863 1855 servandum

294 1872 455 1939 savorem.
477 1868 761 1943 ltaiurameutum,
777 1886 838 1941 quo
853 1864 980 1928 clericus
990 1883 1064 1928 con·
1098 1865 1159 1930 else
1180 1914 1190 1945 ,
1214 1866 1236 1928 li
1257 1868 1416 1932 accesserit
1433 1869 1641 1933 iuramentum
1657 1865 1717 1932 sine
1738 1872 1769 1931 vi
1784 1891 1863 1947 ,ac

290 1950 404 2019 firmat
423 1942 766 2030 promillionemsasiam
782 1943 977 2020 concubino,
994 1964 1063 2007 cunr
1097 1944 1169 2010 dolo
1188 1942 1355 2019 praeliitum
1375 1994 1383 2023 ,
1403 1944 1436 2010 dr
1456 1966 1518 2024 cap.
1539 1946 1576 2011 de
1592 1948 1685 2026 parus
1705 1948 1738 2013 in
1756 1952 1787 2012 6.
1812 1951 1863 2015 ubi

292 2030 355 2099 stoc
376 2034 511 2096 vetitum
528 2026 564 2093 sit
585 2030 617 2089 in
632 2023 769 2089 savorem
791 2022 917 2101 publicae
944 2023 1063 2087 utilita·
1097 2024 1275 2090 Bonifatius
1297 2024 1379 2089 Vlll.
1402 2024 1510 2092 statuit
1532 2044 1568 2091 ut
1585 2027 1706 2104 passum
1725 2026 1860 2105 patrisa·

288 2116 357 2189 κὴ,
382 2110 417 2177 dt
438 2105 625 2173 honestatis.
646 2104 693 2171 lta
713 2103 947 2191 Covarruvias,
973 2121 1061 2178 quem
1096 2104 1178 2170 &um
1198 2126 1215 2169 a
1236 2104 1318 2183 lilia,
1337 2105 1410 2169 dum
1426 2109 1536 2183 nuptui
1550 2106 1742 2184 tradebatur,
1763 2108 1863 2175 utdo·

290 2192 394 2258 citant
415 2188 462 2253 hic
483 2180 735 2251 salmucenses·
764 2182 856 2258 Quod
887 2190 906 2243 lr
925 2184 1062 2245 irritatio
1099 2202 1131 2249 te
1148 2201 1300 2255 contenta
1320 2184 1439 2249 nullum
1459 2185 1497 2249 ad
1515 2184 1735 2265 bonapaterna
1751 2190 1862 2269 regres-

291 2266 378 2339 sasia
399 2267 436 2333 sit
458 2264 657 2341 immediate,
686 2261 721 2331 ἀ
739 2262 948 2342 principaliter
964 2265 996 2323 in
1018 2255 1032 2323 s
1048 2292 1061 2307 ·
1097 2261 1164 2327 lum
1179 2262 1324 2341 haberet,
1340 2266 1480 2341 quamvis
1500 2264 1556 2329 lroc
1579 2264 1736 2345 improbet
1751 2266 1800 2331 ler
1817 2271 1863 2333 ci·

291 2370 431 2427 uorem
452 2344 674 2414 &utilitatem
692 2345 861 2421 privatam,
876 2339 1060 2431 contrahen·
1098 2346 1189 2421 vilis,
1209 2342 1351 2410 stramen
1373 2345 1548 2409 iuramento
1563 2365 1619 2409 nec
1642 2350 1695 2423 vi,
1714 2366 1772 2413 nec
1790 2347 1864 2413 dolo

294 2432 397 2505 tiuru,
417 2442 491 2492 tunc
520 2423 682 2489 dummodo
701 2420 786 2485 nulla
806 2421 995 2487 interveniat
1017 2440 1062 2482 tn·
1099 2422 1233 2500 praeliito
1253 2420 1408 2487 firmatum
1424 2418 1537 2501 suerit,
1560 2425 1597 2489 ab
1616 2425 1723 2491 eadem
1732 2428 1863 2493 omniuo

294 2510 417 2575 iullitia
438 2528 476 2571 ex
495 2522 580 2584 parte
595 2502 806 2569 contrahentis
823 2548 832 2577 ,
850 2504 901 2567 cui
918 2503 1062 2574 iuratur,
1100 2502 1213 2569 servari
1231 2502 1341 2566 debeat
1361 2548 1370 2579 ,
1394 2518 1502 2577 utpote
1517 2506 1594 2579 quod
1617 2526 1680 2571 non
1700 2526 1810 2585 vergat
1829 2508 1863 2571 in

295 2608 334 2653 ut
354 2585 492 2669 sentiunt
510 2585 599 2649 multi
623 2632 631 2661 ,
658 2580 680 2644 sr
708 2585 917 2647 iuramentum
936 2599 1061 2645 contra·
1098 2602 1224 2651 aeternae
1240 2584 1346 2647 salutis
1367 2580 1571 2661 dispendium,
1587 2606 1644 2650 nec
1659 2584 1807 2653 redundet
1829 2590 1862 2651 iu

294 2664 356 2733 uui
377 2682 569 2745 apponatur,
590 2658 683 2740 ipsum
702 2658 887 2739 confirmat,
907 2663 977 2747 quia
998 2661 1063 2735 qui·
1098 2664 1227 2728 alterius
1242 2663 1479 2726 detrimentum.
1496 2663 1602 2741 Quare
1617 2686 1687 2730 cum
1701 2668 1771 2731 iura
1788 2684 1862 2733 tunc

293 2746 371 2813 libet
392 2748 573 2811 renunciare
590 2741 687 2822 potesl
708 2742 870 2805 commodo
880 2744 971 2817 prole
981 2742 1062 2828 prin·
1098 2759 1208 2820 negent
1231 2744 1275 2805 ius
1298 2739 1474 2817 repetendi,
1489 2742 1525 2807 bt
1543 2743 1728 2810 reclamandi
1753 2746 1863 2823 ,quod

293 2826 436 2903 cipaliter
459 2845 476 2888 a
498 2825 562 2903 lege
573 2818 767 2896 introduslo,
785 2819 950 2883 dummodo
966 2818 1063 2880 alitur·
1096 2818 1270 2885 concedunt
1286 2820 1406 2896 quaudo
1434 2821 1642 2886 iuramentum
1665 2841 1781 2902 metu,
1810 2825 1863 2891 vel

293 2904 332 2971 de
354 2904 413 2971 hoe
429 2922 492 2969 non
513 2902 725 2979 prohibeatur,
741 2919 780 2961 ex
797 2902 867 2979 Leg.
889 2916 935 2976 59.
954 2896 1013 2961 cod.
1026 2896 1062 2960 dr
1097 2900 1167 2965 dolo
1181 2916 1343 2963 extortum
1364 2896 1425 2974 sit,
1445 2902 1635 2979 agnoscunt,
1652 2920 1728 2969 tunc
1747 2892 1796 2969 i'us
1817 2908 1864 2973 iu·

293 2982 378 3066 episc.
400 2980 441 3052 (φ
460 2981 526 3050 cler.
548 2982 589 3047 Et
617 2977 713 3059 polita
726 2978 781 3044 tali
807 2980 1062 3055 renunciatione,
1097 2980 1190 3046 slitiae
1206 2980 1310 3057 oriri,
1334 2976 1368 3044 dt
1385 2976 1495 3044 volunt
1510 2980 1702 3048 contraslum
1720 2982 1763 3050 ob
1782 2986 1863 3052 iura·

294 3085 356 3144 qua
371 3065 505 3130 cedimus
526 3062 630 3128 nostro
662 3063 787 3138 privato
816 3061 937 3137 proprio
951 3055 1036 3122 bono
1056 3103 1065 3132 ‚
1097 3063 1193 3124 menti
1214 3062 1422 3126 reverentiam
1442 3057 1567 3126 valere.
1581 3061 1740 3144 Antoine,
1758 3061 1863 3132 Tour-

294 3145 346 3212 cui
364 3138 564 3220 unusquisque
585 3157 695 3218 utpote
716 3136 803 3216 ipsius
823 3139 960 3227 dominus
976 3135 1063 3201 cede·
1097 3139 1231 3204 neleius.

295 3243 330 3288 re
346 3221 466 3302 potest,
485 3243 532 3287 res
549 3219 669 3300 perinde
686 3216 715 3281 se
733 3217 846 3296 habet,
861 3239 896 3283 ac
912 3220 933 3279 ii
946 3211 1060 3282 nones·
1136 3220 1167 3284 Si
1192 3234 1298 3287 tamen
1324 3221 1481 3303 legislator
1510 3225 1556 3290 ita
1582 3224 1721 3294 irritaret
1735 3244 1863 3294 contra·

292 3299 339 3368 set
361 3307 407 3368 ius
423 3299 588 3382 positivum
609 3303 750 3362 irritans.
771 3294 898 3362 Sublato
921 3317 995 3362 vero
1016 3299 1060 3359 iu·
1097 3299 1198 3378 sium,
1218 3319 1254 3366 ut
1272 3305 1336 3366 vim
1355 3303 1474 3368 nullam
1494 3302 1605 3370 habere
1626 3307 1721 3374 vellet
1743 3309 1774 3374 in
1790 3329 1862 3374 con·

293 3401 328 3447 re
350 3379 484 3462 positivo
498 3376 673 3448 contradus
689 3381 738 3454 qui
752 3379 812 3440 iam
829 3395 940 3441 natura
957 3374 1061 3441 suaesl
1099 3378 1227 3447 scientia
1254 3387 1451 3459 quantumvis
1480 3385 1700 3454 contrahentes
1731 3388 1832 3455 velint
1854 3436 1864 3467 ,

259 3514 273 3550 ,,
293 3461 514 3605 ἱυνιῐίιδὶΙῑᾶ,
533 3482 568 3525 ac
588 3459 709 3535 firmus,
729 3455 762 3522 ds
781 3457 849 3520 ideo
866 3476 918 3534 per
939 3453 968 3518 se
987 3455 1061 3520 obli·
1099 3463 1273 3526 iuramento
1288 3481 1350 3524 non
1371 3459 1564 3542 firmabitur,·
1585 3487 1649 3530 uon
1665 3466 1764 3544 potest
1779 3472 1863 3533 enim

259 3591 265 3604 .
292 3557 366 3624 gaus
381 3561 420 3608 ex
438 3545 468 3604 iu
497 3544 572 3619 itia,
591 3537 663 3602 dum
679 3542 706 3600 ei
729 3539 891 3628 apponitur
908 3537 1062 3599 iuramen·
1097 3537 1234 3604 subditus
1248 3541 1395 3621 derogare
1414 3541 1557 3619 potestati
1570 3590 1580 3621 ,
1594 3543 1629 3612 δι
1646 3549 1807 3613 voluntati
1819 3549 1862 3613 le·

260 3645 275 3680 a
293 3639 363 3688 tum
376 3671 384 3700 ,
399 3623 469 3700 quia
491 3621 547 3686 hoc
563 3637 685 3696 quoque
706 3613 791 3681 suam
813 3615 969 3693 religionis
985 3614 1061 3678 obli·
1098 3617 1268 3698 gislatoris,
1287 3619 1545 3688 &iuramentum
1564 3672 1573 3702 ,
1591 3645 1663 3690 cum
1684 3624 1720 3691 fir
1736 3625 1866 3692 accerso·

290 3705 449 3786 gerionem
471 3699 611 3776 inducit,
631 3719 701 3761 recu
722 3693 972 3761 eratcontraslus
986 3693 1063 3759 obli-
1099 3702 1177 3763 rium
1191 3699 1382 3778 contrastui,
1395 3699 1517 3770 efficere
1533 3708 1638 3782 nequit
1655 3723 1689 3770 ut
1706 3704 1851 3771 valeatid

259 3773 449 3873 {gatiuneur
463 3829 472 3860 ,
488 3801 581 3857 quam
602 3799 641 3842 ex
661 3719 780 3868 iuditia
798 3771 926 3838 babebat
939 3795 981 3863 err
992 3771 1062 3838 se&
1097 3779 1178 3856 quod
1198 3778 1316 3860 prorsus
1338 3781 1458 3846 nullum
1477 3781 1538 3846 esi.
1853 3754 1864 3785 ⁹

259 3879 407 3940 „natura
428 3863 480 3926 lua
502 3859 654 3946 ,ideoque
675 3852 935 3948 talrslcontrasius
963 3857 1062 3948 brusa·
1134 3857 1453 3937 uuusquiralueu
1489 3863 1524 3928 ut
1545 3861 1692 3944 ipse,vel
1712 3863 1866 3944 promitio
1925 3865 2005 3920 Λᾶιῠ

292 3961 346 4012 tur
367 3945 562 4016 iuramento,
578 3937 629 4002 seu
645 3937 724 4030 qupd
743 3931 874 4027 idemnest
889 3981 899 4010 ,
915 3933 1063 4028 duplicem
1098 3937 1189 4006 illum
1209 3940 1399 4015 ratificaodi‚
1418 3963 1457 4006 ve
1486 3962 1548 4008 uon
1565 3947 1754 4025 revocandi,
1774 3963 1866 4012 natu.
1884 3943 1989 4006 narni·-

292 4025 377 4104 parit
393 4019 612 4100 obligationem
630 4016 753 4110 ³.³¹¹.³¹.¹¹
780 4011 899 4090 qrtrdem
931 4033 966 4077 er
994 4015 1064 4078 reli·
1101 4021 1196 4086 ralem
1211 4020 1343 4087 inducat
1362 4022 1579 4111 obligationem
1601 4071 1609 4102 ,
1630 4022 1744 4090 firmari
1765 4026 1862 4105 potest
1881 4007 1989 4108 dmm·

291 4105 413 4184 gione,
441 4103 570 4166 alteram
585 4117 624 4162 erc
642 4093 775 4190 rullrtra.
803 4092 1014 4158 loramentum
1034 4116 1065 4160 e·
1099 4103 1300 4178 iuramento,
1325 4105 1442 4166 rametis
1465 4103 1539 4167 alias
1556 4105 1621 4169 iure
1642 4103 1775 4182 positivo
1794 4108 1862 4170 irri·
1879 4121 1981 4186 obliga.

294 4185 382 4260 nim,
399 4185 486 4246 aiunt
505 4179 551 4244 hic
567 4171 818 4250 Salmatrcenses,
839 4172 973 4268 adhffarct
994 4197 1065 4240 eou-
1098 4199 1148 4245 tus
1165 4178 1202 4245 sit
1219 4229 1228 4260 ,
1244 4180 1295 4245 vel
1312 4180 1468 4245 irritabilis
1484 4229 1496 4260 ,
1525 4183 1690 4250 dummodo
1707 4189 1754 4252 vis
1772 4234 1782 4265 ‚
1806 4205 1862 4252 aut
1880 4187 1981 4236 cionem

294 4261 408 4328 ῐῐᾶᾶῡῐ
432 4259 590 4324 secundum
612 4256 642 4321 se
660 4252 852 4349 considerato
867 4297 884 4349 r¹
898 4252 974 4348 [dest
996 4275 1065 4348 pro-
1098 4255 1181 4324 sraus
1200 4279 1263 4324 ooo
1283 4257 1507 4326 intercesserit.
1525 4261 1555 4324 Si
1574 4283 1648 4328 vero
1668 4261 1770 4345 staur,
1789 4269 1838 4332 vis
1855 4249 1997 4346 ,mm

294 4361 333 4408 ut
352 4337 475 4420 praeciso
496 4361 513 4404 a
551 4337 775 4418 rivilegroiuris
797 4333 939 4413 positivi,
957 4355 1006 4399 ctu
1019 4339 1064 4399 iu·
1099 4356 1155 4403 aut
1175 4358 1275 4403 metus
1292 4339 1517 4420 intercesserit,
1538 4360 1592 4408 aut
1607 4343 1683 4410 alias
1702 4346 1786 4410 nulla
1803 4367 1858 4410 ng.
1870 4323 2003 4428 “mmm

292 4443 367 4488 rans
386 4421 487 4488 cedit.
541 4418 598 4482 ude
620 4439 688 4482 cum
710 4413 881 4480 contrarius
902 4414 1064 4480 secundum
1099 4417 1207 4482 ruralis
1221 4417 1368 4496 obligatio
1384 4437 1515 4500 exurgat
1540 4442 1580 4487 err
1595 4423 1783 4502 contradu,
1814 4445 1864 4491 ut·

294 4501 327 4567 se
343 4499 554 4567 consideratus
580 4548 588 4577 ,
616 4495 686 4560 idell
714 4511 865 4580 quatenus
886 4495 1026 4572 praecilirs
1047 4517 1063 4558 a
1099 4515 1172 4575 pote
1190 4503 1239 4575 qui
1255 4496 1295 4562 ob
1315 4498 1468 4575 publicum
1487 4501 1678 4567 commodum
1699 4551 1709 4578 ,
1727 4503 1762 4570 ἀ
1780 4507 1882 4578 utili..

292 4587 383 4657 iure,
406 4580 492 4646 sicuti
514 4581 575 4642 iam
595 4579 678 4655 dixi,
700 4597 751 4653 per
766 4574 796 4637 le
816 4573 936 4639 validus
953 4573 988 4639 sit
1006 4625 1014 4652 ,
1030 4574 1063 4640 δι
1100 4593 1199 4643 tatem
1215 4597 1233 4641 a
1253 4579 1318 4642 iure
1338 4577 1467 4654 positivo
1485 4579 1529 4644 esi
1545 4581 1751 4662 reprobatus,
1782 4586 1864 4652 iura·

289 4659 487 4726 invariabilis
511 4707 520 4738 ,
542 4657 822 4736 obligationemque
850 4654 998 4719 inducens
1019 4661 1065 4718 iu·
1099 4674 1238 4721 mentum
1252 4654 1441 4722 contraditum
1464 4658 1634 4726 huiusmodi
1662 4685 1724 4728 oon
1751 4665 1864 4730 coufir-

293 4739 411 4816 slitiae,
430 4761 521 4818 quam
542 4739 579 4802 ab
595 4761 634 4802 eo
646 4740 696 4801 ius
717 4733 880 4812 positivum
916 4737 1063 4814 eiungit,
1099 4755 1178 4800 mat·
1210 4737 1288 4801 licet
1309 4735 1347 4798 ob
1367 4742 1573 4804 reverentiam
1593 4741 1707 4808 divinar
1722 4743 1864 4812 maiesta-

298 4842 338 4886 π
356 4823 463 4895 cortu,
481 4825 652 4884 irrramenro
664 4815 793 4902 firmari,
810 4811 931 4956 μαψ,
956 4811 990 4880 &
1011 4811 1062 4876 fir·
1099 4819 1141 4880 ris
1161 4819 1236 4880 aias
1254 4815 1358 4880 valeat
1376 4865 1387 4894 ,
1405 4815 1573 4894 &impleri
1597 4820 1727 4889 debeat.
1755 4823 1796 4889 Er
1816 4845 1866 4890 ra-

295 4919 420 4966 matum
437 4919 475 4964 eo
495 4901 589 4977 magis
608 4897 726 4962 validus
743 4893 861 4958 efficito
901 4941 910 4969 ‚
934 4914 1004 4957 cum
1020 4895 1063 4956 iu·
1099 4899 1146 4960 tio
1161 4895 1313 4972 praecipua
1331 4897 1605 4976 primaepartisesl,
1621 4905 1692 4977 quia
1711 4905 1882 4968 infamem,

287 4997 470 5048 ramentum
496 4975 638 5059 signando
663 4971 852 5064 cessionem,
879 4993 969 5048 quam
990 4967 1063 5038 sacit
1099 4991 1166 5038 tum
1187 4972 1273 5039 tollit
1293 4969 1476 5042 beneficium
1495 4997 1587 5042 omne
1608 4983 1700 5060 iuris,
1718 4981 1753 5046 dt
1774 4977 1866 5060 bur,

292 5067 402 5126 iurans
420 5055 520 5124 favori
540 5055 767 5134 iuristpolrrivi„
782 5051 929 5130 leiunvit,
947 5073 981 5118 ac
998 5047 1064 5118 sub·
1097 5051 1205 5134 quibus
1223 5051 1294 5117 talis
1323 5051 1473 5138 obligatio
1501 5055 1626 5126 dissblvi
1648 5075 1802 5138 poterat,
1829 5083 1868 5130 eo

377 5140 475 5222 billis.
494 5137 593 5202 Theos.
616 5132 726 5200 Marsi.
749 5129 780 5194 Τ
781 5151 841 5198 om.
852 5099 904 5195 lsl.
960 5162 962 5166 ·
1484 5137 1512 5200 L
1752 5141 1833 5218 quod
