4425 6000
447 505 525 601 398
645 501 821 582 Tener«
840 523 898 578 ur
927 498 1187 577 Praeterit
1210 497 1438 574 Hecatom
1467 495 1575 575 Can
1594 495 1699 578 vrtr.

396 606 515 672 trinit.
538 597 586 665 lta
606 606 642 663 D.
659 602 715 669 rh.
728 624 756 668 a.
778 625 806 666 a.
825 624 852 682 q.
875 617 928 682 73«
950 618 1013 668 arn·
1030 622 1066 679 4⁶
1089 599 1168 662 Ροεἅ
1199 602 1240 664 mi
1265 598 1380 662 malum
1401 598 1565 677 impedire,
1583 620 1645 670 non
1664 602 1748 669 secus
1768 617 1806 669 ac¹
1825 609 1974 682 peccaret

395 684 440 747 esl
461 701 568 748 tamen
596 704 615 746 a
644 688 729 762 gravi
758 701 885 763 peccato
915 680 1054 745 evrusat't
1074 675 1096 749 st
1118 681 1165 740 in·
1200 682 1257 756 qui
1273 679 1380 744 vident
1398 683 1491 743 vicini
1507 681 1633 746 domum
1643 684 1804 761 comburi,
1822 705 1889 751 non
1905 689 1965 752 im-

396 766 591 829 vincibiliter
612 766 771 843 ignoraret
784 760 1012 854 retinam
1026 757 1171 826 suturam
1202 760 1345 836 pediret,
1368 759 1443 822 dum
1467 759 1506 824 de
1531 758 1616 826 facili·
1639 762 1761 842 posset,·-
1790 766 1855 829 imo
1874 766 1966 832 docet

394 837 484 908 sitisse
503 863 646 925 gravem.
855 885 860 920 :
1079 907 1082 912 ,
1201 837 1294 918 ingo·
1311 838 1393 916 quod
1411 837 1432 901 st
1452 839 1599 905 damnum
1616 848 1744 918 proximi
1765 843 1804 910 stt
1826 844 1969 924 gravissi·

438 921 519 989 Item
534 946 603 989 reus
623 923 663 989 fit
678 927 779 1003 gravit
806 923 904 1002 culpae
931 926 983 1000 qui
1011 922 1086 994 licet'
1108 931 1170 1011 nec·
1201 942 1305 997 mum,
1327 937 1470 983 tenemur
1498 921 1574 984 illud
1598 924 1747 1000 impedire·
1771 927 1974 991 etiamtum

394 1005 526 1071 inducat
546 1005 583 1070 ad
599 1009 966 1085 murmurationem,-nec
975 1017 1088 1081 augeat
1102 1020 1168 1086 ant·
1201 998 1374 1080 gravissimo
1397 1000 1501 1066 nollro
1527 1004 1735 1069 incommodo.
1765 1001 1971 1069 Excusaretur

350 1153 355 1164 ,
395 1105 482 1149 mum
510 1085 729 1163 detrahentis,
758 1086 893 1164 gaudeat
917 1103 1019 1154 tamen
1035 1121 1050 1158 ,-
1074 1078 1110 1145 ὃ(
1137 1083 1167 1141 le
1202 1101 1282 1167 vero·
1296 1102 1314 1139 a
1333 1081 1456 1144 mortali
1479 1083 1592 1161 culpa,
1610 1081 1630 1145 si
1652 1084 1778 1148 audient
1799 1086 1876 1149 esset
1897 1106 1966 1162 per·

348 1231 351 1236 .
394 1166 588 1244 complaceat
617 1170 650 1228 in
675 1164 863 1232 detrahrone
886 1168 971 1245 gravi
1000 1162 1034 1228 dt
1057 1174 1167 1225 contra
1201 1161 1272 1225 lona
1293 1158 1426 1224 inserlor¹
1440 1162 1638 1240 detrahenti,
1664 1165 1715 1227 vel
1736 1183 1847 1241 patvae‘
1863 1163 1972 1229 atillo·

281 1287 291 1308 .
394 1244 613 1321 charitatem,
640 1249 708 1322 quia
727 1248 854 1312 laetatur
878 1249 914 1310 de
979 1247 1034 1308 avi
1057 1240 1167 1303 damno
1203 1243 1309 1305 ritant·
1325 1240 1362 1304 ad
1379 1241 1457 1304 hune
1471 1239 1636 1323 effellom,
1649 1242 1738 1308 velst
1759 1259 1972 1323 ignoretnum·

394 1330 555 1403 proximi,
583 1325 618 1390 dr
638 1323 751 1391 affeslu·
771 1344 881 1391 contra
903 1328 947 1389 ius
963 1330 1076 1404 itiam,
1106 1339 1167 1395 quo
1201 1323 1315 1386 malum
1324 1365 1339 1398 ,-
1351 1321 1430 1397 quod
1453 1325 1537 1385 audit
1558 1323 1595 1386 de
1617 1327 1785 1403 proximo,
1810 1323 1848 1388 srt
1871 1324 1973 1411 publia

393 1406 512 1485 gaudet
526 1409 563 1473 de
583 1404 648 1470 atto
669 1405 799 1481 iniusso,
817 1423 853 1471 ut
872 1427 911 1469 ex
923 1402 1023 1481 Apoll.
1036 1403 1169 1475 Romam
1200 1424 1271 1465 cum
1288 1402 1338 1465 vel
1356 1422 1442 1475 non,·
1455 1403 1503 1464 vel
1520 1407 1593 1478 quia
1612 1404 1685 1466 talis
1704 1404 1856 1470 deterrito
1877 1404 1973 1470 tacite

402 1507 432 1550 1.
453 1489 546 1568 Digni
555 1488 628 1569 suni
649 1500 743 1551 morte
758 1510 816 1552 non
830 1484 928 1567 solum
955 1485 1007 1562 qai
1036 1481 1109 1567 talia
1136 1499 1167 1539 a·
1203 1478 1289 1557 possit
1308 1480 1411 1569 poslea
1426 1482 1624 1555 reparatiabi
1649 1482 1680 1548 so
1689 1487 1854 1557 audiente,
1870 1483 1967 1548 oslen-

418 1582 475 1631 unt
492 1617 508 1645 ,
524 1568 588 1650 sed
601 1567 762 1647 etiamqur'
775 1567 958 1646 consentiunt
968 1554 1168 1645 jacientibus·
1201 1563 1299 1653 drudo
1326 1557 1514 1653 salsitatem,
1537 1563 1590 1627 vel
1624 1584 1718 1629 rnon
1746 1565 1895 1639 impediat
1916 1563 1967 1630 de-

435 1646 613 1727 agillratus,
628 1650 771 1725 Superior
793 1648 852 1725 ,&
878 1648 1027 1711 Praelatus
1045 1662 1114 1707 tam
1131 1638 1167 1701 tl·
1202 1639 1382 1706 traditonem
1406 1660 1604 1718 inemptam,
1631 1665 1667 1708 ut
1694 1646 1801 1709 melius
1824 1641 1970 1709 consulat¹

394 1729 455 1793 lius
471 1734 520 1807 qui
541 1730 702 1805 detrahit,
717 1748 779 1791 tam
795 1730 877 1791 illius
892 1731 947 1792 cui·
966 1721 1140 1790 detrahitur
1159 1762 1174 1796 ,
1202 1726 1366 1801 proximo,-
1381 1742 1453 1785 cum
1468 1722 1634 1797 aliquando
1650 1724 1797 1789 derradlio
1824 1724 1891 1802 plus
1915 1739 1971 1789 no*

394 1810 553 1876 audiendo
566 1809 790 1875 detrailionem
808 1854 823 1884 ,-
844 1806 879 1874 dt
898 1827 967 1873 eam
983 1826 1046 1869 non
1068 1823 1168 1865 remo
1202 1820 1272 1866 ceat
1292 1806 1467 1878 interrupta
1481 1823 1574 1877 quam
1586 1806 1760 1882 completa,
1775 1824 1814 1869 eo
1829 1808 1900 1882 quia
1915 1825 1974 1869 au*

394 1890 499 1955 vendo
521 1914 593 1954 cum
619 1887 728 1965 posfinr
746 1930 763 1965 ,·
785 1905 913 1967 peccant
937 1883 1095 1951 lethaliter
1120 1899 1168 1972 et·
1203 1883 1317 1945 ditores
1337 1884 1526 1946 remanendo·
1543 1895 1613 1947 c'um
1638 1881 1764 1949 consula
1793 1887 1909 1949 notitia
1929 1885 1971 1947 de·

394 1970 459 2032 iam
475 1991 584 2034 contra
607 1966 780 2046 iustitiam,
802 1985 877 2045 quae'
887 1966 1002 2044 obligat
1023 1964 1061 2027 ad
1082 1958 1168 2024 tellis
1201 1965 1361 2040 gravitate
1378 1965 1421 2024 rei
1438 1957 1519 2025 sorte
1537 1966 1713 2039 concipiunt
1735 1968 1766 2028 in
1783 1964 1965 2043 genereali-

395 2052 551 2115 tutionem
588 2052 682 2112 etiam
719 2048 880 2112 moraliter
916 2058 1136 2119 cooperantem
1157 2055 1171 2100 :2
1202 2041 1273 2117 quid
1301 2044 1448 2119 gravium·
1472 2041 1614 2105 Tandem
1633 2043 1655 2105 st
1674 2044 1835 2112 detrahent
1857 2041 1971 2108 lusiam*

394 2153 469 2196 nam
493 2132 536 2194 his
567 2126 716 2193 incumbit
734 2125 891 2192 exofficio
913 2165 928 2201 ,›
951 2125 1024 2188 idest
1046 2119 1166 2199 speciali
1203 2119 1314 2184 habear
1336 2121 1475 2184 caussam·
1498 2142 1563 2185 rem
1587 2120 1796 2188 manifestandi
1807 2164 1823 2203 ‚·
1843 2120 1962 2199 putast
1995 2183 2000 2190 .

396 2210 584 2289 obligatione
601 2209 726 2273 iuslitiae
747 2226 908 2286 peccatum
924 2202 973 2268 sni
992 2202 1168 2268 subdiri-de·-
1190 2202 1232 2263 'id
1248 2197 1342 2264 saciat
1366 2200 1417 2263 vel
1438 2218 1472 2264 ut
1498 2200 1655 2267 consilium
1676 2217 1789 2290 petat,-
1806 2206 1863 2268 vel
1878 2219 1914 2267 ut
1935 2200 1964 2265 se

397 2291 553 2357 trahentia
570 2312 642 2356 cum
655 2290 832 2367 corrigendo
861 2285 1007 2363 repellere
1025 2327 1040 2361 ,-
1063 2282 1097 2346 dt
1114 2284 1167 2342 im·
1204 2280 1324 2344 utiliter
1338 2282 1479 2355 muniat,
1494 2281 1548 2343 vel·
1565 2299 1601 2346 ut
1621 2283 1756 2348 dolorem
1771 2287 1860 2349 suum
1872 2302 1915 2349 ert
1923 2284 1972 2346 ine

388 2370 565 2451 ‚pedirene
581 2370 660 2436 alins
675 2368 715 2432 ab
732 2390 772 2432 eo
793 2368 924 2433 laedatur
944 2363 1082 2428 iniuste:
1114 2382 1168 2424 un·
1204 2362 1289 2456 iuria!
1311 2361 1398 2423 illata
1418 2357 1492 2447 iusle
1512 2360 1623 2425 leniat.
1648 2361 1728 2428 Item
1756 2368 1882 2439 privata
1901 2383 1971 2442 per··

398 2453 437 2515 de
459 2451 567 2516 fidum
584 2448 679 2525 potest
697 2470 759 2512 non
782 2450 927 2524 impediat
940 2487 956 2521 ,·
968 2449 1087 2508 metito·
1099 2462 1168 2504 cen·
1205 2443 1274 2505 sona
1289 2452 1357 2516 que
1376 2459 1433 2503 nec
1451 2440 1501 2502 nbi
1522 2443 1692 2519 complacet
1715 2444 1752 2508 de
1775 2443 1971 2509 detratlione·

401 2528 488 2595 setur
508 2532 606 2595 caussa
623 2529 730 2591 iniusti·
746 2528 866 2589 damni.
886 2528 916 2589 Si
940 2544 1015 2589 vero
1032 2520 1173 2586 subditus
1204 2538 1240 2583 ut
1259 2519 1374 2581 malum
1394 2523 1548 2598 proximi,
1562 2542 1618 2585 nec
1633 2527 1750 2588 excitat
1772 2522 1836 2587 five
1854 2524 1892 2589 ad
1900 2543 1965 2591 eam

400 2610 545 2675 detrahar
573 2607 696 2674 absente
723 2608 913 2682 Superiote,
939 2619 1014 2668 tunc
1034 2601 1169 2677 superior
1204 2596 1509 2691 inchoandam,‘stve
1529 2600 1567 2663 ad
1586 2603 1844 2684 prosequendam,
1864 2620 1967 2680 peccat

401 2687 528 2754 tenetur
538 2687 690 2753 subditum
699 2705 805 2765 cogere
816 2728 832 2764 ,.
845 2682 1001 2750 ursamatn
1013 2679 1173 2761 restituar,
1203 2675 1299 2741 solnm
1328 2679 1517 2756 venialiter,
1545 2678 1571 2739 sr
1590 2701 1629 2745 ea
1647 2686 1833 2748 verecundia
1845 2732 1856 2762 ,
1868 2686 1970 2760 ‘regiis

400 2790 526 2833 rumex
545 2765 720 2844 officioipsr
744 2764 903 2830 incumbat
932 2782 1005 2828 eom
1027 2781 1169 2826 coercere
1204 2760 1329 2846 gentio,
1349 2757 1405 2822 vel
1420 2761 1530 2821 timore
1546 2780 1614 2822 non
1628 2775 1717 2826 curet·
1735 2783 1806 2828 eam
1827 2767 1967 2842 impedire

399 2870 439 2913 ne
456 2847 631 2925 perseveret
654 2849 684 2908 in
710 2847 837 2912 alterins
859 2846 968 2909 iniuria
984 2841 1145 2906 inserenda
1161 2882 1177 2920 ,·
1205 2836 1365 2902 resiliendo
1384 2837 1577 2916 detrahenti,
1598 2838 1618 2901 fi
1636 2841 1717 2907 aliud
1732 2844 1880 2908 damnum
1896 2865 1968 2920 prae·

364 2957 367 2962 ·
400 2927 488 2993 beuti
509 2927 596 2993 fieret
622 2924 642 2988 st
665 2926 798 2991 subditus
822 2922 936 2990 samam
966 2923 1070 2988 lael‘am
1097 2921 1170 2985 dum
1206 2936 1254 2981 ter
1275 2913 1433 2981 infantiam
1450 2920 1590 2993 proximo
1604 2918 1913 3002 nonsequaturalta
1930 2926 1973 2987 D.-

399 3009 503 3085 potest
518 3030 586 3073 non*
603 3009 768 3073 redderet,
786 3010 877 3076 Licet
899 3024 1005 3071 autem
1016 3006 1170 3082 Superiori
1206 2996 1273 3062 Tu,
1289 3017 1316 3058 a.
1338 3017 1372 3059 az·
1388 3021 1414 3076 q.
1435 3007 1482 3077 73‘.
1500 3011 1557 3062 ari.
1579 3022 1618 3080 4.·
1943 3069 1945 3073 Ι

401 3088 545 3166 Regulari
562 3088 719 3151 incumbat
736 3093 1091 3163 ptaecipue'pmmuvere
1115 3080 1168 3160 spi·
1246 3077 1385 3142 Tenetur
1409 3097 1519 3151 tamen
1539 3083 1686 3161 auditor,
1701 3086 1843 3163 quamvis
1869 3084 1975 3149 detra··

400 3168 528 3232 ritualia
557 3170 636 3231 bona
662 3165 943 3245 subditoruwut
966 3180 1061 3242 caput
1084 3163 1171 3243 spiri·
1204 3155 1302 3221 flioni'
1318 3156 1453 3223 refistete
1470 3178 1537 3222 ¹¹0ss
1553 3161 1687 3236 valeat,
1705 3162 1859 3229 seltemfi
1886 3184 1972 3230 (οῦν

322 3320 326 3331 ¹
399 3247 514 3322 auale,
540 3251 610 3323 quia
638 3264 741 3308 tamen
762 3245 808 3309 eil·
830 3250 926 3320 eriam
954 3261 1047 3323 caput
1068 3246 1173 3321 potiri-
1206 3238 1295 3300 mode
1315 3235 1430 3329 potest,
1459 3240 1509 3303 v‘el
1531 3239 1697 3306 sermonem
1724 3245 1788 3309 alio
1808 3264 1975 3321 averteret

403 3347 475 3389 cnm
491 3324 666 3389 eorumdem
690 3372 699 3400 ,
719 3327 833 3388 idcirco
853 3340 1050 3407 tenetureor
1067 3344 1170 3403 regere
1193 3320 1255 3405 ‘vel
1291 3315 1401 3380 sacrem
1432 3318 1597 3383 tristiorem
1627 3318 1783 3388 ostendere
1802 3361 1816 3400 ,·
1832 3327 1970 3401 quiaita

402 3407 502 3468 etiam
518 3403 653 3468 relative
668 3406 705 3467 ad
726 3420 885 3469 commune
909 3403 1025 3467 bonum·
1038 3405 1170 3468 aliorum
1206 3397 1321 3483 agendo
1340 3396 1528 3475 suspenditur
1543 3405 1741 3469 continuatio
1756 3402 1976 3482 detradlionis,

401 3486 518 3548 civium
539 3481 650 3560 ,ficuti
672 3484 824 3548 incumbit
837 3483 961 3548 domino
976 3482 1046 3547 suos
1064 3483 1172 3562 guber·
1206 3492 1265 3542 aut·
1283 3479 1390 3542 saltem
1417 3474 1521 3543 servor
1541 3479 1731 3547 detradlionis
1758 3486 1976 3560 imminuitur,

404 3583 479 3627 nare
506 3560 638 3647 famulos
664 3563 699 3629 dt
721 3564 880 3629 attendere
909 3583 948 3628 ne
978 3565 1045 3628 aliis
1060 3566 1170 3629 damna
1206 3576 1244 3647 ut
1265 3558 1409 3624 Proverb.
1439 3578 1486 3648 a5.
1512 3563 1624 3649 (entur
1644 3564 1743 3640 aquilo
1764 3563 1883 3644 dtfflpai
1905 3566 1971 3644 plu·

404 3641 540 3709 inserant
558 3667 567 3722 ς
593 3641 629 3708 &
651 3641 696 3708 stc¹
717 3647 745 3707 ei
766 3647 818 3720 qui
838 3662 932 3723 caput
952 3643 996 3709 eil
1012 3644 1171 3720 politicum
1194 3652 1293 3719 ¹‘titiam
1305 3638 1370 3731 ‚gis
1383 3635 1478 3724 faites
1496 3642 1588 3719 trusis
1600 3642 1732 3721 linguam
1751 3645 1982 3711 detrahentem-⁷,

403 3726 598 3801 imputantur
614 3725 725 3789 damna
740 3727 843 3789 omnia
871 3724 966 3788 asuia
988 3725 1118 3790 subditis
1133 3727 1170 3788 il·
1206 3720 1275 3782 Hoc
1290 3737 1372 3780 emm
1392 3718 1434 3779 est
1456 3721 1563 3785 saltem
1584 3727 1681 3787 tacita
1702 3724 1900 3791 det‘raklionis
1921 3729 1974 3788 im

401 3803 493 3879 latai.v
517 3804 680 3879 Multoque
699 3807 795 3889 magis
816 3821 939 3869 tenetur
959 3805 1108 3869 Praelarur
1131 3826 1170 3870 ex
1208 3800 1369 3876 probatio,
1390 3798 1424 3862 δι
1445 3801 1587 3865 virtualis
1607 3802 1796 3881 reprehensio
1808 3842 1822 3868 .·
1846 3806 1977 3872 salma·

402 3881 521 3947 iustitia
540 3885 684 3960 impedire
701 3883 850 3947 subditum
872 3886 961 3948 alteri
980 3884 1034 3948 suu
1053 3880 1171 3949 subdito
1207 3880 1243 3945 δι’
1260 3880 1468 3943 Ρ.·Ᾱηῐοίῐιθ.«
1502 3941 1505 3947 ,
1668 3956 1671 3965 ,

403 3962 616 4025 detrahentem
635 3984 728 4039 ,cum
745 3968 779 4029 vi
801 3962 890 4040 ipsius
909 3963 1001 4043 officii
1024 3980 1171 4029 teneatur
1195 3968 1197 3973 '
1247 3960 1278 4022 Si
1295 3964 1435 4044 proximo
1450 3952 1601 4046 inseratur
1617 3965 1792 4042 calumnia,
1812 3985 1905 4044 quam
1924 3965 1979 4030 sci·¹

403 4062 444 4105 ex
461 4040 575 4104 inslitia
594 4043 662 4106 suos
678 4043 810 4107 subditos
828 4042 1013 4121 cumpeffir,
1033 4048 1071 4107 ab
1087 4050 1170 4107 omni
1208 4060 1274 4103 mur
1301 4035 1413 4102 fallam·
1436 4040 1523 4118 elle,
1545 4060 1687 4108 tenentur
1714 4041 1883 4111 falsitatem
1911 4051 1974 4111 eiut‘

404 4118 516 4184 damno
537 4124 646 4198 tueri,
673 4143 742 4186 cum
766 4143 827 4186 non
857 4120 953 4187 solum
985 4121 1022 4186 srt
1050 4122 1171 4203 testor,
1209 4116 1401 4196 patefacere,
1422 4140 1462 4183 ac
1480 4141 1533 4195 pro
1548 4122 1670 4187 viribur
1690 4127 1883 4204 improbare:
1906 4142 1979 4192 nanr

404 4197 456 4285 sed
483 4202 580 4265 etiam
605 4201 724 4280 iudex,
747 4201 900 4268 accullor
928 4203 1051 4270 suorum
1075 4201 1173 4268 subdi.-
1209 4203 1322 4276 premir-
1345 4214 1399 4263 nor
1415 4197 1801 4283 debitum·charitatis·‚·ut
1821 4220 1893 4272 cum
1913 4204 1980 4286 pos··

405 4296 532 4344 totum.
999 4336 1005 4347 ,
1208 4280 1309 4345 sumur
1335 4277 1403 4345 fioe'
1423 4288 1511 4360 gravi
1536 4280 1637 4347 noslro
1664 4288 1892 4366 incommodo,
1914 4308 1979 4353 ma··

445 4358 562 4427 Verum
580 4380 644 4426 non
659 4356 755 4426 solum
774 4364 966 4441 Superiores,
980 4360 1172 4439 sedquicum·
1208 4363 1270 4425 ium
1283 4362 1414 4504 primu
1434 4362 1649 4440 impediamus.
1670 4364 1750 4430 Arsi
1772 4367 1929 4433 silentium
1944 4374 1980 4432 in·

406 4460 465 4514 que
484 4446 581 4530 etiam
602 4442 792 4517 particularis
807 4447 932 4509 audiens
948 4449 1172 4523 murmuratio·
1208 4443 1279 4505 buiu
1293 4461 1328 4506 ce
1400 4442 1407 4500 i
1435 4441 1669 4527 circumstantiis
1687 4451 1881 4522 equivaleat'
1901 4453 1977 4515 taci-

406 4539 507 4598 nem,
535 4523 558 4583 lt
581 4543 653 4587 cum
680 4526 839 4589 commode
875 4523 963 4602 possit
992 4545 1055 4590 non
1082 4540 1177 4592 curet¹
1208 4539 1250 4588 tae
1278 4515 1457 4586 confessioni
1487 4521 1608 4600 delidli,
1637 4525 1712 4590 idesl
1738 4527 1876 4595 desedlur
1903 4527 1964 4595 sals
1979 4548 1981 4553 ·
2012 4542 2021 4611 ¹,

406 4618 482 4663 eam
494 4601 838 4678 impedire,.dummodo
858 4602 943 4684 spem
953 4606 1081 4672 haberet·
1093 4609 1172 4684 quod
1210 4606 1354 4676 imputati
1373 4605 1538 4681 proximo,
1554 4624 1659 4680 peccat
1677 4622 1784 4674 tacens¹
1799 4616 1981 4676 eriamcom·

406 4681 643 4747 contradicendo
659 4684 874 4763 impediretur,
895 4686 955 4749 tali
970 4682 1093 4751 silentio
1112 4707 1174 4750 non
1209 4699 1259 4748 tra
1277 4681 1428 4746 iustitiam·
1457 4688 1528 4762 qnia
1545 4700 1615 4748 cum
1631 4702 1705 4751 tunc
1720 4688 1898 4758 censeamur
1906 4713 1979 4757 con·

406 4762 508 4853 minus
529 4783 564 4826 ac
580 4765 628 4836 uui
647 4765 761 4829 adeam
772 4785 939 4842 provocat,
962 4786 997 4829 ac
1012 4767 1178 4846 deeagau·
1210 4763 1345 4840 sentite,
1365 4782 1399 4825 ac
1420 4730 1511 4830 sateri
1531 4784 1594 4826 rem
1615 4769 1657 4830 ira
1678 4765 1739 4834 erle
1759 4789 1798 4837 ut
1814 4791 1980 4852 narratur,

407 4841 480 4918 det,
500 4840 686 4924 &laetatur,
699 4847 984 4922 peccarmortalirer
994 4864 1175 4912 cumcontra
1213 4845 1328 4921 agimus
1346 4856 1456 4909 contra
1481 4849 1527 4912 ius'
1541 4845 1619 4920 quod
1641 4847 1729 4914 babet
1751 4857 1909 4928 proximor
1938 4872 1984 4920 ne¹

407 4940 593 4998 praeceptum
612 4925 806 4990 correslionis
827 4922 971 4992 fraternae
992 4948 1062 5006 erga
1078 4930 1176 4993 detra·
1212 4925 1277 4989 ullo
1294 4924 1403 4999 nodo,
1423 4926 1496 4991 idell
1513 4920 1677 5009 nehuidem
1697 4936 1814 5011 tacite,
1833 4938 1980 5015 approbe-

408 5000 556 5082 nentem,
577 5022 644 5069 tum
662 5023 769 5070 contra
781 5005 1184 5088 charitatemquaquisque,
1213 5024 1264 5071 rur
1280 5006 1430 5071 calumnia
1450 5006 1501 5072 sibi
1519 5007 1606 5072 illata
1616 5054 1631 5084 ,-
1645 5030 1681 5074 ae
1703 5012 1930 5099 consimretur,
1944 5039 1986 5085 ac.

408 5080 480 5147 dum
499 5086 657 5153 commode
672 5087 788 5164 putell,
809 5104 935 5155 terretur
956 5110 1052 5167 graue
1072 5094 1177 5171 proxi·
1213 5089 1337 5169 proinde
1356 5104 1520 5166 gravamur
1538 5090 1643 5159 debito
1659 5091 1925 5245 ressitutionilzffl·

1069 5244 1072 5249 ,
1198 5196 1200 5201 “
1896 5201 1944 5247 tr·

1664 5366 1718 5430 ἱ
