4425 6000
324 501 405 581 aab
618 494 824 572 Tanti.
850 520 916 571 ne
943 497 1268 575 Ωον-τηατ.
1294 498 1504 579 cinvs.

290 594 553 665 nullnmbuiusce
571 600 613 662 rei
638 597 815 662 dominium:
831 600 980 682 acquirit.
1004 597 1055 659 Ad
1072 603 1168 676 ,.nis,
1206 599 1254 663 vel
1287 599 1542 677 specificationis.
1570 600 1621 665 lta
1646 602 1856 677 ,cosumuui'tat

285 679 503 755 acquirendum
535 682 618 742 enim
645 677 814 742 dominium
840 696 900 740 non
942 674 1054 748 sufficit
1071 676 1157 749 lcum
1176 679 1205 740 S.
1229 678 1344 744 Tbtic
1362 688 1389 744 §.
1407 684 1436 761 fi
1454 680 1580 745 duorum
1600 696 1630 744 a.
1653 678 1768 759 dtseq.
1792 682 1854 762 lips.

283 759 367 824 mida
386 762 430 824 rei
453 759 602 834 traditio,
617 756 663 819 led
682 761 869 832 requiritur,
889 774 922 819 ut
941 758 992 819 vel
1014 776 1052 819 ex
1087 758 1125 822 de
1144 779 1199 821 rer.
1217 758 1312 844 clivis.
1327 758 1361 825 ὃ(
1382 760 1472 824 alibi.
1494 758 1582 823 Unde
1599 763 1631 823 in
1653 757 1712 829 tali
1733 757 1855 825 casure·

276 846 391 918 aliquo
417 838 495 902 lullo
526 841 620 901 titulo
644 839 785 900 dominus
816 837 892 897 illud
924 839 954 896 in
977 835 1053 920 alte·
1088 839 1364 902 llitutiosacienda
1384 841 1426 905 ess
1449 839 1722 917 inaequivalepri,
1744 830 1853 905 nonse·

274 941 355 985 ‘rum
375 917 542 984 transferre
564 915 722 993 intendat,
743 915 776 980 ἃ
800 919 875 979 velit
895 961 904 990 ,
922 914 972 975 vel
995 915 1050 979 sal·
1087 938 1144 980 cus
1159 938 1194 980 ac
1209 920 1330 992 quando
1354 940 1402 982 rer
1429 917 1557 989 alterius
1581 918 1625 981 ess
1655 915 1854 995 consumpta.

276 1008 350 1062 tem
369 1000 449 1076 quod
469 1018 508 1060 ex
530 999 692 1060 validitate
704 994 968 1072 alicuiuslegitimi
980 1014 1053 1079 con·
1088 996 1234 1072 Verum,
1265 997 1384 1061 tametsi
1405 1019 1460 1075 per
1478 999 1572 1061 talem
1601 999 1854 1061 commixtionem

277 1077 397 1143 arastus
414 1074 578 1141 transferre
596 1094 739 1141 teneatur
755 1122 764 1152 ,
779 1093 814 1143 ut
837 1091 967 1149 nequeat
989 1075 1050 1134 esle
1087 1072 1242 1139 usurarius
1259 1082 1291 1139 in
1313 1096 1344 1141 re
1365 1076 1416 1140 sub
1431 1073 1520 1142 usura
1546 1093 1675 1153 accepta
1692 1077 1854 1141 dominium

279 1157 509 1223 rationabiliter
530 1159 650 1218 invitus
672 1177 682 1215 .·
705 1173 848 1237 neutrum
868 1171 972 1221 autem
993 1155 1048 1215 lio
1086 1173 1226 1241 acquirat
1245 1202 1254 1231 ,
1273 1156 1331 1220 lioc
1354 1175 1456 1221 tamen
1476 1154 1519 1233 ell
1536 1158 1581 1220 iia
1606 1152 1733 1235 debile,
1750 1152 1785 1220 dt
1805 1158 1852 1229 im·

277 1258 352 1302 eum
371 1239 509 1302 occurrit
536 1239 567 1297 in
596 1234 754 1298 contraslu
780 1235 947 1308 usurario,
980 1237 1052 1306 quia
1087 1233 1247 1310 pecsellum
1271 1282 1281 1313 ,
1302 1256 1336 1306 ut
1371 1255 1484 1312 praeter
1511 1234 1851 1327 debitumquodlienet

280 1318 357 1380 dans
377 1321 497 1380 usuram
524 1313 553 1376 se
578 1313 668 1377 habet
690 1334 750 1375 non
768 1312 850 1375 secus
874 1334 909 1374 ac
925 1314 976 1386 qui
997 1313 1050 1373 dat
1085 1317 1276 1378 mutuatario
1296 1315 1475 1391 restituendi
1501 1314 1553 1378 vel
1576 1333 1628 1389 pet
1648 1330 1853 1397 quantitatem

277 1396 399 1461 latroni
421 1392 694 1473 pecunias,neab
713 1390 974 1467 eomolelletur,
1007 1395 1051 1452 ita
1086 1391 1174 1467 ipsius
1198 1413 1237 1455 rei
1256 1399 1361 1461 niirrtae
1383 1398 1479 1471 iuxta,
1500 1399 1713 1479 quantitatem
1746 1392 1852 1479 valoris

277 1494 320 1539 ait
336 1477 387 1539 det
408 1478 525 1538 invitus
544 1520 553 1549 ,
573 1492 629 1535 nec
649 1473 810 1535 intendem
828 1474 993 1534 translerte
1016 1474 1047 1530 in
1086 1475 1128 1534 rei
1146 1473 1371 1549 accepta:‚‚,ves
1392 1472 1540 1552 cumalia
1561 1493 1594 1536 re
1610 1472 1853 1553 inpretioa'equi·

278 1572 478 1620 mutuantem
494 1554 559 1629 plus
581 1554 655 1614 iuris
675 1598 684 1629 ,
710 1550 744 1615 dt
765 1553 892 1613 dominii
926 1553 959 1610 in
988 1568 1051 1611 tem
1087 1551 1228 1627 valenti,
1247 1553 1386 1617 cumulus
1409 1557 1469 1630 ipse
1484 1547 1660 1616 coalescens
1681 1572 1723 1629 eat
1746 1573 1780 1617 te
1795 1550 1854 1617 usu·

302 1656 372 1698 uam
387 1631 471 1709 supra
491 1632 602 1695 sortem
622 1633 651 1693 ei
667 1633 719 1694 dat
734 1677 743 1704 ‚
759 1651 849 1705 quain
868 1625 941 1692 iulle
958 1626 992 1691 ἀ
1004 1648 1051 1690 re·
1083 1634 1186 1707 tatia,
1202 1630 1354 1696 &exalia
1376 1655 1407 1696 re
1428 1630 1517 1710 ipsius
1539 1627 1686 1711 usurarii,
1706 1630 1852 1697 donec'ffl

275 1656 326 1776 da
346 1713 395 1790 ipsi
412 1714 485 1777 dare
502 1728 667 1775 teneatur:
689 1711 721 1774 dt
743 1714 814 1785 qnia
832 1708 906 1773 talis
926 1724 1051 1772 contra·
1087 1711 1164 1784 apud
1184 1715 1279 1786 ipsum
1290 1732 1468 1789 permaneat
1479 1760 1487 1789 ,
1505 1710 1554 1775 vel
1575 1710 1656 1787 apud
1674 1708 1853 1791 alium,oli·

277 1792 346 1856 dtus
368 1800 434 1857 iure
451 1794 559 1878 divino
572 1837 583 1868 ,
598 1791 631 1853 dt
651 1793 800 1853 canonico
817 1787 987 1878 nullurell,
1015 1809 1049 1850 ac
1085 1796 1192 1852 noxius
1207 1811 1342 1855 remanet
1353 1793 1404 1870 ipli
1417 1794 1606 1857 mutuatario
1617 1795 1689 1867 ,qui
1703 1790 1792 1869 lupe'r
1803 1787 1853 1856 tali

276 1873 352 1936 a‘deo
372 1876 478 1950 nequit
499 1872 652 1935 usurarius
673 1873 706 1930 in
727 1878 790 1931 re'm
800 1884 981 1930 mutuatam
995 1865 1047 1929 do·
1082 1870 1206 1932 cumulo
1224 1870 1373 1935 iushabet
1390 1876 1420 1937 in
1431 1892 1481 1948 re,
1496 1892 1532 1945 ac
1545 1870 1614 1933 inde
1626 1869 1790 1939 usurarum
1808 1890 1854 1937 ve·

246 1992 250 2015 ·.
278 1955 414 2015 minium
435 1954 604 2025 acquirere.
636 1946 732 2026 Igitur
756 1951 875 2010 cumin
895 1965 930 2009 te
946 1950 1048 2009 usura·
1084 1970 1151 2010 rum
1167 1947 1357 2030 dominium
1377 1952 1410 2016 dt
1432 1952 1500 2015 ideo
1520 1952 1586 2027 ius,
1606 1952 1642 2015 ut
1659 1968 1735 2014 ante
1757 1968 1853 2015 omoei

279 2035 326 2126 ria
344 2051 391 2095 res
412 2032 512 2121 aliena
532 2027 731 2107 possideatur,
749 2044 835 2092 cette
861 2029 980 2103 proptio
995 2026 1048 2088 do·
1085 2026 1163 2089 alios
1193 2031 1361 2122 ‚creditores
1382 2052 1421 2094 ex
1438 2029 1500 2108 ipso
1523 2026 1566 2121 'sit
1595 2026 1647 2091 libi
1670 2026 1777 2093 satir'sa
1796 2032 1853 2099 ien-

172 2108 727 2266 irieaemffinetstsssffsffffinffff'quod
765 2183 785 2247 si
817 2205 864 2249 tes
893 2171 979 2249 data'
996 2180 1048 2248 sub
1082 2105 1449 2266 dddnslsdsisxddssddqoddd
1462 2106 1852 2267 deddssresrsesfbsims

172 2261 217 2358 ,Ψ
231 2262 261 2296 “”
279 2269 371 2335 usura
390 2270 508 2335 crescat
531 2269 612 2345 apud
630 2268 798 2330 usurariun
817 2268 848 2326 in
871 2266 994 2341 valore,
1014 2265 1048 2330 dc
1082 2266 1169 2355 lusa⁸
1187 2271 1400 2348 §.Pomponius
1413 2270 1446 2352 ff
1461 2270 1500 2333 de
1520 2262 1566 2332 res
1579 2267 1782 2351 verrdi'simeq
1842 2324 1846 2329 .

283 2353 415 2429 pretio,
449 2348 520 2415 talia
551 2348 638 2433 valor¹
672 2363 803 2422 pertinet
829 2347 865 2407 ad
894 2364 1049 2409 mutuata·
1083 2405 1086 2409 ,
1123 2345 1205 2410 Hinc
1223 2350 1372 2413 usurarius
1403 2347 1561 2413 restituere
1592 2361 1724 2433 tenetur
1752 2342 1905 2412 omuisffl

282 2452 380 2502 rium,
396 2430 469 2493 licet
490 2427 510 2489 li
531 2428 713 2503 decrescat,
743 2442 796 2488 aut
818 2443 950 2511 pereat,
978 2446 1047 2501 quae
1083 2424 1230 2500 acquisita
1247 2448 1298 2505 per
1318 2426 1437 2492 ul'uram
1463 2428 1552 2513 usque
1580 2426 1619 2492 ad
1643 2418 1906 2504 equasiriren'lsl

284 2510 363 2585 apud
390 2508 546 2571 dominum
572 2505 647 2570 esset
671 2509 809 2590 peritura
836 2504 885 2579 ipsi
912 2508 1049 2566 usurario
1083 2503 1185 2566 damni
1204 2504 1286 2571 illati
1305 2555 1313 2583 ,
1335 2529 1442 2586 nempe
1463 2504 1601 2585 ipsasmet
1613 2527 1670 2571 res
1691 2506 1744 2570 sub
1765 2506 1848 2593 usura
1860 2488 1904 2584 :⁸¹⁴

211 2596 214 2603 '
281 2606 418 2669 pereat,
447 2585 671 2661 &decrescat,
700 2587 771 2661 quia
800 2581 842 2668 ess
862 2584 951 2674 malae
978 2583 1046 2645 fidei
1084 2601 1248 2665 acceptas,
1279 2587 1328 2649 vel
1359 2591 1389 2651 in
1419 2588 1447 2652 le
1470 2586 1490 2648 li
1522 2585 1619 2651 adhuc
1647 2584 1906 2651 discernibileirin

280 2668 444 2747 posseslor,
465 2666 541 2730 licut
554 2687 621 2742 quae
642 2685 660 2727 a
678 2663 799 2728 latrone
819 2663 1049 2740 surripiuntur,
1083 2680 1247 2741 maneant,
1271 2666 1321 2730 vel
1341 2669 1373 2728 in
1393 2667 1622 2744 aequivrienri,
1653 2665 1676 2728 si
1699 2666 1849 2747 cumaliir
1863 2660 1904 2713 sm

183 2746 186 2753 '
215 2772 217 2777 ·
275 2746 335 2825 ips
360 2748 473 2812 latroni
491 2764 643 2824 pereunt,
670 2741 790 2806 tametsi
808 2763 908 2804 rerum
928 2743 1047 2806 illarum
1084 2738 1143 2804 sint
1161 2746 1340 2820 permixta.
1363 2742 1441 2809 leem
1459 2746 1478 2808 si
1498 2746 1570 2809 talis
1591 2765 1637 2809 rer
1658 2765 1731 2812 erat
1752 2745 1850 2811 secun·

248 2876 251 2881 .
282 2832 452 2892 dominium
472 2824 510 2891 sit
528 2826 604 2903 apud
625 2825 735 2888 alium.
761 2823 902 2898 Sequitur
930 2840 960 2882 a.
981 2820 1047 2892 usu·
1083 2818 1155 2884 dum
1182 2818 1210 2886 se
1235 2818 1283 2888 fru
1304 2822 1411 2904 isera,
1439 2822 1597 2890 restituere
1628 2842 1758 2891 tenetur
1787 2844 1850 2889 cum

283 2915 398 2974 tarium
418 2926 480 2971 non
502 2906 582 2983 posse
607 2899 772 2968 transferre
796 2906 829 2964 in
851 2900 926 2965 alios
951 2903 1047 2966 dorni·
1083 2902 1138 2964 illa
1156 2905 1252 2966 etiam
1275 2848 1387 2968 ssuslus
1408 2926 1538 2980 omnes,
1567 2909 1629 2969 iino
1654 2905 1735 2983 ipsos
1750 2908 1850 2981 etiam,

279 2993 370 3054 nium
397 2991 438 3051 rei
468 2984 638 3060 usurariae,
666 2982 778 3047 idcirco
804 2985 854 3058 qui
884 2984 986 3069 aliquo
1007 2987 1047 3047 ti·
1083 3002 1156 3057 quoi
1176 2982 1340 3067 dominus,
1374 2985 1445 3049 idell
1470 2987 1674 3050 mutuatarius
1700 3000 1764 3051 non
1790 3006 1848 3061 pet·

281 3070 353 3133 tulo
375 3067 441 3131 haec
461 3071 576 3142 accepit
594 3063 632 3127 ab
653 3065 810 3141 usurario,
824 3064 893 3138 quia
912 3065 974 3138 ipse
986 3083 1046 3127 non
1082 3061 1231 3139 cepisset,
1257 3065 1277 3125 si
1300 3087 1363 3128 rein
1391 3063 1471 3129 luam
1500 3065 1647 3131 habuisset
1669 3112 1682 3146 ,
1711 3064 1849 3132 detrallis

280 3146 325 3211 ell
341 3166 434 3212 nerui
450 3147 586 3210 dominus
608 3189 616 3219 ,
642 3140 802 3206 restituere
818 3141 961 3227 eadebet
983 3164 1048 3207 mu·
1086 3157 1190 3231 tamen
1219 3143 1384 3223 expensis,
1409 3142 1442 3209 dt
1466 3143 1672 3210 estimatione.
1686 3143 1849 3212 sabone&

278 3229 421 3292 tortario
437 3242 471 3289 ut
491 3245 565 3289 vero
586 3220 736 3289 duninor
762 3241 824 3285 non
845 3226 926 3284 secus
954 3243 990 3286 ac
1010 3244 1047 3289 ea
1084 3216 1253 3305 industriae,
1269 3227 1337 3298 quia
1357 3227 1590 3289 miituatariout
1610 3224 1849 3292 dominocuiiei'

277 3328 353 3384 quie
384 3307 575 3382 accipiuntur
602 3323 620 3365 a
645 3302 793 3387 latrone,
816 3302 977 3365 dummodo
997 3304 1047 3365 acl·
1084 3298 1135 3361 lua
1153 3294 1341 3385 srnslilicat,
1368 3304 1515 3368 debentur
1535 3353 1544 3383 ,
1572 3310 1598 3372 s.
1611 3303 1641 3395 fi
1654 3303 1722 3384 puls
1742 3311 1850 3388 riccard¹

283 3387 468 3454 bucextent
491 3386 522 3445 in
552 3380 605 3445 sua
633 3381 753 3458 specie,
784 3380 857 3444 idest
885 3380 1048 3447 dummodo
1082 3377 1200 3441 domino
1231 3390 1244 3459 3
1249 3403 1276 3462 5.
1299 3381 1368 3528 Infs.
1397 3387 1432 3449 dr
1460 3404 1516 3449 rer.
1549 3384 1641 3463 diors.
1671 3375 1746 3452 Imo.
1765 3383 1848 3454 relli-

281 3471 332 3545 qui
353 3485 391 3531 ea
407 3464 543 3541 accepit,
562 3458 667 3524 eadem
685 3482 756 3523 cum
777 3463 905 3538 propriis
916 3484 976 3524 non
998 3465 1048 3525 ad·
1085 3471 1312 3553 'tuerentenetur
1342 3461 1438 3529 tullus
1458 3465 1595 3544 quoque',
1607 3464 1750 3543 'quenula
1769 3463 1851 3532 suarii

281 3544 437 3612 miscuerit
468 3548 566 3621 (quia
596 3558 672 3603 tunc
698 3542 794 3603 etiarn
819 3543 1046 3606 earum-donii-
1084 3559 1230 3603 incuriam
1250 3558 1311 3606 non
1332 3546 1497 3623 percepit,
1524 3543 1849 3621 quiausutarliis'r'em

283 3631 369 3691 nium
390 3626 518 3700 acquirit
537 3670 547 3698 ,
566 3638 602 3684 ut
622 3623 684 3684 iam
703 3618 745 3681 est
761 3618 940 3697 dicendum)
972 3644 1048 3687 vero
1082 3637 1152 3681 eam
1181 3621 1290 3688 insulse
1319 3624 1493 3708 accipiendo
1513 3674 1521 3703 ,
1548 3622 1582 3704 §t
1608 3626 1773 3691 retinendo
1792 3622 1848 3691 suit

284 3698 615 3772 domino-eelsituenda
633 3699 717 3765 sunt.
746 3698 834 3762 Unde
860 3702 943 3764 clare
960 3722 1046 3780 patet
1083 3701 1188 3774 iniqua
1209 3702 1310 3768 caussa
1330 3727 1385 3768 cur
1415 3710 1550 3783 propriue
1577 3706 1717 3771 dominus
1738 3702 1869 3771 frullui'

196 3829 200 3837 =
283 3806 349 3852 non
390 3785 471 3863 polle
500 3780 670 3847 tissiratium
702 3799 832 3868 reaper
868 3779 969 3846 usuras
998 3805 1047 3847 ac·
1083 3784 1261 3859 amitteret,
1286 3805 1362 3863 quos
1391 3783 1588 3864 percepisset,
1611 3784 1667 3850 nisi
1699 3779 1847 3852 usurarius

283 3882 392 3943 captat
404 3863 557 3939 alienare,
577 3861 735 3926 niodonon
758 3860 814 3921 lint
834 3862 1046 3942 consuiuptibi·
1082 3878 1146 3920 reni
1162 3857 1245 3925 suam
1265 3867 1294 3925 ei
1314 3865 1510 3930 detinuisset.
1530 3865 1603 3928 Non
1618 3863 1662 3931 eit
1679 3883 1786 3932 tamen
1800 3864 1850 3930 ob*

285 3947 356 4023 len,
383 3960 423 4006 ne
451 3960 503 4017 per
526 3961 631 4007 earum
656 3939 865 4003 venditionem
894 3945 1046 4018 impotens
1081 3941 1191 4002 noxior
1220 3945 1252 4003 in
1283 3945 1339 4016 tpli
1360 3943 1431 4010 casu
1458 3944 1494 4010 ad
1515 3942 1669 4011 srusluum
1694 3965 1759 4024 non
1786 3965 1852 4027 per6

231 4079 235 4086 .
283 4023 432 4089 reddatur
454 4017 603 4084 usurarius
626 4025 663 4084 ad
692 4034 743 4083 eas
771 4016 986 4087 restituendas.
1015 4023 1044 4084 Si
1080 4033 1239 4095 ceptorum
1256 4019 1480 4100 restitutionem
1501 4066 1510 4105 ‚
1533 4021 1850 4110 quosnbparentiud

218 4119 229 4138 ·'
283 4104 348 4167 alia
366 4117 472 4167 antem
487 4100 565 4166 bona
587 4098 722 4175 babeat,
749 4118 820 4175 quar
846 4119 959 4189 earnm¹
979 4104 1046 4167 loco
1080 4101 1197 4191 curiam
1227 4115 1282 4168 net
1308 4103 1368 4182 ipse
1404 4113 1622 4172 mutuatarius.
1644 4093 1852 4190 pereepssset,

283 4180 465 4246 substituere
485 4169 593 4256 possit,
609 4199 672 4241 non
693 4179 735 4243 est
754 4178 949 4256 improbabile
964 4186 1045 4260 quod
1081 4200 1151 4253 quia
1165 4175 1322 4248 usurarius
1342 4189 1373 4249 i'n
1389 4189 1443 4260 tali
1459 4183 1531 4267 casu
1549 4175 1643 4260 saslua
1664 4209 1730 4254 iton
1750 4186 1793 4252 ess
1807 4188 1851 4252 di'·

282 4260 372 4340 polsit
393 4255 546 4324 usurarius
560 4257 709 4322 usurarias
729 4277 776 4322 rer
795 4257 957 4327 dislralrere
977 4301 987 4342 ,
1010 4285 1044 4328 ac
1082 4261 1145 4322 tior
1165 4268 1204 4323 ers
1221 4259 1390 4332 huiusmodi
1408 4263 1552 4343 sruslibus
1574 4316 1583 4345 ,
1604 4289 1661 4332 nee
1678 4278 1734 4348 per
1749 4278 1853 4334 eorum

282 4358 389 4405 earum
408 4338 573 4403 dominium
593 4339 625 4399 in
646 4340 738 4402 alium
760 4327 924 4406 transferre
945 4385 952 4419 ,
973 4349 1044 4418 quia
1082 4343 1284 4413 privationem
1316 4343 1459 4414 damnum
1493 4347 1602 4413 intulit
1630 4351 1851 4426 mutuatario,

280 4439 390 4497 parum
409 4418 534 4482 interell
555 4420 746 4482 mutuatario
773 4420 854 4494 quod
883 4424 914 4485 in
942 4442 975 4485 re
994 4442 1047 4487 ea·
1080 4424 1150 4493 qula
1166 4418 1343 4498 supponitur
1362 4429 1442 4505 quod
1460 4440 1511 4493 eoa
1533 4467 1541 4507 ,
1569 4447 1634 4492 tem
1654 4427 1744 4494 suam
1767 4419 1854 4507 poili*

282 4499 353 4561 dem
364 4546 373 4577 ,
392 4514 446 4563 aut
468 4499 500 4561 in
520 4491 583 4561 alia
598 4499 631 4558 in
651 4500 847 4573 aeqiriralents
875 4506 971 4578 pretio
988 4501 1045 4571 fiat
1080 4497 1179 4563 dendo
1200 4522 1261 4566 non
1279 4510 1473 4586 percepissem

284 4576 527 4672 lvfissflfflffltsO·
693 4658 700 4671 ⁸
1121 4581 1213 4676 QQd
1230 4581 1249 4644 li
1272 4598 1324 4656 ret,
1339 4608 1391 4665 per
1412 4586 1520 4668 usurae
1535 4605 1661 4664 accepta
1679 4602 1720 4655 e'x
1736 4575 1787 4672 se,
1803 4583 1853 4666 seis

323 4657 352 4720 Si
374 4671 477 4721 tamen
506 4675 553 4718 rea
583 4646 755 4732 inpendisse
784 4673 837 4735 per
858 4659 976 4726 usuram
998 4670 1046 4727 ic·-
1080 4679 1119 4723 eri
1141 4667 1317 4730 naturalua
1335 4690 1396 4733 non
1417 4687 1484 4744 erat
1504 4665 1677 4748 frugifera,
1702 4663 1739 4738 dt
1758 4671 1854 4738 exil-

285 4754 385 4814 ceptae
415 4738 457 4800 ita
489 4757 560 4799 cum
597 4737 683 4801 rebus
716 4734 842 4804 usurarii
877 4741 934 4806 sint
964 4764 1046 4810 coni·
1080 4741 1140 4807 lius
1162 4744 1342 4816 ¹detentione
1365 4740 1482 4816 nullum
1513 4751 1657 4813 damnum
1686 4770 1825 4833 emergat
1839 4793 1858 4831 ,.

284 4823 469 4894 mixtaa,ut
490 4816 553 4879 ullo
579 4815 745 4892 modoalia
765 4819 803 4883 ab
846 4820 892 4886 liii
917 4823 1044 4888 discerni
1082 4821 1279 4901 autlucrunr
1298 4822 1391 4906 cesset
1412 4832 1631 4908 mutuatario·‚
1663 4829 1779 4899 frutsur
1798 4834 1849 4900 seu

278 4912 457 4993 nequeant,
472 4911 548 4960 tunc
566 4842 906 4993 quandocumquesasla
925 4901 963 4968 sit
979 4904 1044 4968 lioec
1080 4902 1231 4968 utilitates
1256 4928 1294 4971 eir
1318 4910 1375 4974 tali
1401 4933 1434 4980 re
1464 4910 1681 4988 provenientes
1714 4912 1795 4980 siunt
1817 4917 1849 4979 in

281 4972 1045 5060 permixtio,usuratiusdominiumearumdemac'·
1079 4983 1187 5048 ordine
1211 4985 1247 5048 ad
1283 4988 1450 5055 dominium
1475 4990 1563 5071 ipsius
1595 4985 1755 5072 usurarii,
1789 5005 1847 5060 nea

280 5061 378 5138 quirit
397 5059 785 5137 ¹³150¹¹2t01mrlntionl⁵i
818 5057 871 5125 sen
895 5060 1043 5136 confusio·
1081 5063 1237 5148 ullatenus
1253 5076 1444 5146 inutuatario
1460 5068 1655 5150 rellituendoe
1674 5069 1767 5141 sunri
1796 5063 1848 5145 lta

837 5367 843 5403 l
