4425 6000
444 494 528 593 318·
672 490 1208 574 'culmiciacum
1238 488 1674 573 Ducatourcrtr.1.
1723 509 1728 519 ·
1960 587 1964 600 Ι

389 593 419 678 gi
442 605 593 669 praecepta
619 592 822 659 reducantur.
848 593 895 657 Ad
918 597 1046 670 primum
1077 598 1085 656 i
1108 597 1170 659 itur
1203 593 1274 659 duur
1290 598 1354 657 iam
1374 612 1466 660 antea
1486 595 1614 662 relatam
1643 600 1675 660 iu
1703 594 1911 679 praeanrbulia,
1931 600 1982 666 ida

254 670 587 767 ,„„,„i.praecepcum
614 672 783 755 Decalogi,
812 677 929 752 inquo
953 677 1055 739 cultus
1080 617 1173 740 ium
1203 673 1246 738 eli
1267 679 1341 752 triu
1387 693 1540 753 praecepta
1571 679 1672 752 priora
1704 681 1771 744 Deo
1805 679 1978 767 attribuen-

256 772 386 822 naruratu
400 779 469 823 turn
492 776 650 818 nummum
670 755 869 833 prohibetur,
889 755 1073 820 reducuntur
1088 758 1172 831 prin-²
1203 755 1260 830 do,
1281 757 1326 818 ita
1348 770 1383 818 ut
1404 755 1458 820 illa
1478 757 1537 821 duo
1557 761 1615 838 Ego
1629 757 1701 837 surr
1724 766 1871 823 wmarus
1898 766 1978 824 Deus

253 846 377 901 precepta
395 837 535 916 cipaliter
552 854 587 900 ut
604 836 750 915 Decalogi
772 839 934 913 principia,
949 835 983 899 ἀ
1004 836 1171 914 praeambu·
1204 847 1292 897 inus.-
1315 837 1386 897 Non
1401 834 1515 899 habebis
1543 843 1618 903 Deos
1647 841 1755 906 alienos
1782 860 1877 904 coram
1899 861 1947 905 me
1968 888 1980 918 ,

254 902 374 1014 {⁶¹3⁶}
398 919 428 983 la
454 935 607 992 praccepta
629 916 812 982 universalia
831 920 904 980 iuris
933 918 1112 994 naturalis,
1136 915 1173 980 δε
1204 912 1262 977 sant
1282 935 1381 978 unum
1397 931 1584 991 praeceptum
1599 922 1634 982 iu
1649 921 1722 986 duas
1746 938 1848 997 partes
1876 919 1977 983 distri·

252 978 380 1142 iiii
398 996 752 1145 iiiillulihll
767 992 1171 1153 militumi&
1202 994 1328 1150 illu
1346 995 1979 1145 7⁶¹riiiriombi¹llmrss⁰¹lh⁹⁶⁰⁵'nihi

272 1106 321 1141 ud
373 1108 382 1141 ῐ

291 1107 305 1144 c
392 1157 560 1235 idolorum,
582 1178 616 1224 ac
646 1099 872 1222 idololdtrica'm
896 1155 1171 1232 superstitionem«
1202 1156 1331 1244 concupi
1363 1098 1448 1219 ehtia
1468 1158 1577 1222 aliena
1595 1098 1830 1243 uxorrprtlpedieil
1847 1158 1977 1223 adcon·

393 1238 441 1306 Ad
459 1234 619 1302 secundum
640 1256 844 1316 praeceptum,
864 1241 894 1299 in
912 1256 972 1312 quo
992 1234 1174 1320 prohibetur
1202 1230 1419 1309 cupiscentiam
1437 1238 1556 1311 carnis,-
1569 1242 1817 1315 concupilccntia
1837 1241 1882 1303 rei
1900 1242 1976 1304 alie·

395 1322 565 1399 periurium
589 1319 744 1383 reducitur
765 1335 948 1394 praeceptum
965 1332 1076 1394 vetans
1096 1315 1169 1378 blal·
1205 1334 1252 1376 nae
1276 1313 1312 1376 ad
1333 1313 1610 1389 concupiscentium
1626 1320 1806 1394 oculorum,
1828 1314 1899 1384 sunt
1911 1318 1974 1383 duo

396 1400 572 1478 phemiam,
593 1397 627 1464 ἃ
649 1418 834 1476 praceptum
860 1396 943 1474 quod
959 1394 1098 1483 probibet
1114 1393 1171 1458 fald
1203 1392 1342 1457 ‹liumua
1357 1394 1490 1472 obietla,
1507 1418 1541 1461 ac
1563 1397 1632 1463 ideo
1648 1397 1782 1463 distincta
1799 1414 1979 1476 praecepta,-

394 1476 457 1541 lam
476 1477 664 1551 dodlrinam.
680 1479 727 1543 Ad
746 1481 893 1552 tertium,
914 1481 944 1539 iu
965 1496 1026 1553 quo
1046 1473 1171 1539 iubetur
1202 1471 1311 1549 quibus
1334 1474 1398 1538 haec
1420 1493 1592 1541 vetantur.
2023 1546 2033 1555 ,,

394 1556 524 1624 Sabbati
538 1557 745 1625 laudiificatio·
766 1559 956 1623 reducuntur⁸
968 1558 1071 1619 omnia
1092 1575 1169 1633 prae·
1244 1550 1281 1614 lu
1298 1558 1395 1632 primo
1417 1558 1509 1633 igitur
1531 1575 1683 1632 praecepto
1698 1559 1845 1638 Decalogi
1867 1556 1983 1624 iubas
2015 1569 2018 1574 '

393 1654 482 1710 cepta
507 1639 735 1704 caeremouialia·
759 1640 833 1718 legis
850 1679 861 1702 a
880 1636 929 1703 Ad
959 1654 1103 1713 quartum
1131 1635 1170 1698 de
1202 1631 1314 1697 betur:
1342 1638 1400 1713 Ego
1422 1633 1491 1714 sum
1510 1636 1653 1701 Dominus
1679 1641 1756 1703 Deru
1781 1649 1852 1701 tuus
1872 1660 1881 1701 ε
1903 1640 1979 1703 Nora

395 1716 578 1783 honorandis
599 1719 775 1796 parentibus
795 1721 956 1785 ordinatur
981 1726 1171 1795 praeceptum
1202 1710 1318 1777 babebis
1344 1720 1417 1777 Deos
1438 1716 1547 1780 alienos
1578 1737 1673 1780 coram
1695 1740 1740 1783 me
1757 1761 1769 1795 ,v
1796 1717 1893 1781 Exodi
1921 1736 1972 1777 20.
1991 1714 2044 1765 Μ

393 1797 648 1863 dehonoratione
670 1796 794 1875 senum,
809 1798 843 1863 dc
859 1796 1081 1873 consequenter
1091 1816 1167 1872 prae·
1203 1793 1273 1881 Duo
1292 1797 1493 1860 continentur
1512 1800 1544 1859 in
1560 1794 1616 1861 hoc
1638 1816 1790 1875 praecepto
1810 1818 1909 1861 unum
1927 1791 1976 1861 al·
1993 1854 2035 1889 M

335 1942 338 1949 ,
393 1895 483 1955 cepta
512 1882 618 1943 omnia
643 1880 685 1961 de¹
708 1881 884 1943 reverentia
917 1875 1087 1940 Maioribus
1106 1874 1170 1937 red·
1204 1877 1417 1951 la‘rmativum,
1437 1877 1517 1952 quod
1544 1878 1890 1955 praecipitur‚alterum
1919 1887 2044 1966 neue„

394 1958 511 2035 denda,
532 1979 567 2023 ac
584 1958 739 2023 beneficiis
753 1956 940 2036 aequalibus,
962 1956 1170 2019 acnuuoribus
1203 1955 1341 2031 gativum
1356 1955 1434 2030 quod
1463 1956 1657 2035 prohibetur.
1680 1955 1717 2021 ln
1741 1961 1840 2035 prima·
1855 1966 1944 2032 parre
1965 1978 2039 2038 ,eor

393 2037 585 2102 conterendis
599 2084 607 2101 .
620 2038 665 2103 Ad
676 2042 815 2115 quintum
829 2036 1169 2115 ,qunhomieidiomin-
1204 2030 1274 2094 idell
1292 2051 1382 2111 prout
1405 2034 1462 2100 hoc
1484 2055 1668 2114 praecepturu
1686 2034 1974 2115 affirmativumeli,
1995 2041 2041 2081 ’θ’

395 2117 559 2183 terdicitur
586 2121 743 2184 reducitur
770 2119 940 2195 prohibitio·
950 2112 1171 2191 {cuiuscumque
1204 2109 1394 2190 &praecipit
1416 2136 1468 2192 per
1488 2116 1679 2181 illauetba:
1713 2122 1773 2196 Ego'
1783 2117 1853 2197 sum
1873 2116 1979 2180 mni-

396 2194 525 2263 loesrouis
552 2217 792 2275 externaeopere
810 2197 1018 2263 consumatae.
1038 2194 1086 2258 Ad
1106 2193 1170 2260 sex·
1205 2214 1259 2254 nus
1276 2198 1355 2258 Deus
1376 2208 1465 2273 tuus,
1488 2198 1666 2261 admonetur
1683 2197 1774 2263 homo
1788 2197 1981 2271 cluscultusp

303 2289 306 2298 '
396 2296 485 2353 tum,
506 2298 573 2355 quo
590 2297 721 2346 vetatur
751 2279 937 2362 adulterium
958 2277 1114 2340 reducitur
1136 2295 1170 2338 o·
1204 2272 1242 2336 δι
1257 2278 1391 2354 attioris,
1408 2296 1503 2353 quem·
1525 2277 1618 2342 debet
1640 2282 1692 2343 uni
1714 2297 1794 2341 vero
1808 2277 1883 2341 Deo·
1897 2313 1912 2355 ‚·
1938 2295 1981 2342 ut·

397 2361 477 2422 mnis
487 2356 797 2441 astueluxuriaeJr-ve
807 2356 842 2423 fit
860 2355 1171 2433 fornicatiolimplex,
1207 2351 1351 2419 uidelicet
1371 2359 1400 2418 ei
1418 2370 1454 2422 ac
1474 2362 1507 2421 iu
1523 2378 1598 2424 eum
1615 2358 1743 2434 credat',
1764 2378 1835 2421 eum
1853 2359 1976 2433 timeat,

397 2438 461 2502 live
480 2442 595 2502 crimen
620 2436 800 2515 nefandum,
820 2457 874 2503 aut
895 2437 1074 2504 voluntaria
1105 2436 1171 2514 pol·
1205 2438 1237 2495 in
1259 2453 1330 2497 eum
1350 2433 1471 2515 iperet,
1490 2457 1567 2502 eum
1584 2437 1719 2517 diligat,
1743 2440 1831 2513 eique
1849 2436 1976 2502 obediat

374 2517 496 2582 ·lutio.
522 2519 569 2581 Ad
586 2520 745 2595 septimum
762 2518 800 2582 de
820 2538 882 2581 nou
908 2514 1036 2581 furando
1051 2516 1170 2579 reduci·
1206 2531 1353 2591 tanquam
1374 2514 1512 2594 supremo
1537 2516 1612 2595 suo,
1635 2517 1669 2582 dt
1691 2515 1906 2581 universorum
1924 2537 1979 2581 uu·

398 2612 451 2663 tur
466 2596 564 2661 usurae
582 2598 766 2676 prohibitio,
786 2594 960 2675 &fraudis·,
973 2594 1007 2661 ἃ
1024 2594 1115 2659 reduc
1158 2623 1176 2643 κ
1204 2592 1296 2672 diori,
1320 2616 1355 2660 ac
1371 2596 1496 2683 domiuo
1517 2642 1525 2662 .
1553 2598 1625 2661 Hoc
1647 2614 1834 2675 preceptum
1855 2592 1976 2674 potilli-

399 2691 450 2739 aur
469 2680 575 2740 omnia·
594 2678 656 2743 alia
682 2698 750 2755 quae
776 2674 907 2755 spetlum
933 2676 970 2740 ad
990 2674 1122 2752 pmhibit
1205 2695 1289 2738 mum
1309 2678 1340 2738 in
1361 2677 1531 2743 Deuteron·
1555 2678 1727 2754 inculcatur
1749 2680 1865 2760 partim
1881 2696 1978 2753 quan-

397 2756 660 2836 nemctl'umniae,
679 2758 858 2833 accepire.
877 2759 928 2823 Ad
945 2755 1100 2833 ollarum,
1110 2776 1171 2834 quo
1205 2751 1437 2831 dulcequent'er
1457 2756 1570 2823 dicitur
1597 2758 1732 2833 homini,
1750 2764 1791 2821 ut*
1808 2756 1917 2821 Deum*
1931 2757 1976 2819 di-

302 2861 304 2865 ·
398 2835 574 2978 {cohibetur
594 2833 703 2901 falsum
720 2834 924 2903 testimonium
937 2836 1092 2902 reducitur
1101 2858 1170 2914 pro·
1206 2835 1307 2912 ligat,
1323 2840 1410 2913 eique
1432 2834 1572 2917 serviat,
1584 2840 1695 2915 partim
1710 2838 1744 2899 in
1761 2855 1921 2912 praecepto
1936 2835 1974 2897 il·

423 2917 510 2980 ibitio
536 2917 718 2994 mendacii,
740 2938 776 2982 ac
799 2917 1027 2982 detradlionia'.
1054 2916 1102 2980 ud
1126 2937 1172 2981 re·
1200 2915 1239 2978 lo
1258 2913 1425 2981 diledlionis
1444 2918 1501 2981 Dei
1522 2918 1606 2998 quod.
1621 2917 1812 2981 Deuteroruii
1828 2919 1859 2978 6.
1883 2916 1979 2980 trudi·

398 2993 482 3070 lhura
502 3017 580 3060 vero
597 2996 658 3063 duo
678 2999 795 3062 nullum
818 2995 1172 3078 aliud·reducitur,.quia
1196 3015 1282 3074 tur,
1298 2994 1335 3061 d(
1352 3001 1504 3076 repetitur
1520 3001 1555 3063 iri
1563 2993 1756 3076 Evangelio,
1771 3017 1809 3061 ac
1826 3015 1976 3081 tauquam

400 3078 432 3137 iu
454 3076 498 3139 his
519 3077 735 3143 universaliter
755 3082 854 3142 omnis
871 3074 1170 3154 malaconcupiscen-
1206 3077 1400 3156 maximum,
1428 3079 1461 3143 ἃ
1487 3082 1615 3156 primum
1635 3079 1723 3156 Legio
1750 3076 1933 3142 mandatum
1957 3088 1975 3138 a

399 3159 445 3218 tia
467 3156 685 3235 interdicitur,
704 3156 737 3221 ἃ
757 3162 856 3221 omnis
882 3155 997 3220 srmllra
1022 3159 1171 3236 cupiditas
1206 3157 1338 3221 Domino
1352 3158 1692 3231 commendatur.·'Hoc
1711 3151 1975 3234 generulepraece·

398 3234 597 3309 prohibetur.
620 3235 668 3300 lta
686 3238 723 3299 D.
741 3235 878 3300 Thomas
898 3238 1013 3304 citatus
1030 3237 1071 3300 ab'
1087 3237 1170 3304 Abu-
1208 3255 1297 3314 ptum
1312 3233 1355 3300 eli
1382 3242 1482 3316 ratio,
1501 3237 1536 3303 dc
1564 3236 1667 3303 caulla
1682 3238 1821 3301 omnium
1840 3235 1949 3301 decem
1967 3268 1981 3309 ‚·

398 3313 505 3390 lense,
518 3316 551 3377 iu
576 3335 650 3392 cap:
659 3332 710 3376 ao.
733 3315 832 3379 Euodi
851 3315 960 3392 quau,
986 3331 1035 3396 33.
1057 3317 1175 3400 Sayrua-
1206 3336 1273 3393 qua
1291 3314 1443 3394 sigillatim
1460 3322 1492 3380 iu
1514 3318 1676 3395 Decalogo·
1697 3315 1865 3380 traduntur
1875 3353 1891 3387 ,-
1909 3316 1978 3392 quia

399 3393 450 3456 lib.
467 3416 496 3472 4.
511 3412 582 3471 cap.
599 3414 629 3458 a.
649 3417 734 3460 uum
747 3395 827 3474 φά
849 3417 875 3474 5.
1197 3395 1312 3466 llarim
1326 3395 1391 3474 poll
1406 3448 1414 3477 ,
1436 3400 1572 3475 primum⁴
1584 3400 1733 3474 repetitur
1753 3395 1851 3459 Exodi
1871 3413 1920 3456 ιο.
1945 3392 1977 3457 &

448 3523 451 3528 -
616 3556 617 3559 Ἴ
783 3497 787 3504 ’
1202 3475 1298 3552 albi,
1319 3493 1467 3559 tanquam
1489 3481 1571 3542 ratio
1593 3479 1726 3552 proxima
1739 3472 1796 3552 ,ἀ
1817 3476 1852 3537 iu⁴
1872 3477 1975 3540 levit.

588 3551 616 3614 C
654 3556 684 3619 A
724 3557 748 3619 P
789 3554 817 3617 U
861 3554 891 3620 T
959 3557 991 3621 1.
1208 3574 1255 3617 20.
1283 3575 1331 3617 ar.
1351 3556 1386 3623 dc
1409 3572 1456 3619 η’.
1480 3555 1543 3622 lere
1562 3556 1687 3621 cuilibet
1709 3569 1865 3634 praecepto
1893 3553 1974 3619 eddi-

650 3715 655 3724 ·
1196 3655 1258 3712 ¹tur
1289 3637 1465 3714 velutipro
1491 3641 1611 3707 ratione
1631 3635 1696 3701 haec
1723 3630 1893 3701 clausula:
1919 3638 1979 3715 Ego‘

508 3744 519 3764 ο
546 3716 594 3776 De'
607 3731 701 3792 prtum
718 3716 857 3796 Deculogi
870 3730 1037 3796 praecepio.-
1207 3717 1367 3780 Dominus.
1386 3718 1490 3782 Ellius'

1198 3808 1201 3842 2
1247 3797 1284 3860 lu
1304 3797 1361 3861 hac
1390 3802 1487 3877 igitur,
1502 3798 1593 3874 priori
1625 3812 1713 3875 parte
1743 3797 1924 3874 praecipitur
1943 3804 1982 3858 ut?

616 3880 646 3938 i.v
685 3873 767 3937 ΗΝ
790 3873 894 3939 ICU
914 3877 953 3940 S.
1209 3876 1275 3942 D'eo
1295 3877 1505 3942 adorationem
1520 3874 1806 3951 exhibeamus‚seu
1823 3893 1862 3940 ut
1883 3872 1976 3952 perfi-

550 4031 569 4043 ..
1209 3957 1276 4019 dem
1307 3957 1501 4035 agnoscamus
1529 3955 1700 4035 supremum
1729 3957 1787 4019 Dei
1810 3956 1982 4019 dominium

482 4036 531 4096 De'
545 4050 585 4093 us-
605 4052 670 4111 quae
681 4033 814 4113 spadium
834 4035 876 4098 ad
895 4034 945 4101 hor
962 4037 1093 4115 primum
1210 4041 1241 4098 in
1263 4054 1423 4102 creaturas·
1439 4058 1566 4115 omnes,
1581 4058 1633 4114 per
1652 4037 1841 4100 charitatem
1860 4051 1981 4100 notro·

687 4127 888 4194 praeceptum,
1169 4155 1175 4166 -
1199 4134 1257 4193 ‚tos
1273 4118 1339 4181 Deo
1361 4115 1574 4182 submittamus
1582 4162 1597 4191 ,-
1611 4139 1646 4182 ac
1662 4120 1747 4180 ineo
1772 4133 1921 4194 tanquam
1944 4134 1974 4178 u

528 4271 534 4284 ·
1210 4197 1502 4273 mnipotentrlsrmo,
1522 4195 1977 4277 acmaximebenclie'oomnern

474 4267 606 4333 'Urdam
621 4291 663 4334 ex
681 4273 729 4335 SS.
748 4274 905 4351 Patribus,
922 4277 1004 4339 iuter
1018 4295 1180 4352 quospraev
1210 4277 1288 4352 spem
1305 4275 1439 4343 nostram
1454 4277 1640 4342 collocemus
1649 4316 1662 4339 .-
1682 4275 1790 4352 ltaque
1806 4277 1980 4351 precipitur

512 4352 599 4422 cipue
620 4351 648 4412 S.
671 4355 701 4416 P.
723 4354 958 4436 Hieronymus,
981 4357 1129 4432 Origenes
1158 4377 1173 4415 a
1212 4361 1244 4418 iu·
1260 4356 1317 4422 hoc
1339 4375 1492 4435 praeccpto
1508 4358 1697 4421 exercitium
1715 4360 1818 4442 crium
1830 4355 1980 4431 theologi.

458 4512 463 4520 ·
525 4431 561 4491 D.
583 4428 641 4491 Th.
675 4435 856 4497 relatiua.
886 4435 990 4510 quaell.
1018 4455 1081 4498 100.
1115 4453 1173 4498 art.
1210 4458 1315 4500 carum
1345 4440 1501 4502 virtutum
1527 4434 1770 4513 fidei,lpei,&
1785 4435 1981 4510 charitatis,

407 4508 488 4574 um
510 4517 667 4602 praecepcis
695 4513 838 4588 Deculogi
870 4513 1083 4591 dillinguendu
1108 4515 1176 4577 Deo
1210 4518 1289 4593 quod
1308 4521 1408 4600 innuit
1425 4515 1564 4581 Christus*
1575 4519 1724 4579 Dominus
1745 4536 1796 4592 per
1817 4515 1916 4581 verba
1931 4514 1981 4579 illa
2003 4551 2005 4558 ·

348 4603 350 4606 ⁴
407 4607 538 4662 quatuor
559 4591 734 4655 attribuunt
755 4612 926 4669 praecepta,
944 4594 1176 4671 dividendupri·
1212 4597 1289 4672 apud
1309 4598 1337 4658 S.
1362 4597 1468 4660 loaun.
1490 4600 1556 4661 Veri
1574 4595 1981 4660 adoratoresadorabuxrl’a·

402 4690 488 4729 mum
513 4689 700 4749 praeceptum
730 4674 760 4733 in
785 4673 845 4734 duo
865 4693 1045 4749 praecepta,
1072 4674 1106 4739 &
1126 4674 1176 4735 lex
1212 4689 1287 4740 trem
1307 4675 1340 4738 in
1352 4675 1462 4756 spiritu
1486 4676 1528 4745 (7
1546 4678 1693 4741 oerirare.
1718 4677 1804 4753 Quid
1835 4697 1982 4744 verocu-

404 4749 481 4811 daut
510 4755 676 4842 proximo,
699 4750 760 4814 duo
786 4750 895 4814 ultima
917 4773 1084 4830 praecepta,
1105 4752 1176 4814 idest
1213 4757 1353 4820 cumdem·
1364 4761 1519 4823 virtutum
1539 4757 1618 4821 ailus
1642 4755 1985 4838 communemque

404 4829 821 4908 concuprlccutiamuxoris,
847 4829 882 4895 ὅ(
901 4836 943 4894 rei
969 4834 1078 4898 alienae
1095 4836 1126 4895 in
1143 4854 1177 4893 u·
1214 4855 1357 4912 tempore
1376 4837 1545 4915 lpecialiter
1565 4839 1635 4902 elici
1657 4836 1805 4914 debeant,
1829 4839 1892 4906 dcc.
1924 4843 1983 4905 iam

405 4927 480 5000 num
499 4909 693 4987 copulando.
707 4908 906 4975 communior
923 4932 1045 4991 tamen,
1060 4911 1095 4978 dc
1116 4936 1179 4975 ma·
1214 4916 1456 4998 explicavimus,
1472 4937 1543 4984 curn
1562 4919 1599 4982 de
1623 4917 1698 4981 Fide
1725 4939 1901 4997 ageremus.
1923 4923 1983 4987 Ve-

402 5006 448 5072 ,εἱς
468 5005 590 5063 recepta
613 4988 720 5081 burum
741 5009 962 5065 praeceptorum
990 4992 1097 5057 divisio
1111 4994 1179 5063 rell
1215 5019 1281 5062 rum
1302 5002 1372 5075 quia
1385 4999 1442 5063 hoc
1459 5001 1556 5077 primo
1565 5015 1720 5077 praecepto
1737 5000 1877 5067 iubemur
1886 5004 1985 5070 Deum

400 5084 443 5131 ea
458 5086 548 5144 quam
569 5067 666 5134 tradit
689 5069 725 5130 D.
749 5069 873 5147 Auguli.
890 5071 1182 5152 quallprduExo·
1216 5078 1428 5157 recognoscere
1448 5100 1509 5144 uun
1532 5078 1628 5146 solum
1649 5085 1681 5145 in
1710 5102 1782 5146 eum
1801 5086 1986 5229 credsendo,

1834 5189 1866 5245 ap
1883 5191 1951 5234 um·
