4425 6000
434 504 511 585 aaa.
723 481 927 559 Tener.
955 506 1019 557 ne
1049 482 1378 557 Conantur.
1415 485 1616 560 ciii.lll.

387 608 482 666 quam
497 580 729 664 ecclesiasticus,
743 583 777 649 dt
797 584 889 649 datur
909 583 1151 676 locus‘praeven·
1186 582 1238 648 siib
1254 580 1367 660 usuris,
1384 582 1506 659 qiiarido
1526 582 1625 660 alter,
1644 585 1694 660 qui
1709 581 1780 649 dare
1797 583 1874 650 velit
1893 579 1955 651 sine

382 667 488 744 sioni,
503 687 565 730 noir
581 666 676 731 solum
696 664 816 742 quando
831 664 874 727 est
902 661 1028 738 quaeslio
1054 658 1152 739 fatti,
1188 661 1282 727 usuris
1303 711 1313 738 ,
1341 660 1443 725 liaberi
1471 666 1577 737 nequit
1597 710 1606 740 ,
1635 664 1824 729 intendendo
1853 666 1953 732 solum

385 750 441 813 seu
460 747 581 823 quando
600 747 717 810 crimen
743 744 857 821 liquido
887 742 1060 829 usurarium
1079 738 1122 805 eil
1145 789 1154 818 ‚
1187 762 1349 817 mutuum,
1370 740 1404 805 ἀ
1424 739 1453 805 se
1476 740 1613 806 babendo
1632 742 1802 816 permissive
1826 746 1863 810 ad
1885 743 1952 810 usu·

288 823 295 835 '
387 821 549 890 sedetiam
577 824 697 904 quando
717 821 760 887 ell
781 827 879 899 iuris,
900 822 953 886 leu
974 819 1153 898 quandodi·
1189 844 1255 886 ras.
1286 822 1409 884 Etenim
1438 821 1559 885 licitum
1582 818 1625 884 est
1646 840 1749 897 petere
1777 821 1815 887 ab
1837 825 1901 889 alio
1926 823 1956 887 id

381 900 520 970 scutitur
552 928 591 970 an
614 905 665 968 hic
687 904 735 968 vel
758 902 808 966 ille
827 900 1006 973 contradus
1030 900 1065 965 sit
1084 899 1153 963 usu·
1189 899 1290 978 quod,
1306 900 1326 961 li
1346 902 1448 977 velit,
1465 900 1550 962 licite
1564 899 1707 978 praeliare
1718 900 1813 977 potest
1825 951 1837 981 ,
1851 924 1958 981 quam·

383 988 506 1062 ratius,
531 986 581 1052 vel
602 1005 692 1061 non,
720 984 791 1059 quia
811 984 927 1045 crimen
956 980 1052 1044 usurae
1073 982 1154 1044 veti·
1190 985 1238 1045 vis
1259 1000 1299 1042 ex
1319 979 1438 1041 malitia
1458 976 1511 1066 sua
1532 997 1714 1055 peccaturus
1742 981 1803 1058 sit,
1822 984 1958 1047 duremo-

388 1080 457 1130 tum
472 1064 515 1128 est
534 1084 598 1129 tam
615 1069 680 1127 iure
698 1062 802 1139 civili,
821 1082 912 1139 quam
932 1063 1103 1135 canonico,
1121 1058 1155 1123 &
1190 1062 1228 1125 do
1246 1080 1286 1123 ex
1307 1056 1381 1122 iulla
1398 1059 1497 1121 caulla
1517 1063 1584 1121 eins
1605 1076 1766 1134 peccatum
1785 1081 1848 1124 non
1864 1065 1958 1137 impe·

388 1144 524 1208 naturali
542 1166 577 1209 ac
598 1144 727 1217 divino,
748 1159 784 1209 ut
800 1162 839 1205 ex
856 1140 938 1204 ditiis
955 1158 1060 1225 patet.
1079 1137 1155 1201 Noti
1190 1142 1310 1215 diatur,
1342 1154 1378 1201 ut
1399 1137 1489 1201 lieret
1517 1140 1548 1199 iri
1568 1135 1638 1201 casu
1665 1135 1792 1218 nostro,
1815 1139 1890 1204 idesl
1907 1162 1958 1204 ur·

389 1226 471 1288 enim
494 1224 559 1300 plus
580 1220 808 1300 spiritualitatis
825 1219 917 1284 habet
934 1222 1020 1283 ulura
1041 1221 1073 1280 in
1095 1214 1124 1281 se
1148 1259 1169 1294 ,-
1190 1222 1292 1299 gentis
1314 1215 1524 1294 neceffitatis3
1555 1221 1625 1292 quia
1655 1238 1716 1281 non
1743 1236 1870 1283 tenetur
1889 1242 1958 1282 mu·

407 1322 478 1369 uam
495 1302 708 1379 homicidium,
728 1298 846 1364 furtum
866 1346 877 1376 ,
894 1299 1106 1373 adulterium,
1123 1296 1156 1360 δι
1192 1299 1343 1364 tuatatius
1363 1297 1509 1372 impedire
1527 1316 1597 1359 cum
1613 1300 1701 1374 gravi
1722 1293 1775 1362 suo
1791 1301 1956 1363 incommo-

385 1324 494 1447 similia
513 1386 662 1457 crimina,
683 1400 750 1456 qiiae
767 1376 836 1442 sunt
852 1398 961 1443 contra
980 1376 1158 1451 iustitiam,
1191 1379 1248 1456 do,
1276 1378 1309 1442 dt
1338 1378 1449 1440 damno
1472 1380 1645 1439 mutuantis
1669 1376 1835 1452 malitiam,
1864 1398 1957 1453 quam

389 1459 423 1525 dt
453 1464 517 1541 lege
545 1480 611 1525 tum
635 1461 758 1535 divina,
789 1477 854 1522 tum
879 1458 1009 1522 naturali
1039 1460 1155 1520 vetita·
1192 1479 1231 1523 ex
1248 1457 1277 1520 se
1296 1457 1358 1533 ipso
1379 1458 1440 1518 iam
1462 1457 1585 1519 vincere
1607 1456 1731 1531 potest.
1758 1454 1808 1519 lta
1838 1458 1957 1523 citatus

387 1536 518 1605 Undesr
542 1542 578 1604 de
600 1541 646 1603 his
664 1537 839 1603 criminibus
870 1537 965 1613 potesl
996 1532 1157 1613 cognosce·
1192 1539 1231 1600 D.
1255 1535 1317 1599 Tb.
1336 1536 1403 1598 loco
1422 1535 1477 1597 cit.

388 1639 438 1697 re,
468 1618 501 1685 dt
526 1620 564 1683 de
589 1618 687 1695 sasso,
711 1636 747 1682 ut
766 1616 885 1681 conllat
906 1638 945 1680 eir
966 1618 1157 1692 experientia
1233 1619 1325 1680 Porro
1344 1635 1414 1678 cum
1429 1613 1509 1676 aliud
1527 1610 1563 1677 sit
1580 1616 1720 1700 accipere
1738 1631 1880 1681 mutuum
1904 1612 1957 1680 sub

387 1697 579 1778 recognoscit
601 1698 693 1763 iudex
703 1694 855 1761 saeculatis
872 1695 1076 1773 interlaicos,
1094 1712 1159 1771 pot·
1194 1693 1309 1771 usuris,
1327 1694 1407 1757 aliud
1431 1710 1534 1769 petere
1552 1689 1602 1756 sub
1619 1694 1820 1778 ulurisqhinc
1836 1713 1959 1761 mutua·

393 1779 454 1843 erit
482 1782 577 1843 etiam
596 1779 644 1842 hic
664 1779 701 1841 de
716 1777 843 1863 crimine
858 1774 975 1842 ulurae.
997 1774 1037 1839 Et
1057 1794 1095 1838 eo
1107 1772 1158 1838 vel
1196 1778 1291 1839 tarius
1316 1778 1347 1834 iii
1378 1775 1477 1850 primo
1505 1775 1577 1836 casu
1597 1772 1710 1849 passive
1731 1773 1760 1837 le
1789 1775 1899 1853 babet,
1925 1772 1959 1839 dt

386 1860 520 1924 maxime
546 1859 624 1934 quod
654 1854 742 1921 usura
764 1857 783 1915 li
805 1852 842 1917 sit
863 1857 895 1917 in
913 1853 1011 1918 multa
1036 1856 1159 1930 quanti·
1195 1851 1379 1919 solummodo
1399 1857 1536 1916 animum
1553 1854 1687 1928 patiendi
1704 1853 1817 1919 indicat
1837 1862 1871 1917 in
1891 1854 1961 1930 sup·

381 1953 476 2014 tate,
496 1937 539 2001 est
557 1935 711 2016 prohibita
726 1937 822 1997 etiam
842 1935 908 1998 iure
925 1932 1031 2010 civili,
1052 1950 1085 1996 ut
1107 1954 1161 2007 pa·
1200 1934 1344 2012 positione
1360 1933 1437 2008 quod
1459 1948 1603 1995 mutuans
1623 1952 1687 1995 iion
1708 1936 1830 1998 recedat
1852 1955 1871 1997 a
1891 1954 1958 2011 pra·

384 2017 440 2084 ‚tet
461 2037 499 2078 ex
519 2018 581 2093 lege
601 2036 648 2079 eos
675 2012 728 2093 qui
747 2014 806 2076 cod
832 2014 870 2078 de
897 2011 1019 2093 usuris,
1037 2012 1076 2079 (5
1102 2012 1161 2091 iege
1197 2034 1236 2079 va
1263 2008 1476 2089 dispositione,
1503 2007 1537 2073 ἀ
1565 2013 1740 2075 intentione
1767 2012 1860 2079 dandi
1891 2034 1958 2077 mu·

382 2094 505 2174 placuit
525 2094 621 2173 ruff.
643 2095 768 2159 eodem.
1197 2111 1285 2156 tuum
1308 2089 1369 2153 line
1397 2089 1482 2154 luero
1501 2087 1589 2164 supra
1613 2087 1748 2170 sortem,
1776 2089 1960 2157 insecundo

1192 2193 1272 2237 vero
1294 2166 1403 2234 ditelle
1427 2169 1462 2234 ad
1483 2168 1598 2231 malum
1626 2170 1769 2248 inducit,
1793 2172 1874 2249 quod
1898 2191 1961 2235 non

672 2262 698 2320 §-
741 2251 829 2317 XVl
841 2250 892 2316 11.
1196 2251 1408 2392 licensQluate
1421 2247 1536 2388 uoluft
1549 2246 1639 2325 aliqui
1656 2249 1823 2330 Theologi,
1839 2249 1960 2329 &pra-

845 2370 862 2381 ··
985 2367 991 2378 ·
1216 2353 1223 2391 i
1267 2351 1284 2393 e
1313 2346 1542 2393 amauucenes
1588 2348 1657 2392 ccar
1683 2350 1749 2392 mt
1842 2353 1850 2392 ι
1935 2346 1960 2392 t·

487 2373 531 2433 ⁰*
547 2380 1002 2530 l“l;²llilll“⁶slt'iili²f‘¹³
1025 2366 1067 2434 e
1336 2405 1513 2471 mr
1533 2349 1682 2487 rit
1710 2348 1960 2475 sirmis

282 2537 397 2601 pm:
1195 2509 1247 2553 cat
1268 2488 1305 2552 ad
1326 2487 1530 2552 mutuandum
1551 2487 1603 2549 sub
1628 2488 1741 2566 usuris,
1761 2490 1890 2554 dicendo
1910 2490 1960 2555 ab.

251 2607 298 2665 Η
333 2611 346 2663 s
410 2561 509 2656 ..sium
529 2561 674 2630 Charitas
689 2565 851 2631 christiana
871 2563 924 2628 sub
940 2563 1063 2630 mortali
1084 2584 1162 2643 prae·
1197 2567 1316 2657 solute,
1335 2569 1374 2631 dii
1393 2565 1469 2628 mihi
1487 2577 1645 2645 mutuum,
1665 2566 1705 2634 (5
1725 2581 1767 2633 tot
1776 2571 1898 2649 solvam
1910 2587 1960 2649 pro

252 2625 286 2726 J,
307 2626 371 2726 ᾆξ’·
389 2657 483 2719 cipiat
512 2663 574 2734 non
599 2641 695 2710 solum
717 2664 760 2738 ,ut
784 2649 920 2725 proximo
946 2665 1013 2738 non·
1031 2644 1161 2721 praebea·
1198 2648 1314 2727 usuris,
1338 2649 1411 2724 quia
1436 2643 1475 2733 sic
1504 2647 1636 2722 petendo
1666 2648 1760 2712 alium
1789 2649 1826 2713 ad
1847 2650 1961 2715 malum

179 2765 184 2770 -
249 2751 371 2801 tmperi.
389 2742 456 2801 mus
473 2724 666 2817 occalioirem
683 2721 846 2801 spiritualis
869 2729 967 2790 ruinae
978 2773 990 2803 ,
1005 2722 1077 2787 idest
1096 2743 1163 2816 ρεεῇ
1187 2729 1329 2816 inducit,
1344 2725 1420 2803 quod
1437 2728 1502 2787 beri
1520 2731 1624 2801 nequit
1646 2725 1707 2791 fine
1724 2749 1868 2806 Ρθίΰᾶῑῡ,
1887 2732 1960 2805 (11111

250 2802 359 2875 realta·
390 2800 499 2896 candi,
528 2801 575 2866 led
602 2822 699 2868 etiam
728 2824 764 2870 ut
785 2807 980 2901 impediamus
995 2821 1162 2898 'peccatum
1195 2808 1332 2873 ablolute
1355 2823 1460 2895 petere
1482 2825 1545 2867 non
1573 2806 1644 2869 licet
1666 2807 1716 2884 id,
1741 2808 1824 2885 quod
1845 2810 1960 2873 abalio

250 2876 371 2983 1¹³2*-
388 2878 850 3025 iXsiusmuandosinenotabili
873 2882 1161 2949 nostrorncommo·
1196 2886 1333 2953 absolute
1354 2886 1419 2949 fieri
1438 2904 1500 2947 non
1523 2884 1645 2961 potest·
1666 2886 1712 2949 Ex
1728 2886 1867 2965 opposito
1886 2907 1962 2953 vero
2001 2962 2008 2967 ,
2045 2918 2047 2920 ·

315 2959 342 3001 ·.·
411 2958 503 3039 o‚&
523 2962 633 3028 damno
654 2961 752 3028 facere
777 2966 805 3029 id
826 2965 987 3045 pollimus3
1018 2962 1088 3027 hinc
1111 2984 1161 3038 pa·
1195 2968 1285 3031 iidem
1306 2959 1558 3042 Salmaticenses,
1578 2962 1612 3029 &
1632 2966 1754 3046 Sylvius
1774 2964 1961 3033 excusante

391 3058 460 3118 ῐθῐ,
486 3041 567 3130 (111911
587 3046 657 3118 <luia
679 3045 767 3108 usura
783 3045 830 3109 'est
856 3066 982 3110 enorme
1003 3041 1095 3107 scelus
1115 3044 1161 3104 111·
1194 3049 1282 3124 culpa
1305 3045 1551 3122 mtittiatarium,
1574 3044 1595 3106 si
1617 3043 1695 3122 bac,
1720 3047 1771 3110 vel
1796 3047 1856 3112 alia
1872 3046 1959 3110 simili

392 3118 507 3196 stitia,
523 3118 669 3198 simithie
685 3125 831 3188 charitati
843 3127 971 3191 omnino
980 3142 1160 3201 repugnans,
1195 3126 1399 3204 propositione
1426 3137 1533 3185 utatur
1554 3128 1588 3187 in
1610 3126 1741 3201 petendo
1760 3146 1903 3191 mutuum
1923 3127 1964 3193 ab

390 3198 536 3262 illicitum
552 3199 595 3263 est
617 3203 653 3264 ad
671 3202 729 3267 hoc
750 3225 845 3282 grave
862 3204 980 3271 facinus
1001 3203 1098 3267 alium
1117 3204 1159 3262 in·
1194 3203 1352 3283 usurario,
1377 3206 1417 3269 da
1439 3200 1514 3266 milii·
1533 3217 1671 3268 mutuum
1686 3205 1795 3284 saltem
1807 3203 1865 3286 sub
1894 3203 1963 3287 use·

392 3278 522 3356 ducere,
537 3278 707 3345 usurarium
724 3281 860 3363 scilicet,
881 3303 1023 3347 mutuum
1043 3279 1080 3344 ab
1098 3277 1161 3357 ipso
1193 3286 1236 3350 ris
1247 3333 1257 3368 ,
1272 3288 1302 3372 fi
1318 3298 1352 3350 ut
1372 3284 1458 3352 debes
1472 3284 1569 3360 gratis
1585 3287 1658 3352 daie
1679 3284 1782 3352 nollit.

391 3355 543 3450 petendo,
563 3362 614 3433 qui
635 3363 697 3425 iarn
714 3364 919 3440 praevideatur
940 3384 1000 3426 non
1016 3360 1161 3424 daturum

390 3433 448 3501 riisi
473 3435 526 3500 sub
545 3434 671 3581 busura.
699 3440 748 3506 lta
768 3445 806 3505 D.
829 3444 966 3508 Thomas
999 3443 1158 3584 aliasdc'it.
1489 3453 1517 3512 t.
1559 3443 1663 3511 xix,

413 3527 453 3580 fs·
492 3561 500 3577 ο
525 3539 573 3579 ul
606 3542 616 3580 l
675 3524 681 3534 .
710 3545 717 3558 ‘
976 3521 981 3531 .
1047 3522 1052 3530 θ
1145 3551 1160 3566 ·
1537 3564 1541 3573 -
1645 3563 1650 3573 .
1719 3563 1725 3574 .

392 3536 426 3663 se
445 3539 571 3673 inim
591 3541 634 3662 ii
654 3523 939 3683 liiisllt'lll
952 3524 1071 3681 llll?
1095 3540 1160 3663 lii
1392 3569 1435 3629 n
1450 3561 1594 3629 mule
1612 3568 1760 3628 1111111·

393 3687 496 3740 iumen
516 3673 551 3738 ab
580 3699 612 3742 es
631 3681 683 3758 qui
698 3693 822 3761 paratus
847 3685 883 3763 est
904 3684 954 3745 hoc
970 3679 1089 3762 facere,
1120 3679 1161 3745 e·
1234 3674 1280 3740 Ex
1300 3697 1359 3753 quo
1380 3679 1594 3758 quamplurimi
1624 3679 1773 3757 usurarii,
1798 3677 1833 3745 dt
1853 3682 1962 3759 praeci⁴
2032 3689 2035 3694 '

392 3751 516 3836 usuram
535 3777 690 3848 exercere,
714 3773 817 3827 mutuo
842 3763 969 3840 accipere
988 3760 1044 3839 suh
1064 3760 1160 3835 usuris
1195 3776 1252 3833 pue
1269 3756 1364 3822 ludaei
1379 3779 1417 3822 eir
1437 3761 1567 3827 aliorum
1582 3763 1686 3838 inopia
1706 3759 1893 3826 occasionem
1913 3781 1963 3825 ar·

390 3847 507 3916 propter
522 3838 646 3926 aliquod
657 3839 780 3921 bonum,
795 3843 872 3920 quod
888 3843 926 3923 est
934 3838 1161 3921 subventiosuae
1194 3840 1328 3914 riperent
1350 3856 1386 3903 ut
1407 3860 1470 3904 non
1494 3841 1595 3905 minus
1616 3840 1850 3906 immoderatam
1869 3860 1960 3917 quam

393 3915 581 4001 persistatis,
608 3920 660 3983 vel
682 3921 825 3986 aliorum.
852 3920 897 3983 Ex
928 3920 1031 3996 qubus
1062 3920 1161 3985 verbis
1193 3917 1345 3988 crudelem
1361 3918 1523 3985 insatiabili
1543 3941 1649 3985 eorum
1669 3923 1814 3986 avaritia:
1838 3920 1962 3985 meffeiu

394 3993 500 4074 reste,
527 4009 707 4075 attenteque
734 3999 884 4078 perpensis
911 3997 1001 4062 facile
1031 3993 1161 4065 insertur
1194 3990 1333 4062 facerent
1349 3996 1408 4062 fuis
1430 3998 1548 4077 usuris,
1563 4021 1636 4075 quas
1655 4004 1699 4064 ita
1718 3997 1887 4065 excessrvas
1897 4020 1959 4063 inu·

392 4092 463 4138 cum
492 4082 648 4141 communi
676 4097 830 4156 nunquam
858 4080 976 4143 licitum
996 4081 1055 4143 else
1077 4100 1161 4143 acte·
1194 4076 1310 4140 tuando
1339 4077 1426 4156 supra
1454 4099 1620 4158 pauperum
1671 4081 1820 4159 ignotibus
1851 4078 1890 4143 ab
1917 4076 1964 4141 bis

255 4138 376 4256 ,offic
392 4156 464 4218 dere
480 4155 517 4218 ad
539 4155 726 4236 usurarium,
743 4176 777 4222 ut
799 4159 835 4223 ab
858 4179 897 4222 eo
917 4177 1058 4229 mutuum
1075 4177 1162 4237 peta·
1194 4158 1442 4236 extorquebant,
1464 4177 1502 4222 ut
1526 4158 1613 4226 brevi
1639 4103 1704 4233 sere
1730 4178 1833 4225 totam
1852 4156 1964 4225 sortem

244 4274 246 4278 ν
274 4269 330 4319 ,qq
375 4250 464 4318 ,rur,
495 4231 567 4299 alvo
591 4252 713 4301 tantum
733 4239 854 4313 quando
879 4239 1163 4306 alium'moraliter
1195 4232 1395 4318 absorbendo,
1413 4258 1447 4302 ac
1463 4240 1509 4302 ita
1529 4241 1674 4320 eomagis
1694 4239 1876 4306 miserorum
1897 4236 1965 4302 san·

254 4331 276 4379 ri
292 4331 340 4384 tub
396 4312 508 4380 babere
536 4332 671 4390 nequeas
694 4319 746 4392 qui
776 4317 829 4381 det
857 4311 919 4382 sine
945 4316 1061 4397 usuris,
1091 4320 1162 4384 dum
1195 4319 1320 4396 guinem
1341 4314 1516 4396 exsugendo
1537 4317 1627 4397 usque
1648 4319 1685 4383 ad
1709 4320 1888 4384 'extremum
1913 4317 1965 4383 bo·
2014 4363 2018 4368 -

254 4395 354 4452 niurb.
393 4394 497 4486 aliqua
513 4390 616 4458 nostra
636 4414 724 4473 urget
747 4390 927 4477 neceffitas;
948 4403 1020 4476 quia
1036 4420 1107 4464 cum
1125 4400 1162 4462 il·
1196 4400 1244 4459 l'ce
1260 4398 1531 4476 depauperabar'it,
1552 4404 1688 4476 pietate,
1707 4420 1743 4462 ac
1763 4395 1967 4465 misericordia

393 4473 424 4539 le
440 4472 526 4538 licite
547 4471 603 4536 hoc
623 4470 724 4549 facere
743 4489 896 4558 nequeat,
915 4492 1001 4556 aeque
1018 4480 1166 4562 illicitum
1196 4489 1298 4540 motus
1313 4478 1348 4538 B.
1367 4472 1521 4543 Barnabas
1542 4477 1777 4543 interamnensis
1801 4498 1841 4542 ex
1864 4480 1968 4542 Mino·

392 4548 439 4616 esl
454 4550 513 4615 hoc
536 4551 574 4615 ab
594 4571 630 4617 eo
646 4571 790 4634 expetere
799 4578 864 4636 ,rie
884 4559 921 4624 ad
940 4560 1056 4624 malum
1072 4561 1161 4622 indu·
1196 4554 1277 4625 ribos
1305 4553 1546 4622 Observantibus
1571 4558 1723 4637 Seraplu'ci
1755 4559 1881 4623 Ordinis
1906 4558 1963 4634 pri·
1975 4555 2050 4632 bein

394 4647 504 4720 catur,
536 4631 570 4695 de
598 4653 801 4724 provocetur.
832 4637 904 4703 Dixi
927 4636 1017 4718 salvo
1049 4639 1162 4718 quando
1197 4656 1283 4713 mus,
1299 4639 1370 4701 dum
1385 4637 1512 4703 Perusiis
1535 4639 1734 4717 praedicaret,
1752 4626 2050 4719 catonianum*

289 4751 308 4763 ·¹
326 4738 347 4760 ι
400 4711 495 4777 alium
521 4713 674 4779 moraliter
700 4714 803 4782 habere
822 4739 970 4798 nequeas,
1001 4718 1061 4787 dte.
1091 4723 1163 4796 quia
1196 4715 1230 4781 dt
1261 4721 1416 4794 promovit
1440 4717 1624 4784 messionem
1653 4720 1808 4783 montium
1838 4719 1966 4784 Pietatis

398 4806 435 4853 ut
461 4799 663 4859 communiter
687 4793 824 4863 sentiunt
844 4799 1016 4875 Doslotes„
1034 4798 1073 4864 ob
1097 4820 1163 4876 gra·
1197 4815 1345 4876 regnante
1363 4803 1417 4864 Pio
1433 4796 1474 4863 11.
1492 4801 1614 4864 Summo
1629 4794 1802 4877 Pontifice,
1816 4818 1853 4864 ut
1869 4795 1971 4863 buius·

401 4888 472 4932 vem
487 4892 573 4965 ,non
593 4892 669 4940 vero
685 4879 937 4957 qualemcumque
952 4875 1163 4945 necessitatem
1197 4877 1278 4941 modi
1294 4882 1421 4956 pietatis
1442 4879 1629 4946 adminiculo
1647 4898 1711 4944 tam
1732 4878 1826 4944 saevae
1854 4893 1969 4958 paupe·

399 4966 573 5033 propriam,
594 4956 645 5020 vel
666 4957 813 5037 alterius,
838 4960 957 5025 licitum
985 4960 1027 5024 eil
1057 4972 1163 5037 petere
1197 4978 1266 5022 rum
1298 4961 1469 5027 calamitati
1496 4961 1694 5036 mederetur,
1729 4957 1764 5025 ἀ
1792 4965 1839 5026 ita
1863 4977 1968 5024 eorum

400 5044 541 5098 mutuum
570 5035 607 5102 ab
636 5055 693 5116 eo,
719 5041 769 5116 qui
802 5059 865 5106 non
888 5041 1015 5107 daturus
1040 5038 1084 5106 cll
1108 5037 1162 5104 nisi
1200 5043 1415 5118 provideretur
1441 5041 1641 5123 indigentia,
1662 5061 1697 5106 ae
1725 5039 1852 5119 proinde
1868 5037 1969 5134 usura·
2032 5099 2040 5112 Ι

1870 5137 1933 5187 tio·
