4425 6000
477 516 552 594 216
751 521 1651 599 Ttacr.naCotrrrtaor.Car.V1.

425 611 547 700 thecam
566 662 575 690 ‚
596 619 1051 700 vei‘aliamassecurationerm
1074 624 1122 685 ita
1157 637 1192 684 ut
1228 621 1351 698 cuipam
1372 619 1587 701 supponat,&
1607 642 1645 689 eo
1665 623 1715 691 vei
1746 627 1880 693 maxime
1911 630 1992 709 quod

421 692 577 776 siabique
595 704 685 781 cuipa
701 709 1003 785 mutuatarii'pereat
1023 722 1097 779 tes,
1125 721 1193 764 mu-
1230 701 1350 764 tametsi
1375 703 1494 767 debitor
1519 708 1550 765 in
1572 704 1628 767 tali
1656 724 1741 768 mora
1773 703 1865 773 suerit
1896 717 1990 779 etiarn

428 782 547 845 tuatori
567 800 686 858 pereae,
1228 780 1403 859 culpabilis,
1425 785 1477 858 qui
1499 779 1566 845 sunt
1589 781 1673 847 simui
1690 786 1866 867 requirunt,
1892 809 1929 856 ut
1949 814 1990 860 ex

1229 861 1282 924 tasi
1306 881 1389 924 mora
1416 860 1451 926 dt
1470 862 1621 926 ditatione
1645 883 1806 929 mutuatot
1825 867 1987 952 damnum,

752 951 779 1012 ς,
821 943 859 1008 V.
1228 940 1278 1004 vel
1310 940 1427 1027 lucrum
1456 939 1573 1033 cessant
1598 943 1696 1019 panus
1716 941 1990 1024 srt,quiaput'ant

417 1060 469 1121 ‚Dc
485 1056 524 1120 w·
543 1059 635 1139 Legis
652 1059 813 1141 principis,
827 1059 949 1139 Μή,
969 1059 1024 1124 vel
1041 1055 1190 1139 consm-
1226 1019 1342 1097 legem,
1363 1023 1413 1084 ieu
1434 1017 1618 1084 sententiam
1640 1022 1838 1087 damnantem
1859 1030 1896 1093 ad
1920 1051 1987 1108 poe·

375 1175 378 1182 ·
464 1136 546 1201 dinis
567 1142 690 1205 locorum
702 1141 873 1206 laxantium
881 1142 1063 1204 moderatum
1074 1139 1190 1216 tensum
1216 1099 1507 1242 Ygffc'mffipponm
1527 1118 1625 1165 emm
1642 1103 1808 1180 immsse’
1828 1102 1881 1170 seu
1906 1131 1987 1187 Μ’

415 1217 422 1304 i
463 1222 495 1280 Μ
515 1217 660 1320 sffvm
688 1222 921 1311 ’nummum‘
950 1217 990 1287 Φ
1019 1217 1069 1283 ²³⁰⁶
1092 1218 1191 1297 “lm''
1263 1258 1363 1321 Obiici
1384 1275 1488 1324 tamen
1510 1255 1606 1335 potest
1636 1258 1802 1337 quamlibet
1825 1259 1921 1344 legem
1941 1264 1990 1332 es-

464 1302 561 1376 sum
572 1299 677 1382 smum
692 1301 888 1381 ⁶⁰”s⁶'‘'²'¹ae·
1147 1418 1151 1427 Ι
1223 1334 1396 1404 sentitiitet
1414 1341 1476 1405 esse
1492 1337 1618 1418 iusiam,
1637 1340 1716 1429 aliar
1733 1362 1794 1403 non
1806 1343 1983 1426 adelegem,

464 1416 560 1494 tax,
592 1420 642 1482 vei
672 1420 859 1485 consuetudo
890 1418 947 1482 ioci
972 1414 1094 1494 quando
1113 1413 1188 1478 airus
1223 1433 1332 1493 utpote
1351 1438 1418 1496 quae
1436 1418 1472 1482 de
1493 1437 1605 1482 natura
1624 1417 1676 1483 sua
1696 1429 1732 1484 irt
1754 1417 1833 1485 reeta
1855 1428 1987 1505 agendo·

422 1514 485 1557 non
511 1494 586 1560 adiit
611 1500 702 1566 iusius
733 1500 843 1565 titulus
884 1497 1050 1564 iustificare
1081 1497 1186 1580 nequit
1221 1497 1472 1575 rnmratio,seu
1493 1497 1619 1576 regula5
1640 1503 1734 1578 igitur
1754 1500 1805 1562 lex
1828 1502 1871 1566 esi
1893 1502 1985 1572 insitu

414 1573 640 1654 contraitum,
658 1600 719 1658 quo
727 1579 839 1657 aliquid
854 1582 887 1643 in
896 1596 1007 1642 mutuo
1023 1573 1108 1652 supra
1125 1574 1188 1638 ior·
1223 1577 1334 1641 titulus
1355 1580 1467 1655 aliquid
1488 1580 1655 1663 accipiendi
1677 1582 1764 1655 supra
1781 1573 1984 1649 sortem.Re.

411 1672 487 1718 -eem
502 1659 643 1735 exigatur
655 1684 667 1737 ,·
689 1679 759 1723 nam
787 1681 857 1723 tum
877 1660 1032 1738 perceptio
1052 1655 1128 1720 lucri
1147 1674 1186 1717 ex
1221 1652 1353 1731 spondeo
1372 1659 1428 1721 hoc
1453 1678 1561 1721 verum
1576 1659 1657 1732 esse,
1680 1659 1699 1719 ii
1722 1658 1771 1721 lex
1794 1681 1857 1725 non
1877 1661 1981 1730 sunde-

420 1752 528 1799 mutuo
540 1738 606 1800 iure
615 1737 721 1805 divino
735 1737 913 1804 &naturali
924 1732 1085 1813 vetitafit‚
1102 1733 1188 1797 nuiio
1222 1756 1273 1800 tur
1294 1742 1325 1800 in
1348 1734 1571 1815 suppositione,
1592 1735 1677 1801 setus
1701 1739 1813 1802 verost
1834 1737 1981 1809 fundetur

409 1814 482 1880 -aiio
498 1817 565 1880 iure
582 1817 667 1883 licita
684 1817 751 1882 fieri
782 1817 897 1895 potest.
927 1817 1050 1880 Etenim
1075 1810 1184 1876 iniussa
1220 1818 1252 1878 in
1269 1815 1472 1894 suppositione
1488 1820 1669 1893 eiur,quod
1681 1838 1743 1881 uon
1764 1817 1827 1883 sit.
1849 1822 1981 1889 leuau-

411 1894 463 1958 -esi
480 1894 531 1958 lex
552 1901 672 1977 omnir,
687 1919 756 1976 quae
776 1901 835 1963 iuri
854 1897 981 1972 divino,
996 1915 1031 1958 ae
1048 1892 1184 1957 naturali
1220 1915 1305 1974 rem,
1325 1897 1374 1960 vei
1399 1895 1588 1981 consuetodo
1626 1916 1694 1972 quae
1715 1897 1827 1973 aliquid
1847 1905 1978 1967 in-mu.

419 1993 625 2053 opponatur;
650 1999 720 2044 tum
750 1974 875 2042 inferior
902 1976 998 2055 segem
1025 1973 1185 2049 superioris
1219 1980 1281 2040 tuit
1303 1980 1455 2053 permittit
1477 1976 1566 2052 supra
1585 1943 1700 2039 sortem
1721 1979 1877 2066 arripere,
1906 1979 1980 2045 sem·

421 2057 546 2119 irritare
572 2076 736 2135 nequeatr
773 2058 853 2124 unde
881 2058 931 2119 ius
959 2055 1096 2116 divinum
1117 2100 1126 2129 ‚
1150 2050 1183 2115 dr
1219 2075 1271 2133 per
1288 2055 1433 2133 supponit
1452 2077 1546 2142 unuin
1566 2055 1603 2117 de
1618 2053 1734 2118 duobus
1754 2057 1830 2134 iaepe
1858 2064 1977 2127 notaria

410 2135 561 2200 ,naturale
588 2156 755 2216 numquam
783 2139 918 2217 legitime
942 2131 1090 2224 praescribi
1117 2148 1183 2209 pot·
1219 2137 1337 2212 titulis,
1358 2137 1502 2200 damnum
1522 2134 1638 2224 scilicet
1659 2154 1833 2215 emergens,
1853 2159 1907 2204 aut
1929 2141 1978 2203 in·

417 2210 463 2278 est
482 2262 490 2291 ‚
513 2214 597 2280 nulia
614 2237 724 2283 eontra
745 2219 808 2283 tale
835 2222 881 2280 ius
903 2211 1091 2279 rationabilis
1111 2231 1182 2275 con·
1216 2237 1302 2280 crum
1322 2219 1454 2280 cessans.
1489 2214 1529 2278 Et
1560 2220 1581 2277 ir
1610 2232 1754 2278 neutrum
1779 2236 1871 2281 extet
1893 2266 1902 2295 ,
1928 2221 1977 2284 lert

418 2290 549 2360 suetudo
571 2296 673 2362 induci
696 2322 707 2380 ;
727 2302 770 2363 ita
792 2316 827 2361 ut
845 2295 865 2359 sr
891 2296 1088 2359 induceretur
1103 2289 1181 2355 esset
1217 2299 1399 2372 neutiquam
1419 2297 1475 2359 hoc
1494 2294 1610 2359 lucrum
1626 2294 1779 2373 intendit,
1802 2316 1859 2360 nec
1880 2299 1976 2375 potest

411 2372 527 2439 abusus
544 2379 703 2455 graviter,
721 2378 770 2442 vei
782 2378 894 2440 leviter
910 2372 1089 2450 culpabilis,
1108 2392 1180 2449 que·
1217 2373 1386 2439 audianum
1403 2374 1588 2452 approbare,
1611 2374 1660 2437 vel
1679 2378 1860 2452 praecipere.

419 2473 510 2520 tenus
548 2458 687 2535 raviter,
707 2458 758 2523 rei
779 2455 890 2521 seviter
911 2460 955 2518 ius
971 2455 1130 2527 divinum,
1147 2447 1180 2514 dt
1254 2454 1407 2520 Obiitirur
1428 2475 1456 2516 a.
1477 2455 1533 2516 Per
1554 2453 1652 2531 legem
1671 2452 1755 2515 iliam
1773 2471 1920 2519 tenentur
1930 2458 1975 2521 iu·

304 2547 308 2554 “
413 2552 560 2599 naturae
577 2553 628 2616 per
650 2538 745 2602 talem
768 2533 893 2602 abusum
916 2536 1104 2599 violaretur.
1134 2528 1180 2593 ld·
1213 2533 1293 2599 dites
1312 2534 1474 2611 damnare,
1495 2552 1531 2596 ac
1549 2553 1657 2612 rogere
1680 2531 1844 2596 debitorem
1862 2537 1900 2599 ad
1920 2537 1975 2601 aii·

413 2617 499 2678 circo
524 2615 572 2679 sex
597 2637 664 2690 quae
691 2618 846 2697 permittit
868 2634 908 2679 ex
936 2615 1045 2691 quovis
1067 2628 1180 2675 mutuo
1213 2614 1286 2690 quid
1306 2610 1484 2679 solvendum
1504 2629 1614 2689 praeter
1634 2609 1761 2677 sortem.
1788 2610 1887 2691 igitur
1906 2638 1974 2680 mu·

413 2692 529 2771 aliquid
550 2699 672 2775 exigere
692 2697 774 2762 nitra
791 2697 903 2761 sortem
924 2716 957 2759 v.
978 2715 1005 2771 g.
1026 2707 1179 2771 quatuor,
1213 2708 1320 2759 tuator
1339 2694 1416 2757 iilud
1432 2691 1506 2757 iuste
1527 2694 1659 2756 retinere
1679 2690 1796 2770 potest.
1813 2692 1902 2770 Reip.
1921 2716 1971 2759 ne·

416 2792 471 2839 aut
491 2779 623 2854 quinque
645 2792 838 2853 protentum
856 2821 865 2852 ‚
880 2794 914 2840 ac
934 2775 973 2837 de
991 2792 1031 2837 eo
1047 2766 1151 2845 pacisci
1169 2816 1177 2845 ‚
1212 2772 1312 2851 gando
1326 2771 1598 2850 consequentiam,
1614 2776 1683 2848 quia
1699 2792 1770 2836 eum
1790 2773 1971 2838 iudicesnon

413 2855 479 2917 imo
504 2857 640 2934 praecipit
670 2856 762 2921 iudici
791 2873 825 2920 ut
852 2855 1077 2920 mutuatarium
1096 2869 1178 2913 tom·
1212 2853 1385 2920 adiuditent
1406 2853 1480 2917 iliud
1499 2851 1664 2937 audianum
1685 2849 1739 2914 nist
1764 2855 1797 2914 vi
1819 2852 1892 2930 legis
1911 2902 1919 2932 ,
1938 2853 1972 2920 dt

414 2934 510 3010 peliae
530 2935 566 2999 ad
583 2936 640 3002 hoc
661 2933 827 3002 aurianum
853 2932 1084 3019 persolvendum
1113 2949 1177 2991 mu·
1213 2931 1263 2998 lex
1293 2933 1403 3000 iusium
1424 2933 1551 2998 titulum
1581 2932 1732 3010 supponat
1752 2951 1898 3023 ‚nempe
1925 2933 1968 2996 lu·

406 3017 546 3092 tuenti,
573 3015 733 3081 dicendum
748 3016 827 3092 quod
852 3015 965 3092 semper
987 3008 1177 3091 praesumat,
1209 3016 1422 3091 ericesiantis,
1444 3014 1494 3077 vel
1505 3011 1605 3074 damni
1614 3028 1815 3089 emergentis,
1832 3032 1892 3075 non
1905 3034 1971 3090 por·

408 3113 449 3158 ac
465 3096 613 3173 supponat
636 3095 762 3159 titulum
782 3096 944 3173 interdie,
965 3109 1039 3169 puta
1057 3091 1176 3153 luctum
1209 3090 1251 3156 est
1276 3112 1420 3161 mutuans
1446 3093 1529 3155 licite
1559 3089 1610 3154 sibi
1647 3098 1780 3155 retinere
1807 3091 1970 3157 eustatium

404 3172 546 3251 cessans,
567 3193 621 3240 aut
637 3174 778 3239 damnum
798 3194 972 3255 emergent,
990 3177 1078 3238 itaut
1095 3164 1119 3253 ¹sr
1136 3188 1174 3231 ex
1214 3170 1263 3235 srbi
1285 3195 1304 3238 a
1326 3175 1424 3238 iudice
1433 3171 1659 3249 adiudicatum,
1675 3168 1696 3232 sr
1714 3191 1776 3235 non
1797 3170 1970 3237 habeatne·

409 3250 458 3316 his
480 3253 582 3320 nullus
602 3251 743 3330 sequatur
755 3253 877 3334 titulus,
890 3254 1006 3318 nihiiin
1021 3248 1176 3317 eonscien·
1210 3274 1277 3315 rum
1297 3252 1425 3318 titulum
1436 3298 1447 3332 ,
1462 3271 1554 3330 quem
1574 3250 1640 3330 lex,
1660 3248 1695 3317 ἀ
1721 3250 1826 3318 inditis
1848 3250 1969 3318 senten-

388 3334 458 3418 ytia
477 3335 559 3412 exiti
578 3334 694 3411 potest,
715 3351 770 3400 aut
790 3338 884 3412 recipi
906 3329 1126 3407 ultrasortem,
1141 3328 1176 3397 ἀ
1212 3336 1255 3400 tia
1273 3330 1432 3412 supponit.

409 3410 433 3475 st
469 3413 583 3489 aliquid
619 3433 777 3490 receptum
806 3411 871 3491 stt,
903 3418 1030 3480 omnino
1055 3410 1172 3477 restitui

404 3489 519 3557 debet.
547 3493 615 3636 lm?
642 3496 785 3560 illicitum
805 3491 848 3558 eli
865 3496 1029 3638 quodspiue
1050 3497 1176 3637 attlipia·
1525 3497 1552 3567 S.
1593 3487 1657 3565 Vi.

405 3587 632 3796 diffindi
652 3575 781 3753 iiiii
799 3574 1090 3799 isitiiiiiti'i
1106 3578 1173 3800 1225
1207 3616 1251 3683 ⁰*
1270 3615 1967 3778 ‘itq‘qpqugtpppffsffxpput*

402 3750 1080 3905 titatiit‘iii‘iii’pistrini
1095 3754 1171 3882 ’rifi
1425 3791 1539 3843 Μ
1558 3779 1759 3866 nuttriri·

401 3891 550 3985 enimesi
579 3896 712 3961 intentio
742 3897 905 3975 legir,nec
926 3894 1170 3976 este,potest,ut
1504 3859 1658 3992 '‘imfi'ff‘
1723 3982 1726 3987 θ
1769 3960 1772 3968 ,
1995 3974 1997 3979 ,

403 3971 527 4048 ahquid
547 3977 667 4040 ratione
683 3982 782 4042 mutui
805 3978 1009 4052 percipiaturr
1244 3965 1332 4046 Nota
1354 3986 1381 4041 i.
1405 3987 1478 4043 tunt
1499 3963 1668 4053 estimati,
1696 3996 1732 4040 at
1756 3973 1817 4042 diei
1846 3974 1965 4044 lucrum
1981 3980 2041 4048 (2¹³²

446 4051 487 4117 Et
507 4052 564 4119 hoe
585 4052 664 4119 idem
676 4105 685 4134 ,
699 4055 777 4134 quod
796 4055 835 4119 de
851 4054 917 4134 iege
933 4103 942 4131 ‚
956 4049 1117 4143 dicendum
1125 4054 1168 4121 eii
1202 4060 1295 4125 aiicui
1315 4059 1455 4135 tessare,
1484 4057 1604 4133 quando
1625 4075 1734 4134 nempe
1753 4075 1901 4124 mutuant
1927 4058 1966 4123 ob
1980 4060 2041 4097 ‘¹⁸'

401 4148 524 4209 quoque
538 4132 576 4197 de
595 4129 701 4202 iuditia
721 4134 896 4212 sententia,
923 4157 984 4212 qua
1000 4136 1086 4212 supra
1107 4133 1167 4201 sor·
1203 4150 1345 4205 mutuum
1387 4143 1507 4204 rivetur
1530 4132 1607 4200 iusto
1626 4135 1730 4215 lucro,
1745 4138 1825 4215 quod
1846 4155 1934 4204 cetto
1956 4180 1965 4211 r

400 4230 470 4283 tem
489 4211 602 4290 aiiquid
624 4219 794 4282 mutuatori
824 4214 1021 4281 adiudicatur
1050 4226 1167 4281 arem·
1204 4223 1288 4297 vesp
1381 4218 1462 4283 iliter
1483 4213 1616 4281 iaiiutut
1638 4212 1800 4282 suiffet‘ex
1820 4225 1965 4297 pecunia,
2005 4262 2010 4272 ·

445 4293 741 4370 reinterpeliationir
753 4298 814 4361 suar
836 4298 867 4358 in
884 4295 1168 4374 compensationem
1201 4321 1293 4378 quam
1312 4316 1423 4363 mutuo
1448 4297 1539 4363 alteri
1559 4295 1644 4361 dedit
1660 4331 1671 4372 t
1690 4299 1821 4363 emendo
1841 4297 1960 4367 seilicet

417 4371 551 4441 ntetesse
565 4417 573 4450 ‚
588 4373 696 4448 quiesi
717 4364 818 4440 nulius
842 4380 1033 4442 interveniat
1055 4379 1167 4442 titulus
1200 4399 1334 4456 mercer,
1353 4376 1502 4453 fundum,
1517 4373 1659 4453 censum,
1678 4397 1733 4442 aut
1749 4379 1819 4454 quid
1842 4377 1962 4453 simile,

401 4452 482 4522 iutri
503 4452 665 4532 cessantis,
685 4455 735 4519 vel
756 4456 856 4521 damni
878 4464 1063 4537 emergentis
1085 4493 1094 4534 p
1115 4455 1165 4522 seu
1204 4459 1253 4524 vei
1271 4461 1360 4523 aliter
1380 4457 1585 4536 negotiandor
1608 4458 1760 4524 Damnum
1783 4474 1864 4526 vero
1882 4477 1959 4525 tunc
1988 4468 2041 4571 Μ’

401 4554 469 4601 uon
489 4547 613 4598 tantum
628 4553 773 4600 mutuant
794 4541 949 4617 patiatur,
968 4550 1045 4603 tunc
1068 4535 1166 4615 nihii,
1199 4554 1350 4618 emergere
1369 4536 1637 4615 dieitnrpquando
1657 4540 1722 4612 quis
1739 4543 1770 4604 in
1789 4539 1876 4605 bonis
1888 4539 1963 4620 suis,
2023 4534 2041 4571 ¹¹

399 4616 455 4682 vei
481 4632 542 4682 non
567 4628 693 4680 tantum
713 4615 809 4681 abeo
835 4620 932 4695 arripi
953 4617 1071 4695 potesip
1093 4638 1163 4682 cum
1197 4641 1266 4696 quae
1289 4624 1348 4683 iam
1363 4616 1512 4697 possidet,
1531 4617 1703 4683 mutuando
1724 4617 1889 4700 usturam,
1908 4622 1963 4687 de⁴

400 4696 435 4761 in
453 4695 509 4763 tali
526 4689 597 4758 casu
613 4692 766 4765 sententia
783 4702 904 4767 nitatur
925 4694 998 4764 salsa
1018 4694 1163 4770 pinsun-
1198 4704 1439 4776 trimentumque
1454 4700 1576 4776 aliquod
1598 4698 1735 4777 patitur,
1756 4719 1829 4776 puta
1852 4700 1964 4769 srdesr⁴

398 4780 528 4863 ptime,
547 4774 660 4842 idcirco
680 4781 728 4844 int
744 4799 853 4845 verum
871 4800 934 4844 non
955 4775 1107 4849 conserere
1130 4779 1161 4842 Si
1196 4779 1314 4860 gnaiset
1337 4783 1516 4857 pecuniam,
1536 4800 1627 4856 qnam
1648 4778 1730 4844 alter
1749 4802 1863 4848 murno
1880 4784 1967 4848 abeo

398 4852 503 4935 postea
527 4872 603 4919 vero
626 4856 736 4936 aliquid
754 4856 981 4947 adindiearetur
1000 4863 1159 4927 mutuanti
1195 4861 1291 4938 petit,
1314 4860 1352 4925 ad
1371 4861 1483 4926 edium
1509 4859 1726 4942 retentorem,
1743 4866 1779 4927 ad
1808 4866 1970 4932 culturam

398 4940 433 5003 in
454 4955 577 5018 poenam
604 4936 711 5004 dilatae
738 4939 917 5020 solutione,
936 4939 971 5008 dt
989 4939 1112 5009 debitor
1128 4945 1160 5004 in
1194 4945 1317 5021 vinee,
1339 4942 1376 5005 ad
1387 4938 1440 5008 sua
1455 4941 1734 5022 debitaiirsnenda,
1749 4944 1788 5009 ad
1804 4947 1970 5014 emendam

396 5097 486 5168 dieite
504 5100 602 5181 arcipi
622 5096 741 5179 potest.
754 5112 795 5168 eo
811 5101 1016 5209 quad-puna
1193 5103 1273 5181 quod
1286 5114 1354 5171 tem
1370 5118 1483 5207 murno
1496 5102 1633 5189 dederit,
1649 5114 1720 5201 einr
1731 5109 1812 5178 eder
1827 5109 1969 5177 derum·

387 5255 392 5261 .
954 5252 957 5257 <
1325 5262 1330 5271 ,
1843 5213 1927 5263 ‚ree

397 5020 456 5084 tais
472 5039 560 5088 mora
580 5036 642 5083 non
660 5007 721 5082 fuit
738 5016 918 5099 culpabilis,
938 5020 1015 5086 nihii
1037 5025 1160 5186 w
1193 5020 1389 5089 domesticam
1412 5024 1673 5098 annonam‚.&c.
1702 5033 1746 5093 ita
1774 5045 1810 5092 ut
1832 5049 1872 5093 ex
1906 5028 1968 5095 hoo
