4425 6000
580 488 1550 580 Turaqueenutriencanxvul.
1711 517 1794 600 '297
1841 578 1845 586 ,

278 597 342 668 sam
363 616 418 677 pro
437 597 518 661 dono
537 593 604 673 ipso
620 596 660 660 src
680 593 799 659 telidlo.
821 596 910 660 Licet
936 615 1040 661 autern
1078 598 1102 662 ti
1125 596 1257 675 negligat
1274 617 1309 660 ea
1330 595 1464 676 solvere,
1485 616 1609 665 tenetur
1628 596 1665 665 de
1684 598 1793 665 damno
1803 600 1847 673 se'⁴

280 685 416 759 legatum
431 680 597 741 conveniat
619 696 688 739 curn
717 674 784 738 aliie
804 674 1042 752 dispositionibus
1077 692 1171 754 cuto,
1194 676 1229 741 &
1247 675 1326 755 quod
1346 675 1513 755 sequatur.
1538 683 1650 745 Peccat
1669 684 1751 744 enim
1770 701 1846 746 con·

280 758 383 825 caussa
398 758 525 832 mortis,
546 754 618 819 idest
640 776 711 820 cum
726 754 913 844 donatione,
935 756 969 822 dt
986 756 1043 819 ha·
1079 775 1128 822 tra
1150 753 1315 833 iustitiam,
1336 755 1406 822 idesl
1426 757 1636 826 contrasuum
1657 758 1793 825 officium
1814 762 1846 824 in
1882 779 1886 786 ·

277 836 599 912 cedrinoliquore,
623 856 691 910 quae
714 840 750 896 ht
781 838 812 896 in
833 836 1044 914 testamento,
1079 837 1204 902 alterius
1220 837 1390 901 damnum.
1423 838 1578 905 Executor
1595 844 1677 904 enim
1702 839 1849 905 statuitur

276 917 397 985 abillis
427 935 530 981 tamen
550 912 651 980 differt
672 964 680 991 ,
708 917 779 990 quia
811 916 943 993 legatum
967 933 1042 991 prae·
1079 916 1114 980 ad
1131 915 1332 992 praeliandum
1351 936 1491 997 prompte
1507 936 1610 986 totum
1631 921 1677 995 id,
1697 921 1774 997 quod
1799 937 1849 985 te-

276 996 421 1064 standum
436 993 479 1058 esi
494 995 531 1059 ab
551 993 686 1072 haerede,
702 993 735 1058 dc
758 994 793 1058 ab
810 995 896 1059 huius
927 997 1043 1059 inllitu·
1079 995 1175 1060 llator
1194 994 1261 1060 fieri
1282 997 1383 1062 voluit
1401 1022 1410 1077 3
1434 998 1514 1076 quod
1537 997 1558 1061 sr
1579 1000 1680 1064 nullus
1698 998 1848 1064 conslitu'·

277 1079 367 1143 rione
390 1068 511 1156 differt,
531 1095 600 1147 qula
617 1074 711 1137 lraeres
738 1073 801 1138 adit
828 1094 879 1150 per
905 1075 1045 1153 seipsum
1081 1093 1131 1140 tus
1149 1074 1186 1139 sit
1200 1093 1365 1155 executor,
1386 1096 1511 1144 tenerur
1527 1078 1644 1158 haeres,
1663 1082 1733 1156 quia
1750 1079 1846 1144 haere·

278 1155 513 1222 nereditatem.
535 1152 643 1216 Differt
654 1153 844 1217 adunatione
858 1155 1047 1219 caullamor·
1079 1154 1213 1221 ditarem
1231 1160 1418 1233 acceptando
1435 1161 1582 1236 implicite
1598 1159 1632 1222 se
1649 1158 1799 1239 obligavit
1810 1156 1848 1222 ad

276 1233 1043 1312 tis‚quiahaecatellatoreimmediatepraeslatur.
1080 1236 1231 1312 implenda
1263 1257 1354 1300 onera
1383 1237 1480 1301 eidem
1511 1238 1629 1303 adnexa
1660 1279 1668 1301 .
1696 1239 1848 1319 Legatum

273 1316 311 1379 Si
323 1336 400 1380 vero
409 1315 546 1391 legatum
554 1312 686 1376 relidlum
696 1316 728 1373 in
739 1313 921 1379 tellamento
931 1312 1048 1391 praelle·
1082 1315 1306 1381 transmittitur
1321 1317 1356 1382 ad
1375 1318 1505 1383 haeredes
1515 1320 1650 1396 legatarii
1667 1317 1709 1397 ,sr
1726 1321 1848 1382 contin·

281 1413 370 1460 tuta
391 1392 538 1460 testatore·
554 1396 700 1468 vivente,
722 1413 782 1455 nnn
804 1397 921 1459 amittit
943 1412 1047 1461 tamen
1081 1413 1133 1473 gat
1155 1416 1225 1459 eum
1242 1398 1384 1460 decedere
1405 1416 1566 1475 antequam
1578 1399 1712 1476 legatum
1729 1401 1765 1464 ab
1777 1417 1849 1461 exce

273 1477 429 1540 rationem
450 1474 544 1552 legati
561 1521 568 1546 ,
587 1472 620 1536 dc
638 1474 756 1535 ultimae
768 1473 945 1559 vvoluntaris
958 1492 1045 1538 natu·
1063 1493 1209 1560 petitore,
1230 1477 1279 1541 uel
1303 1478 1419 1540 haerede
1439 1481 1585 1553 receperit
1606 1523 1614 1539 .
1642 1479 1713 1541 Non
1740 1477 1849 1542 transit

276 1576 314 1618 ra
331 1554 383 1622 sua
401 1552 603 1626 revocabilis,
622 1553 697 1616 alias
726 1553 801 1615 ellet
823 1553 970 1618 donatio.
1000 1554 1048 1616 lta
1065 1568 1067 1579 ‘
1084 1575 1158 1617 vcro
1176 1555 1210 1617 ad
1228 1554 1381 1632 haeredes,
1401 1557 1420 1619 li
1444 1559 1603 1635 legatarius
1629 1557 1755 1621 decedat
1776 1575 1850 1620 ante

277 1634 399 1698 Molina
419 1655 490 1696 curn
509 1633 575 1695 allis
590 1676 597 1691 .
615 1634 766 1709 Legatum
781 1632 864 1695 aliud
874 1632 916 1695 est
929 1656 1048 1710 purum,
1083 1630 1260 1697 testatorem
1281 1637 1351 1714 Leg.
1376 1656 1401 1699 ι.
1418 1633 1451 1701 ff.
1473 1636 1709 1701 decondi1.&c.
1730 1629 1849 1701 lteml‘r

276 1712 353 1775 idest
376 1712 510 1776 relidlurn
530 1710 592 1775 srne
611 1716 755 1786 temporis
774 1712 1048 1786 determinatione,
1083 1713 1212 1777 testator
1232 1717 1354 1791 reliquit
1374 1718 1464 1781 alicui
1481 1717 1629 1794 legatum,
1649 1736 1740 1792 quem
1761 1736 1849 1792 puta·

271 1812 394 1868 oriere,
411 1794 458 1855 vel
479 1789 673 1866 conditione,
696 1793 773 1856 aliud
790 1793 1045 1867 conditionatum,
1082 1791 1134 1855 bat
1151 1791 1211 1856 effe
1232 1796 1350 1872 rivum,
1370 1796 1440 1859 dum
1456 1814 1593 1862 mortuus
1608 1812 1676 1859 erat
1697 1797 1769 1874 Leg.
1780 1792 1851 1858 uus·

264 1882 389 1947 'nempe
406 1876 435 1933 in
455 1872 535 1934 diern
547 1916 557 1943 ,
571 1870 803 1935 detenninando
820 1893 936 1948 tempus
957 1873 992 1936 ad
1010 1873 1048 1934 il·
1082 1890 1115 1936 re
1131 1880 1157 1937 §.
1175 1873 1208 1935 in
1220 1874 1342 1953 princip.
1365 1874 1480 1938 Itensr
1503 1877 1634 1954 legatum
1656 1875 1778 1951 reliquit
1797 1872 1850 1939 sub

278 1950 333 2013 lud
354 1949 572 2029 praeliandum,
591 1953 641 2015 vel
659 1950 709 2015 sub
726 1956 827 2028 aliquo
847 1973 957 2031 onere,
973 1973 1049 2016 con·
1081 1953 1260 2018 conditione
1276 1955 1419 2032 pendenti
1440 1953 1620 2040 defuturo,
1640 1955 1690 2018 vel
1708 1957 1739 2016 in
1759 1954 1849 2032 diem,

273 2018 416 2106 ditione,
434 2032 557 2106 caulla,
573 2052 607 2093 ac
628 2030 905 2096 demonstratione.
1084 2030 1134 2097 seu
1151 2033 1188 2096 ad
1205 2050 1322 2112 tempus
1341 2036 1579 2099 determinatum
1599 2082 1607 2109 ,
1631 2033 1665 2099 ἀ
1685 2049 1850 2109 autequam

319 2108 555 2188 Supponendum
575 2126 679 2176 autem
704 2115 837 2193 legatum
854 2119 934 2189 pium
955 2132 974 2175 a
1004 2128 1051 2176 re·
1084 2114 1249 2189 impleatur
1267 2113 1422 2190 conditio,
1443 2112 1493 2177 seu
1520 2134 1639 2189 tempus
1666 2112 1851 2177 determina·

275 2188 396 2254 slatore
417 2186 551 2254 relidlurn
570 2190 678 2255 durare
700 2211 788 2270 prout
813 2191 870 2268 ipse
888 2191 1050 2266 uoluerit,
1085 2213 1151 2258 turn
1166 2196 1314 2258 moriatur
1336 2194 1515 2273 legatariru,
1541 2213 1574 2257 ut
1595 2191 1714 2258 tonslat
1734 2211 1774 2257 ex
1794 2194 1851 2258 cit.

275 2269 312 2333 δι
328 2269 540 2345 ordinaverit,
556 2269 589 2334 δι
608 2278 763 2337 contraria
784 2277 888 2349 opinio
905 2274 1048 2336 damnata
1084 2271 1214 2337 iuribus.

275 2346 341 2414 suit
360 2349 399 2412 ab
419 2351 593 2414 Alexandro
607 2350 675 2414 vll.
694 2357 726 2418 in
748 2354 888 2429 propulit.
910 2373 978 2428 quae
995 2372 1048 2414 nu.
1124 2353 1153 2416 Si
1178 2355 1244 2429 quis
1272 2353 1388 2433 legavit
1419 2354 1507 2419 alicui
1529 2344 1682 2432 fundum,
1709 2349 1744 2419 &
1763 2352 1794 2416 in
1814 2369 1853 2416 eo

254 2427 323 2489 rell
343 2443 393 2571 42.
413 2432 562 2495 Annuum
582 2430 707 2509 legatum
723 2451 773 2511 pre
800 2432 1050 2496 animarelifium
1083 2438 1180 2497 erexit
1201 2433 1346 2510 domurn,
1369 2434 1417 2496 vel
1449 2437 1570 2498 vineam
1599 2434 1659 2501 &n
1682 2449 1784 2498 totum
1805 2433 1853 2493 in·

279 2524 338 2571 reon
375 2522 443 2570 urat
459 2509 527 2587 plus
547 2530 635 2587 quam
652 2514 747 2577 decern
763 2534 873 2575 annus.
1083 2531 1273 2577 crementum
1294 2512 1336 2576 cll
1363 2514 1526 2592 legatarii,
1550 2514 1583 2579 ἀ
1609 2532 1753 2578 econtra
1781 2507 1801 2573 fi
1823 2512 1853 2573 el

227 2593 263 2651 le.
291 2633 294 2638 -
319 2586 367 2651 Ex
383 2590 450 2653 iure
464 2595 616 2653 communi
634 2595 719 2655 nulla
739 2593 839 2670 legata
858 2592 965 2656 valent
993 2612 1046 2654 nec
1085 2593 1208 2668 reliquit
1228 2594 1367 2664 domum,
1387 2597 1511 2658 vineam
1527 2593 1587 2658 dec.
1602 2614 1672 2668 quas
1694 2590 1854 2669 posteade⁴

227 2671 235 2750 ξ
279 2687 450 2747 pura,nec
477 2670 690 2737 conditionata
711 2672 861 2736 relillain
886 2671 1050 2735 tellamen·
1085 2666 1193 2745 struit,
1212 2671 1262 2735 vel
1278 2673 1404 2746 evellit,
1429 2690 1531 2738 totum
1550 2674 1777 2736 decrementum
1794 2673 1854 2735 erit

227 2752 247 2834 ζ
281 2766 335 2823 to,
355 2749 464 2824 inquo
488 2748 584 2812 heres
604 2771 664 2814 non
695 2758 870 2827 acceptavit
893 2750 1050 2814 haeredita·
1086 2752 1240 2829 legataril.
1262 2752 1292 2812 Si
1314 2773 1388 2816 vero
1403 2752 1468 2817 haec
1494 2770 1620 2828 pereant
1637 2772 1677 2815 ex
1700 2750 1802 2825 aliquo
1822 2768 1855 2813 e·

227 2846 245 2897 i.
282 2831 451 2908 tem,quia
471 2829 589 2892 nullum
611 2827 750 2894 censetur
771 2833 844 2909 Legi
870 2826 1051 2893 nemoffidr
1088 2847 1212 2907 ventu,
1234 2828 1342 2892 fundus
1363 2828 1476 2907 semper
1497 2829 1609 2910 spedlat
1627 2832 1662 2892 ad
1679 2830 1857 2908 legatarium

227 2909 252 2963 *b
286 2907 392 2986 ipim.
413 2907 615 2984 Excipiuntur
624 2928 725 2973 tamen
744 2914 841 2987 legata
851 2911 886 2973 ad
896 2904 1050 2985 piascaus·
1087 2915 1156 2988 Ltg.
1176 2911 1202 2987 fi
1222 2918 1308 2989 gregr
1330 2914 1361 2972 in
1383 2910 1443 2973 fine
1459 2907 1491 2973 ff.
1509 2910 1546 2973 de
1565 2909 1667 2989 laarr's
1689 2952 1697 2971 .
1725 2905 1856 2984 Quodsi

227 2987 255 3028 ‘·
281 2985 344 3066 sas,
362 3009 431 3064 quae
450 2986 551 3054 valida
571 2986 657 3067 sunt,
674 2990 709 3056 de
728 2989 767 3055 src
787 2988 932 3054 solvenda
946 2987 982 3053 ab
991 2989 1050 3051 lrae·
1088 2991 1168 3069 leget
1186 2988 1375 3056 frumentum
1397 2990 1553 3055 inhorreo
1581 2986 1749 3064 inclusum,
1764 3006 1857 3061 quem

278 3068 351 3137 rede
367 3067 403 3133 ab
423 3067 586 3133 intellato.
605 3069 683 3134 Item
706 3072 808 3135 valida
820 3068 1053 3145 suntquaecunr·
1088 3066 1190 3147 postea
1204 3067 1403 3146 consumpsit,
1419 3070 1439 3132 sr
1455 3071 1554 3135 denuo
1567 3068 1648 3135 aliud
1669 3065 1860 3133 frumentum

280 3168 340 3224 que
360 3150 419 3214 alia
440 3148 562 3229 legata,
583 3153 705 3225 quando
730 3157 760 3213 in
785 3149 970 3215 testamento
1000 3171 1053 3224 ap·
1088 3149 1128 3214 ibi
1151 3161 1298 3226 reponat,
1315 3148 1427 3227 l'petlat
1449 3149 1484 3213 ad
1513 3151 1714 3227 legatarium.
1734 3148 1764 3210 Si
1791 3151 1857 3226 quis

278 3227 373 3303 posita
394 3223 452 3292 suit
481 3226 615 3293 clausula
639 3233 836 3311 codicillaris,
858 3230 908 3292 vel
938 3227 1052 3306 aliquid
1088 3230 1214 3293 mandet
1230 3232 1323 3293 Petro
1346 3230 1717 3304 centumnumrnos,qui
1738 3227 1857 3291 suntin

280 3309 489 3385 aequivalens,
508 3307 541 3374 δι
558 3309 595 3374 ab
612 3309 729 3379 herede
750 3308 891 3375 solvenda
912 3309 1002 3374 sunt.
1090 3329 1178 3384 arca,
1198 3308 1231 3374 dr
1252 3330 1312 3374 non
1331 3312 1532 3373 inveniantur
1552 3306 1605 3371 nisi
1626 3319 1670 3385 50.
1691 3307 1722 3370 bi
1742 3307 1860 3386 legata«

227 3389 270 3445 ifle
322 3390 471 3468 Legatum
493 3390 573 3454 aliud
590 3387 632 3454 est
653 3392 855 3470 particulare,
875 3390 955 3454 aliud
987 3392 1053 3454 uni·
1090 3395 1137 3454 rio
1159 3387 1308 3453 debentur
1331 3394 1399 3470 Leg.
1433 3403 1500 3454 cum
1528 3389 1571 3453 ila
1592 3384 1626 3451 ff.
1655 3388 1692 3452 de
1724 3385 1823 3467 legeris
1850 3422 1887 3451 a,

236 3485 245 3504 ·
284 3465 417 3534 versele-i
435 3471 642 3548 Particulare,
662 3480 730 3539 cru'n
741 3474 831 3537 alicui
850 3468 1002 3550 designato
1023 3487 1054 3533 a'·
1089 3468 1179 3547 and
1198 3466 1219 3530 sr
1240 3466 1395 3546 plusquam
1410 3488 1535 3533 centurn
1553 3473 1589 3530 ire
1604 3487 1671 3530 arca
1697 3469 1861 3530 invenian⁴

280 3547 514 3624 liquodbonum
536 3551 671 3631 legatur,
686 3571 722 3616 ut
750 3551 863 3615 summa
885 3554 1023 3631 pecuniae
1045 3581 1054 3624 ι
1091 3570 1162 3626 tur,
1182 3568 1246 3612 non
1268 3565 1393 3613 tenetur
1415 3548 1510 3612 haeres
1530 3549 1602 3609 dare
1633 3547 1781 3624 legatario
1807 3540 1862 3608 mu

282 3628 414 3705 tabella,
434 3629 509 3692 villa
530 3629 592 3704 &ca
615 3630 803 3694 Univerlnlis
832 3650 909 3694 vero
932 3650 1002 3693 curn
1022 3649 1054 3690 a·
1090 3645 1232 3706 centum,
1255 3633 1327 3704 qula
1353 3638 1438 3692 meni
1458 3627 1616 3693 tellatorie
1636 3621 1694 3688 fuit
1727 3641 1762 3688 ut
1789 3625 1862 3691 talis

280 3708 371 3786 liquis
391 3711 494 3770 omnia
511 3709 591 3770 bona
613 3705 663 3771 sua
689 3708 796 3786 legat,-
827 3719 880 3772 aut
912 3727 1055 3783 partem,
1090 3710 1249 3786 quantitas
1268 3713 1295 3772 ci
1313 3708 1454 3772 daretur.

281 3783 332 3850 seu
349 3788 501 3856 mediant,
518 3785 568 3849 seu
588 3807 727 3861 quartam
747 3792 883 3850 omniurn
904 3785 1054 3851 bonorum
1130 3785 1258 3849 Frudlus
1279 3791 1412 3862 percepti
1439 3809 1478 3852 ex
1499 3808 1533 3851 te
1564 3787 1664 3866 legata
1685 3798 1758 3847 ante
1781 3796 1864 3848 ntor·

279 3867 371 3930 alteri
392 3865 428 3928 ab
451 3864 572 3930 lraerede
590 3866 783 3930 tradendam.
804 3871 830 3928 Α
853 3867 1056 3930 bonisaurem
1093 3885 1157 3930 tem
1180 3865 1334 3928 testatoris
1355 3865 1501 3932 debentur
1535 3865 1665 3941 haeredi,
1684 3864 1719 3929 de
1739 3883 1800 3927 non
1822 3864 1866 3928 le⁴

280 3944 443 4009 translatis
465 3945 503 4009 ad
518 3968 612 4026 eum,
631 3950 682 4025 qui
703 3968 765 4010 non
786 3943 943 4012 inllitutus
962 3947 1055 4010 fuerit
1091 3946 1228 4027 garario,
1248 3943 1303 4008 nisi
1320 3947 1410 4008 aliter
1428 3947 1545 4011 constet
1567 3947 1603 4009 de
1621 3960 1722 4008 mente
1736 3942 1865 4009 testato·

280 4027 378 4091 lraeree
400 4024 574 4091 detrahitur
605 4031 669 4092 iure
698 4047 824 4093 romano
856 4034 967 4105 quarta
988 4041 1055 4102 part
1093 4030 1134 4090 ris
1156 4025 1227 4105 Ieg.
1250 4023 1419 4090 Latiaris.
1444 4029 1481 4092 de
1502 4026 1606 4107 legaris
1633 4035 1661 4085 a.
1686 4020 1741 4086 nist
1760 4035 1865 4089 rarnerl

280 4111 313 4170 in
335 4101 474 4172 favorem
493 4107 619 4172 lraeredis
639 4112 776 4188 gravati,
800 4128 871 4185 quae
895 4127 967 4170 eum
991 4107 1055 4182 agi·
1091 4103 1203 4170 frustut
1223 4106 1361 4171 crescant
1384 4108 1416 4169 in
1439 4107 1586 4186 relegata
1636 4121 1671 4168 ut
1693 4102 1738 4167 illi
1766 4108 1863 4167 incor-

279 4188 334 4252 Ιειιι
360 4186 397 4252 de
429 4187 556 4274 legatis,
576 4189 690 4254 dicitur
718 4188 876 4263 Falcidia,
896 4205 963 4262 quae
994 4202 1055 4248 uon
1093 4201 1352 4264 potentur-,puta
1373 4184 1456 4252 sires
1476 4187 1579 4266 legata
1598 4153 1636 4249 stt
1653 4202 1753 4261 grex,
1781 4187 1864 4261 capi·

280 4266 325 4332 ell
343 4270 375 4330 in
397 4267 494 4332 uluin
518 4267 641 4347 Gallia,
657 4266 706 4333 sed
728 4268 767 4332 ibi
791 4278 861 4336 non:
880 4265 999 4343 poliunt
1022 4284 1055 4327 u·
1093 4285 1124 4353 ra
1149 4282 1218 4341 quae
1239 4284 1308 4330 orta
1335 4279 1411 4330 anre
1429 4281 1566 4331 mortem
1587 4263 1761 4336 testatoris,
1782 4260 1884 4356 gregi,

282 4347 405 4413 niversa
427 4347 507 4412 bona
532 4350 628 4428 legari
653 4368 708 4413 aut
738 4347 983 4424 fideicommirti,
1005 4343 1055 4406 sed
1095 4351 1165 4409 lunt
1189 4359 1349 4425 aggregata
1363 4348 1442 4424 „vel
1465 4349 1501 4411 de
1522 4355 1608 4411 novo
1626 4359 1751 4420 erupta,
1767 4339 1801 4407 δε
1820 4360 1864 4405 er··

287 4430 501 4505 utplurimum
521 4428 601 4494 bona
619 4429 768 4505 mobilia,
785 4425 933 4501 bonasoli
957 4437 1057 4502 parta,
1093 4425 1162 4488 dem
1182 4430 1346 4505 aggregata
1367 4476 1376 4503 ,
1401 4426 1549 4491 debentur
1579 4425 1751 4500 legatario,
1776 4421 1865 4486 srcutl

286 4506 447 4584 &quinta
468 4529 536 4586 pare
557 4511 826 4587 patrimoniorum.
845 4506 905 4571 Ubi
924 4526 998 4569 vero
1014 4500 1056 4566 esl
1094 4504 1146 4581 ipsr
1163 4504 1359 4581 decrescunt,
1381 4505 1401 4568 l‘r
1422 4508 1526 4582 aliqua
1547 4515 1585 4569 ex
1609 4504 1654 4566 his
1676 4504 1869 4589 moriantur,

283 4589 314 4651 in
335 4586 388 4653 usu
407 4588 556 4652 detradlio
575 4587 741 4664 Falcidiae,
762 4589 827 4654 haec
842 4584 1057 4651 detralliosre·
1094 4603 1148 4649 aut
1170 4606 1186 4648 a
1214 4583 1364 4649 tellatote
1384 4589 1558 4650 vendantur
1580 4591 1607 4652 ἱ.
1632 4585 1748 4663 figrrx
1769 4583 1863 4664 instit.

286 4671 311 4732 'ri
332 4671 437 4746 nequit
457 4672 489 4730 in
507 4670 616 4747 legatis
637 4668 672 4731 ad
703 4672 765 4744 pias
785 4670 923 4744 causlas,
943 4664 1057 4729 scilicet
1093 4668 1129 4730 de
1151 4666 1237 4744 legat.
1258 4664 1288 4726 Si
1307 4661 1417 4731 fundus
1438 4673 1499 4730 erit
1517 4687 1562 4730 res
1584 4666 1703 4744 legata,
1722 4680 1795 4739 puta
1817 4665 1867 4722 νίὸ

282 4748 392 4813 relidlis
413 4749 555 4813 Ecclesiae
569 4778 577 4826 ς
593 4747 747 4826 Hospitall
761 4799 768 4819 ,
784 4748 934 4822 alterique
946 4749 995 4823 pio
1013 4746 1057 4808 lo*
1095 4767 1152 4810 nea
1169 4794 1176 4820 ,
1197 4746 1367 4823 olivetum,
1389 4744 1501 4810 srudlut
1515 4744 1699 4821 pendentes,
1721 4739 1791 4804 idell
1804 4758 1867 4803 non

287 4830 343 4894 eo‘.
363 4830 481 4908 Legata
504 4835 608 4895 omnia
633 4848 725 4906 pura,
752 4827 951 4892 &absoluta
982 4826 1057 4888 solvi
1094 4823 1210 4890 colledli
1231 4842 1369 4900 tempore
1392 4831 1501 4890 mortis
1521 4824 1692 4900 testatoris,
1709 4823 1869 4898 pertinent

290 4909 401 4974 debent
420 4930 459 4972 ex
479 4910 592 4975 iullitia
616 4910 653 4973 ab
674 4909 791 4974 haerede
807 4907 909 4972 statim
925 4904 1059 4983 polladi·
1096 4907 1133 4970 ad
1150 4906 1332 4982 legatarium
1352 4908 1464 4985 Lepi
1481 4906 1644 4984 pendentes
1660 4909 1705 4982 34.
1728 4898 1758 4961 ff.
1781 4897 1815 4960 de
1830 4918 1865 4958 a·

285 4988 716 5058 tanl'hae‘reditate'm..&eri
738 4991 796 5053 hoc
830 4989 992 5067 legatarius
1012 4990 1061 5051 ac·
1091 4986 1248 5068 [afraria.
1278 4984 1360 5048 Nam
1385 5006 1456 5050 cum
1483 4985 1646 5062 legatarius
1670 4981 1772 5044 statim
1803 4972 1867 5053 post

285 5072 380 5149 §utilit
396 5070 576 5149 denriniqm.
594 5069 683 5136 Unde
703 5065 1060 5140 siucerttortesiaruen-
1095 5073 1228 5133 mortem
1248 5062 1404 5131 testatoris
1422 5070 1560 5143 acquirat
1578 5067 1623 5131 lue
1644 5065 1723 5127 inre
1744 5060 1866 5206 leggia,
