4425 6000
460 509 1552 603 Tarne.prepararencrntttndcxv·
1662 517 1737 611 269

226 621 366 704 quamvis
387 622 519 691 alterum
543 622 580 688 de
600 621 651 687 sua
675 620 863 688 certitudine,
886 617 988 683 admo·
1021 615 1198 692 Antequam
1216 614 1388 683 eonrrrtlur
1415 619 1539 685 ineatur
1564 616 1789 697 pmmulpandae

224 705 358 783 nuislet,
376 703 411 770 ἃ
427 703 523 769 adhue
539 701 692 781 persrllere
715 697 857 774 uoluisset
876 702 908 784 ip
936 695 988 762 sua
1024 691 1095 759 sunt
1119 694 1199 775 leges
1216 716 1286 773 quae
1300 716 1369 775 pro
1391 695 1497 762 eodern
1518 695 1695 764 constitute
1718 698 1789 761 sunt
1853 753 1857 776 ,

226 787 399 866 opinione,
425 784 460 850 δι
487 780 694 851 controversae
711 830 728 861 ,
749 784 820 859 quia
851 777 900 844 bic
926 797 988 842 non
1025 775 1062 839 ad
1082 774 1140 840 boc
1160 792 1196 840 ut
1220 772 1479 864 quisquevidett
1503 797 1543 843 an
1567 776 1619 843 srbl
1640 777 1791 858 expediat

225 864 322 943 vult,
341 883 399 930 nee
420 865 554 930 intendit
569 865 703 941 donare,
726 874 780 927 aut
800 857 831 925 se
859 860 988 936 punire,
1025 854 1170 921 summam
1185 855 1357 934 requisitam
1376 856 1590 935 contribuereq
1612 849 1711 924 imosr
1731 858 1789 924 ali·
1846 932 1847 937 ἵ

222 937 278 1010 'sed
302 942 444 1024 spondere
466 963 505 1010 eo
529 944 610 1021 quod
630 958 720 1021 putet
748 960 823 1005 rem·
839 939 990 1003 incertam
1024 954 1084 1012 qua
1103 936 1204 1014 portio
1224 937 1262 1001 ad
1282 941 1345 1016 piar
1363 937 1498 1013 caussas.
1513 955 1550 1002 ut
1571 936 1703 1016 persaepe
1721 935 1788 1002 fieri

226 1023 291 1088 else
307 1071 317 1102 ,
331 1021 367 1091 dt
387 1022 521 1089 alterurn
542 1024 659 1101 decipi,
680 1022 801 1090 acideo
824 1021 990 1090 veritatem
1025 1014 1103 1081 loler
1119 1016 1294 1092 exponenda
1310 1014 1368 1097 stt,
1387 1018 1418 1082 id
1430 1039 1550 1096 quoque
1571 1016 1790 1098 fignificatide·

225 1103 331 1182 postea
358 1103 518 1182 diligenter
547 1104 703 1181 inquirit.
733 1099 824 1178 Quod
847 1096 868 1161 st
897 1100 946 1176 qui
972 1118 989 1162 a
1024 1094 1095 1159 ber.
1112 1113 1140 1175 ς.
1161 1093 1208 1162 Ut
1223 1096 1425 1164 htu'useemodi
1441 1097 1529 1163 sortis
1548 1096 1721 1165 contradlur
1741 1099 1791 1161 in·

225 1186 375 1264 principio
394 1201 514 1249 cerrum
534 1179 564 1247 se
582 1181 706 1249 tenebat
725 1180 762 1245 de
791 1182 923 1245 veritate
946 1180 989 1240 rei
1025 1174 1171 1240 stiruatur
1191 1176 1311 1253 publica
1331 1176 1532 1259 austoritate,
1554 1174 1788 1255 autsaltempu·

225 1273 319 1340 quam
346 1260 481 1327 sullinet·
501 1263 608 1328 vident
636 1263 767 1327 alterurn
791 1260 990 1337 pertinaciter
1024 1252 1104 1320 blico
1130 1254 1246 1321 assensn
1266 1305 1275 1335 ‚
1296 1262 1346 1335 qui
1371 1275 1458 1324 taxet
1473 1258 1655 1338 prudentum
1674 1257 1787 1322 iudicio

225 1341 381 1484 gersrstere
404 1344 436 1404 in
457 1339 714 1419 contradictione,
736 1343 862 1418 incipiat
886 1329 990 1405 sormi·
1025 1335 1095 1412 quid
1126 1331 1362 1416 conserendum,
1382 1337 1431 1403 seu
1459 1337 1712 1402 contribuendum
1732 1336 1787 1413 fir,

248 1442 328 1502 ate,
357 1442 392 1486 ae
420 1418 588 1501 dubitare,
615 1444 685 1487 cum
713 1420 884 1485 recordetur
916 1417 990 1486 alias
1025 1430 1060 1478 ut
1098 1414 1217 1480 meliori
1247 1419 1336 1482 modo
1365 1416 1490 1494 possibili
1522 1415 1660 1484 servetur
1687 1439 1788 1495 aequa·

225 1498 404 1581 contigisse,
425 1518 460 1566 ut
481 1504 512 1565 in
538 1504 717 1578 iis-eriam,
742 1520 811 1578 quae
831 1515 917 1563 certa
938 1496 988 1562 stbi
1026 1494 1095 1559 litas
1119 1499 1201 1560 iuret
1230 1497 1337 1561 datum
1358 1497 1393 1563 ἀ
1413 1497 1638 1576 accipiendum,
1666 1500 1790 1572 quando
1863 1515 1872 1538 ·

227 1579 427 1660 videbantur,
447 1580 590 1658 deceptus
607 1575 721 1657 fuerit,
739 1600 844 1645 omnes
862 1577 989 1643 consen·
1024 1573 1243 1641 extradionem
1271 1576 1337 1641 fieri
1365 1581 1525 1656 contingat
1544 1601 1554 1656 ·,
1577 1599 1646 1654 quae
1675 1579 1790 1655 pariter

227 1662 313 1726 tiunt
333 1657 413 1726 hunc
434 1659 515 1737 posse
532 1656 616 1727 lt'eite
631 1659 743 1725 luctari
760 1659 799 1724 ob
841 1658 990 1723 erieulum
1026 1651 1164 1718 sarienda
1184 1656 1228 1719 est
1247 1679 1317 1720 curn
1341 1656 1515 1723 adsrstentia
1535 1657 1661 1734 publicae
1686 1653 1790 1721 anelo-
1859 1687 1862 1693 ·

229 1739 308 1816 quod
331 1757 404 1805 tunc
425 1739 463 1807 ab
482 1759 519 1807 eo
540 1680 878 1821 connumerabo.
904 1758 989 1804 eom·
1025 1737 1144 1799 riraris.
1163 1735 1243 1800 Aliae
1263 1736 1558 1815 conditionemque
1574 1734 1644 1802 sunt
1664 1737 1790 1799 minorir
1891 1784 1895 1791 .

226 1822 379 1885 munitet.
1024 1817 1171 1922 momenti
1191 1816 1344 1883 habentur
1363 1821 1395 1882 in
1415 1818 1535 1883 Molina
1551 1813 1660 1894 disput.
1685 1832 1749 1894 509.

538 1975 670 2055 nm
1128 1973 1622 2043 ·cneurxu

439 2099 770 2185 ”²⁶⁰⁰''tsls0m'''
1162 2132 1653 2216 bertramnonatganns.

177 2206 450 2376 :tritinia
468 2218 862 2379 irretirentur
878 2227 988 2375 tua

177 2383 215 2439 li.
226 2375 344 2457 potest,
365 2398 398 2442 ae
416 2374 541 2456 proinde
554 2404 625 2447 cum
641 2402 705 2445 non
721 2379 758 2444 stt
780 2377 893 2455 semper
907 2374 987 2442 eius·
1029 2455 1032 2460 Δ
1059 2459 1062 2463 A

177 2453 295 2521 *den
313 2464 453 2536 natura,
474 2460 546 2525 hine
565 2462 671 2526 eadem
687 2464 811 2526 rarione
825 2457 988 2535 adaequate
1103 2450 1271 2537 lltbutum²
1290 2457 1325 2526 ἃ
1350 2458 1478 2541 vedllgal
1498 2461 1562 2525 late
1589 2480 1625 2525 ae
1644 2453 1794 2538 generali·

177 2605 182 2625 ‚
226 2541 342 2615 erponi
366 2542 470 2616 nequit
490 2587 497 2601 .
519 2540 681 2607 Perbritur
699 2542 780 2604 enim
797 2542 893 2617 primo
911 2558 986 2619 com
1122 2558 1171 2606 rer
1185 2536 1305 2617 sumpta
1325 2559 1422 2608 unum
1443 2540 1582 2615 idemque
1603 2538 1793 2620 significant,

226 2615 341 2682 aradius
364 2615 451 2684 sortis
468 2642 537 2685 curn
552 2642 599 2687 tes
615 2623 646 2684 in
662 2638 763 2699 partes
784 2622 884 2684 varias
906 2619 987 2681 divi·
1025 2638 1134 2698 nempe
1154 2618 1227 2684 illud
1247 2641 1337 2685 omne
1356 2623 1469 2699 quoda
1495 2626 1622 2698 privatis
1643 2617 1706 2683 srve
1726 2617 1794 2681 sub·

224 2692 310 2762 faex
327 2698 459 2773 plurium
475 2699 641 2778 consensu,
662 2704 810 2766 intereos
825 2697 921 2763 dividi
938 2698 987 2761 de·
1022 2700 1092 2764 ditis
1113 2694 1248 2764 solvitur
1270 2702 1370 2766 Princi
1392 2705 1402 2764 i
1418 2751 1427 2783 ‚
1456 2718 1510 2765 aut
1542 2698 1727 2778 Reipublicae
1756 2696 1795 2761 ad

221 2774 294 2854 bet,
316 2776 349 2843 dt
366 2779 435 2841 talis
455 2779 631 2869 contraditas
650 2781 709 2846 diti
735 2777 830 2858 potest
862 2775 925 2842 sorr
945 2778 989 2842 di·
1022 2780 1201 2845 communia
1215 2796 1309 2844 onera
1329 2778 1362 2846 su
1392 2779 1520 2848 nenda.
1547 2782 1576 2841 Si
1605 2798 1710 2843 tamen
1727 2776 1792 2841 llri·

225 2852 358 2935 visoria,
397 2862 427 2921 ni
447 2859 468 2922 st
486 2881 576 2937 putus
594 2861 653 2939 sir,
672 2857 705 2925 &
726 2860 868 2923 inimunlt
889 2858 928 2922 ab
955 2878 987 2922 o
1022 2858 1068 2924 tte
1084 2858 1119 2925 dt
1138 2862 1170 2923 in
1190 2853 1287 2934 specie
1302 2858 1574 2926 considerentur&
1591 2859 1791 2935 accipiantur,

223 2938 288 3001 mni
308 2932 355 3021 sta
398 2958 433 3015 e,
454 2937 487 3004 n
508 2935 728 3019 superstitione,
744 2937 989 3006 iurenat'ttiaeli·
1023 2937 1171 3006 tributum
1186 2934 1229 3003 est
1241 2941 1336 3022 pensio
1345 2938 1476 3019 subditis
1491 2940 1618 3020 imposta
1637 2939 1787 3028 tartare·
1835 2944 1933 3024 netp‘.
1985 2965 1992 2978 ·

222 3020 307 3081 citur
323 3007 382 3081 esi.
401 3019 545 3085 Videmus
561 3023 626 3095 iarn<
642 3025 673 3083 in
713 3018 904 3085 uotldianam
919 3038 988 3097 pra*
1022 3019 1127 3100 iusque
1140 3017 1325 3100 facultates,
1348 3019 1390 3087 (ff
1408 3019 1570 3102 praesertim
1584 3018 1700 3103 stabrlnt
1719 3015 1791 3106 bone
1806 3010 1918 3088 ²¹⁰T¹¹·

223 3095 417 3193 {iff‘d‘dscl
437 3096 490 3164 has
509 3097 668 3166 divisoritr
689 3044 783 3194 strete}
805 3100 986 3195 rumappli·
1020 3099 1176 3180 peaedialt‘a
1193 3098 1236 3163 ad
1268 3101 1415 3189 Principis
1447 3103 1624 3191 dignitatem
1672 3100 1795 3179 ιιβιιιειι·
1813 3090 1928 3203 νζὲῑμ,

221 3193 295 3242 atctr
310 3173 344 3242 ἀ
360 3178 489 3259 ιιιιιίῖὶε,
508 3187 576 3245 'rum
597 3201 615 3244 a
635 3177 817 3264 canoni-stu,
837 3176 872 3246 dt
898 3182 987 3247 theo·
1022 3181 1092 3246 dam
1112 3228 1122 3259 ‚
1142 3178 1183 3250 (ff
1200 3175 1316 3258 pullae
1340 3201 1510 3246 mutuante
1534 3200 1624 3247 onera
1657 3179 1765 3243 creada
1780 3198 1794 3257 ‚·
1808 3205 1855 3258 p„

184 3269 188 3277 ·
223 3248 301 3336 logis
325 3254 362 3329 ad
390 3260 624 3341 terminandae,
645 3258 708 3325 srve
735 3254 931 3326 declinandae
951 3259 988 3322 li·
1023 3259 1158 3340 vestigat
1192 3279 1270 3324 vero
1288 3257 1331 3325 est
1354 3264 1448 3347 perfia
1465 3260 1612 3341 [olm
1635 3276 1689 3342 pro
1712 3256 1795 3324 rebus

223 3345 291 3411 tes,
315 3334 352 3400 ad
371 3336 550 3427 dividendas
570 3340 784 3420 hereditates,
810 3337 846 3406 dt
865 3334 986 3419 spolia,
1023 3362 1088 3421 quae
1108 3341 1142 3404 ι’»
1158 3339 1448 3421 ciuitatem‚uel't't
1460 3340 1645 3422 marineium
1660 3336 1795 3419 inferun-

225 3416 263 3481 dd
279 3415 466 3483 decernenda
482 3422 605 3505 munia,
625 3421 658 3485 dt
677 3417 780 3485 officia
804 3419 985 3485 secularia.
1022 3421 1165 3500 tamve!
1178 3438 1231 3500 pro
1252 3421 1472 3502 transabiere
1490 3422 1633 3488 merdam
1675 3440 1708 3484 er
1723 3436 1795 3498 porr·

226 3502 255 3558 n.
274 3493 355 3559 Cum
376 3517 423 3563 res
450 3509 511 3565 non
537 3498 713 3579 dividitur,
742 3498 791 3563 sed
819 3497 897 3564 sot're
926 3518 989 3562 me·
1024 3515 1087 3579 tes,
1113 3501 1165 3566 nel
1182 3504 1324 3582 teenſstus
1354 3503 1505 3578 viam,
1530 3502 1630 3579 &og
1690 3497 1731 3563 lla
1749 3496 1796 3563 est

227 3578 334 3641 diant'e
356 3576 394 3641 'ad
413 3599 508 3641 unurn
524 3576 868 3656 pervenite‚debet,‚&
888 3577 986 3642 bieesl
1023 3581 1103 3644 idern
1141 3578 1225 3657 qnod
1261 3579 1387 3661 vestigal
1414 3583 1572 3655 speciatim
1607 3595 1793 3657 acceptum.

226 3648 334 3730 ludus,
354 3658 407 3727 'qui
429 3655 532 3719 italice
550 3655 662 3720 dicitur
683 3658 792 3719 Latro.
815 3657 852 3721 In
877 3657 990 3727 hoce-
1023 3659 1213 3735 Quandoque
1234 3675 1339 3725 tamen
1358 3657 1557 3728 mnitnditur
1576 3680 1647 3727 cren
1675 3656 1795 3724 tributo

225 3737 293 3799 'nim
314 3731 385 3797 ludo
408 3734 499 3797 'multi
530 3734 642 3811 aliquid
670 3733 856 3813 conserunt,
874 3753 911 3799 ur
938 3736 988 3798 de·
1024 3737 1211 3819 generaliter
1231 3758 1376 3816 accepto.

222 3806 396 3881 scribantur
412 3816 494 3876 in'rei
511 3812 597 3903 illoet
612 3817 663 3878 uni
680 3813 899 3904 v'elaliquibns
916 3834 988 3890 quo·
1063 3816 1508 3903 Tributorumsolurioobligat
1520 3819 1793 3893 inconscientiaert
1809 3828 1934 3884 Tribarer

220 3894 298 3967 bam
321 3890 474 3959 duntaxat
501 3891 651 3959 benebcio
675 3891 763 3960 sortis
787 3939 797 3972 ,
827 3897 877 3959 len
904 3892 988 3982 casus
1021 3894 1168 3974 Apollolo
1188 3900 1390 3975 quiaitRorn.
1411 3915 1458 3981 13.
1480 3903 1544 3968 ideo
1557 3895 1795 3984 nereffnattsnb-
1812 3895 1916 3972 ’Μ’

225 3973 406 4068 donlinqere
430 3973 519 4070 debet
538 4007 547 4053 ·‚
576 3980 612 4038 u't
640 3993 686 4040 ree
709 3969 808 4050 sorti,
829 3976 880 4043 l'eu
905 3975 988 4040 calui
1021 3977 1080 4043 diti
1097 3977 1184 4042 etate
1202 4000 1260 4068 ron
1272 3977 1369 4071 selum
1381 4000 1434 4062 pro
1453 3994 1498 4047 ter
1514 3983 1613 4058 irent,
1631 3978 1690 4071 [ed
1702 3978 1794 4045 etiam
1808 3956 1938 4075 ’,ῗωοζ

225 4050 385 4140 ‘commissa
406 4055 573 4124 adventat.
814 4118 818 4131 ‚
1017 4055 1368 4139 mnntomnnnm
1387 4059 1423 4126 id
1462 4035 1939 4151 mim&mhmpra·;0{}{nr.

1244 2303 1272 2365 t.
1315 2267 1573 2364 urricus.

266 4135 374 4201 Variae
388 4136 578 4223 conditiones
602 4142 782 4204 concurrere
804 4135 933 4216 debent,
952 4138 989 4201 u't
1013 4137 1120 4220 statis.
1148 4139 1278 4210 Reddite
1295 4160 1364 4220 ergo
1387 4140 1519 4207 omnbus
1533 4140 1659 4218 denta,·
1676 4160 1724 4204 cur
1739 4148 1869 4204 terina.

223 4211 431 4282 huiuscemodi
452 4217 515 4282 lore
533 4219 621 4282 licita
642 4219 803 4306 reddatur,
830 4238 858 4279 r.
880 4234 990 4294 nempe
1022 4215 1127 4282 butum
1157 4214 1320 4297 utinum,
1340 4220 1389 4286 crer'
1411 4222 1540 4305 oelit'gel
1558 4219 1702 4302 oent'gal.
1722 4216 1799 4283 Tri·

227 4313 262 4359 ut
286 4294 372 4360 nulla
395 4298 520 4366 omnino
544 4301 731 4362 interveniat
761 4308 859 4372 treus.
879 4295 929 4361 seu
952 4310 991 4359 ne
1023 4298 1132 4362 butum
1147 4295 1265 4374 obligat
1288 4301 1386 4363 etiarn
1406 4314 1479 4366 anre
1498 4300 1707 4377 mentonem,
1724 4313 1797 4365 cnm

224 4370 274 4439 i'ta
292 4370 392 4461 sotter
413 4373 631 4454 disponantur,
658 4395 693 4441 ur
715 4382 815 4454 potius
841 4375 928 4455 super
957 4396 993 4438 u·
1025 4397 1087 4439 non
1102 4378 1279 4454 imponatur
1300 4377 1395 4445 inllar
1415 4400 1534 4460 poenaeq
1553 4378 1602 4444 sed
1618 4391 1744 4459 petatur
1759 4397 1797 4444 nr

227 4473 322 4547 num,
340 4453 413 4520 idest
430 4455 632 4538 supertalem
650 4457 856 4523 determinate
870 4456 962 4521 cadat
983 4498 991 4514 .
1026 4455 1162 4520 debitum
1177 4456 1269 4521 civile
1290 4457 1375 4523 nulla
1397 4458 1612 4541 pmsuppofira
1627 4459 1735 4536 culpa;
1754 4457 1798 4522 id·

226 4550 257 4615 ¹2·
283 4532 538 4602 conrrnntones
571 4536 714 4601 taxanda
739 4534 809 4599 sunt
831 4557 901 4600 cnm
922 4555 992 4612 pro·
1027 4540 1110 4601 citro
1127 4535 1218 4613 longe
1237 4545 1342 4601 errant
1357 4555 1503 4619 putantes
1523 4541 1602 4621 leges
1618 4537 1799 4604 'tributarias

228 4614 372 4701 portione
392 4617 428 4679 ad
449 4617 608 4695 premium
626 4615 707 4697 quod
722 4620 834 4682 emitur
844 4632 907 4680 tarn
919 4634 993 4693 quo·
1028 4614 1088 4680 elle
1109 4635 1193 4680 mere
1213 4618 1365 4692 males.
1385 4622 1539 4699 Qamvir
1559 4621 1644 4683 enim
1666 4618 1716 4683 l'ex
1737 4630 1799 4696 qut

225 4693 268 4779 'nd
299 4700 458 4760 numerum
484 4695 773 4770 contribuendum,
801 4700 869 4762 tam
894 4693 995 4772 quoad
1029 4697 1162 4775 exigitur
1175 4694 1285 4760 multia
1301 4695 1339 4761 ab
1358 4703 1411 4779 iit,
1430 4704 1480 4777 qul
1502 4699 1661 4778 vectigalia
1678 4695 1801 4763 defrau·

224 4775 436 4867 quantitatem
452 4777 576 4855 luminae
589 4775 839 4843 contribuerunt.
858 4786 886 4857 3»
907 4769 994 4838 Utst
1030 4776 1125 4852 dant,
1147 4777 1276 4852 p'oenalir
1297 4777 1355 4850 stt,
1375 4796 1431 4846 nec
1448 4781 1566 4859 obliger
1588 4782 1622 4843 in
1646 4775 1801 4844 eonscien·

227 4857 426 4930 requirantur
449 4857 575 4921 ministri
596 4905 605 4935 ,
631 4855 809 4932 stipendium
834 4876 890 4931 pro
918 4851 996 4917 bisce
1032 4858 1076 4920 tia
1097 4871 1171 4918 anre
1191 4853 1402 4939 exustionem,
1421 4861 1451 4923 id
1472 4874 1576 4924 tamen
1602 4860 1662 4924 dici
1691 4859 1799 4933 nequit

223 4930 389 5003 acaunum
411 4937 462 5001 vel
481 4938 521 5007 ert
543 4958 643 5003 terum
664 4942 776 5014 praetio
796 4935 847 5001 vel
857 4956 897 4999 ex
917 4932 996 4996 sum·
1031 4936 1068 5000 de
1090 4936 1155 5013 lege
1182 4956 1243 5011 qua
1270 4937 1385 5004 tributa
1412 4944 1637 5014 imponuntur.
1669 4935 1803 5001 exactor

223 5012 286 5078 'rust
310 5014 571 5094 contribuentium
590 5016 678 5100 debet
703 5020 765 5083 else
784 5016 995 5096 proportiona-
1033 5029 1137 5079 autent
1163 5013 1351 5081 tributorum
1378 5025 1537 5084 renrittere
1560 5021 1666 5094 nequit
1684 5013 1819 5079 desum·

224 5094 317 5181 tum,
336 5096 514 5167 eorumdem
529 5097 646 5179 labori.
661 5097 695 5166 dt
714 5117 780 5167 non
802 5096 950 5175 anpliur·
963 5114 998 5169 ,4-
1035 5096 1135 5162 darori
1150 5093 1416 5179 tributoremipla
1437 5100 1571 5177 tributa,
1586 5097 1709 5239 quanda
1725 5095 1799 5158 mrrl.

599 5387 602 5394 ’
656 5376 719 5571 b
