4425 6000
579 501 830 588 Tanemois
860 513 1113 593 suacensis
1146 514 1374 588 aceresia
1401 515 1501 588 Cat.
1531 514 1562 589 1.
1724 531 1808 611 qap

298 613 442 680 damnum
462 608 686 693 effligiendum,
707 626 780 688 puta
796 612 818 673 si
837 610 878 675 ob
897 613 1059 675 immineri·
1095 612 1146 691 sa,
1167 614 1301 678 vendere
1318 611 1456 689 possunt,
1470 633 1541 679 cum
1560 614 1604 678 illi
1621 613 1683 678 siue
1699 614 1862 681 multoine'

297 711 364 760 tem
384 690 524 759 boslilem
544 688 697 755 incursum
716 738 725 766 ,
744 690 785 755 ob
804 695 880 755 aeris
910 694 1055 768 intempe
1093 693 1252 758 commodo
1272 694 1338 757 aliis
1358 692 1462 758 diebus
1481 695 1517 759 ad
1534 695 1638 760 urbem
1649 694 1856 760 accederent·

298 777 404 850 aiem,
431 771 503 835 idest
525 771 564 836 ob
594 774 761 848 proximam
783 773 919 847 pluviam
941 767 1060 836 soenum
1094 792 1227 848 queunt.
1251 773 1300 838 Sic
1326 770 1512 837 excusantur
1532 768 1771 850 barbitonsores,
1802 775 1863 850 qui·

298 851 351 916 vel
371 849 487 929 segetes
504 851 671 931 colligant,
696 850 814 933 velient
835 852 897 918 &u
919 852 952 915 ln
978 852 1058 915 bisce
1094 851 1210 916 sciente
1226 874 1282 918 nec
1298 870 1485 932 repugnante
1502 851 1647 931 Episcopo
1658 871 1757 919 artem
1772 850 1858 935 suain

299 947 404 994 tamen
425 928 539 994 casibus
565 947 668 1008 petere
693 930 804 995 deberit
829 932 866 997 ab
888 930 1060 1017 Episcopo,
1093 949 1239 998 exercent
1258 952 1330 1012 eiga
1354 931 1482 996 tullicos
1501 931 1535 999 ἀ
1558 933 1705 1009 opifices,
1721 934 1775 1009 qui
1796 933 1858 997 alia

296 1009 350 1074 vel
379 1009 516 1074 Parocho
535 1010 694 1075 licentiam
715 1007 877 1076 secundum
897 1013 1057 1076 consuetu·
1094 1014 1142 1077 die
1160 1031 1213 1077 eos
1229 1012 1313 1078 adire
1334 1032 1395 1076 nou
1411 1011 1535 1087 possunt
1552 1033 1609 1078 nec
1630 1013 1763 1089 ιιοΙιιιιι,Ι
1783 1011 1862 1076 allo*

297 1089 420 1162 dinem,
436 1086 560 1163 quaudo
584 1090 658 1154 adiri
687 1089 793 1166 posfit,
813 1112 852 1154 ne
877 1094 941 1168 qiiis
969 1094 1000 1152 in
1025 1112 1057 1156 re
1093 1094 1168 1171 quiri
1193 1089 1224 1155 se
1248 1093 1332 1156 suam
1355 1111 1393 1155 ue
1421 1088 1578 1158 familiam'
1597 1088 1763 1158 susientaie
1792 1108 1856 1154 noti

299 1185 366 1232 tam
380 1171 467 1243 gravi
482 1167 669 1247 decipiatur,
689 1168 724 1234 dr
745 1167 902 1235 necessitas
919 1169 967 1233 ubi
997 1190 1057 1235 ιιοιι
1095 1171 1263 1238 valerent.
1286 1113 1473 1235 Observatio·
1492 1170 1627 1248 sabbati,
1648 1173 1660 1248 (
1678 1174 1721 1236 ait
1737 1169 1767 1231 G
1814 1192 1855 1233 oii

298 1246 342 1309 est
361 1244 526 1326 effingitur
547 1299 555 1325 ,
574 1252 726 1327 precipue
749 1250 786 1314 ad
812 1250 985 1314 scandalum
1011 1254 1059 1313 vi·
1095 1254 1127 1314 in
1145 1252 1255 1330 regulis
1275 1251 1438 1315 moralibus
1459 1254 1472 1327 )
1495 1252 1594 1329 quoad
1618 1247 1774 1315 circiuulla
1813 1251 1856 1312 ias

295 1325 478 1403 tandum,si
501 1348 546 1390 res
568 1329 686 1404 publice
713 1328 795 1393 fiat.
820 1327 956 1392 Tametsi
982 1351 1059 1395 veto
1095 1335 1261 1407 temporis,
1281 1330 1413 1395 modi&
1437 1331 1494 1395 luci
1519 1351 1575 1408 pro
1603 1334 1736 1396 maxima
1767 1346 1856 1407 parte

296 1425 316 1470 a
343 1404 450 1469 multis
472 1405 657 1472 excusentur
683 1409 840 1486 sartores,
874 1414 926 1486 qui
961 1407 1058 1474 uelles
1095 1411 1199 1475 relidla
1214 1410 1256 1474 est
1272 1411 1524 1475 determinationi
1545 1410 1768 1485 Praelatorum,
1788 1424 1860 1484 quae·

296 1505 372 1561 quas
385 1481 488 1559 elapsis
504 1487 606 1550 diebus
625 1487 775 1563 complere
795 1511 856 1553 uon
873 1506 1039 1565 potuerunt
1049 1537 1059 1567 ,
1093 1487 1285 1570 cognoscitur
1302 1509 1369 1556 tum
1383 1508 1422 1554 ex
1437 1508 1546 1553 eorum
1557 1488 1724 1567 institutis,
1740 1506 1856 1552 rumex

250 1611 261 1638 ,
288 1562 456 1641 perficiunt
476 1565 525 1628 die
542 1564 633 1644 sesto,
653 1567 722 1630 dum
745 1589 850 1632 earum
875 1570 943 1633 ulus
972 1587 1057 1649 urget
1094 1566 1366 1636 consuetudinibus
1380 1587 1432 1645 pet
1446 1567 1569 1633 eosdeiii
1585 1571 1724 1648 legitime·
1741 1568 1859 1633 tolera-

293 1640 333 1706 ob
358 1646 557 1734 exequiarum
575 1692 586 1725 ,
611 1664 665 1710 aut
695 1654 870 1724 nuptiarum
897 1648 1060 1716 celebrita·
1095 1655 1152 1716 tis.
1174 1647 1855 1725 ltidueentluveninus,loan.l'onias,1⁷.

293 1737 392 1799 tem,·
424 1723 634 1797 indubitanter
655 1743 759 1791 tamen
790 1745 937 1807 peccant,
956 1728 998 1808 si,
1021 1746 1057 1794 ut
1093 1734 1232 1796 Antoine
1259 1729 1384 1796 brasii.
1406 1722 1729 1794 ltemtituliseisdem
1756 1729 1854 1790 intei-

294 1820 357 1866 non
375 1823 446 1866 raro
460 1807 632 1882 contingit,
657 1804 709 1870 sua
725 1807 812 1884 culpa
833 1812 865 1871 ιιι
889 1810 982 1873 talem
1007 1830 1058 1873 ne·
1094 1808 1292 1875 venientibus
1306 1805 1509 1885 necessitatis,
1530 1825 1585 1871 aut
1602 1805 1857 1883 consuetudinis,-

293 1879 468 1947 ceisitatem
488 1884 670 1950 inciderint.
687 1889 889 1966 P.·Antoine,
910 1886 1055 1953 Reinseli.
1092 1890 1365 1966 docentBassaeus,
1381 1887 1493 1952 Bonac.
1511 1887 1681 1965 Rodriguez
1697 1887 1789 1949 licere
1804 1883 1853 1947 die
1935 1904 1941 1913 ·

292 1981 363 2024 cum
390 1962 486 2026 aliis.
517 1964 567 2027 Ob
594 1966 687 2029 talem
715 1969 842 2031 titulum
869 1966 1057 2034 neceffitatis
1094 1969 1171 2035 fello
1195 1971 1309 2034 trusere
1330 1972 1486 2043 triticum,
1504 1965 1623 2042 quaudo
1650 1961 1859 2029 molendinum

292 2042 384 2107 iuxta
399 2042 518 2118 aliquos
538 2041 604 2106 fieri
624 2045 763 2123 possunt,
781 2047 816 2112 ἀ
841 2052 949 2124 exequi
982 2049 1058 2111 iudi-
1094 2055 1231 2129 agitatur
1250 2069 1347 2126 aqua,
1370 2063 1425 2111 aur
1451 2063 1570 2121 vento,
1593 2049 1664 2121 quia
1691 2062 1765 2109 tuuc
1790 2063 1852 2109 non

293 2123 343 2183 cia
364 2116 493 2185 forensia
510 2126 659 2200 praecipue
677 2128 711 2186 iii
723 2127 947 2205 criminalibus,
963 2148 1057 2204 quan·
1093 2131 1265 2194 intervenit
1289 2129 1391 2206 gravis
1408 2123 1511 2203 labor,
1535 2122 1646 2190 seclusi
1668 2139 1771 2189 tamen
1801 2142 1858 2210 ner

294 2199 335 2261 do
351 2202 497 2264 timeatur
515 2202 595 2277 quod
614 2199 764 2269 sententia
789 2207 884 2271 dilata
911 2227 973 2270 uon
995 2228 1058 2272 aui·
1093 2207 1247 2285 cessitate,
1263 2206 1390 2283 quaeest
1408 2208 1574 2282 praecipue,
1589 2205 1710 2281 quando
1725 2203 1798 2268 ralis
1817 2201 1856 2265 lit

293 2276 373 2354 plius
393 2284 503 2355 exequi
520 2279 627 2357 possit,
644 2283 695 2346 vel
712 2289 784 2359 quia
799 2288 836 2350 ad
853 2286 984 2349 aliorum
994 2307 1058 2353 ter·
1092 2284 1254 2353 concursus
1274 2333 1286 2363 ,
1313 2304 1348 2349 ut
1374 2285 1478 2348 diebus
1505 2281 1622 2347 seriatis
1644 2281 1783 2347 satisfieri
1804 2301 1860 2344 nee

291 2374 393 2419 rorem
410 2378 486 2436 opus
507 2357 565 2437 sit,
579 2377 614 2424 ut
630 2381 703 2427 teus
716 2362 780 2430 siue
795 2366 931 2442 processu·
955 2367 1057 2430 llarim
1093 2385 1207 2445 queat,¹
1226 2384 1281 2431 aut
1297 2365 1405 2442 speculi
1428 2363 1555 2428 alicuius
1580 2364 1640 2428 loci
1661 2360 1857 2433 consuetudi·

289 2437 537 2527 acappiebensui
559 2439 602 2502 esi
624 2446 658 2503 in
671 2442 798 2523 desidio,
814 2443 916 2510 statim
938 2442 1056 2521 suspen·
1094 2469 1150 2524 ne,
1173 2449 1234 2511 boc-
1249 2465 1315 2508 non
1335 2444 1377 2508 esi
1399 2437 1502 2522 passim
1524 2441 1766 2519 admittendum,
1788 2457 1864 2505 tum·

291 2517 407 2593 datur,
427 2521 514 2583 ursit
532 2523 563 2581 iii
579 2519 700 2585 celliis.
725 2524 805 2590 ltem
825 2527 916 2600 recipi
934 2525 1058 2590 iudicia·
1092 2530 1162 2604 quia
1179 2523 1351 2600 scandalum
1369 2526 1469 2600 parit,
1487 2539 1556 2587 tuni
1572 2524 1645 2599 quia
1660 2524 1694 2585 ιιι
1707 2518 1856 2586 molendi·

293 2592 325 2657 le
344 2599 577 2675 iuramentum,
598 2599 632 2664 ἃ
655 2606 751 2667 etiam
767 2605 999 2669 extiaiudiciile
1020 2603 1060 2669 ad
1093 2611 1140 2670 iiis
1161 2606 1269 2684 aliquis
1286 2604 1372 2668 labor
1387 2600 1472 2667 simul
1490 2604 1684 2667 intervenit.¹
1817 2679 1819 2683 Ι

294 2675 482 2739 contrabium
507 2678 712 2759 firmandum,
738 2684 772 2749 dr
796 2684 852 2747 lioc
873 2682 938 2747 lieri
961 2684 1057 2763 potest
1133 2686 1266 2753 Excusat
1288 2686 1410 2750 tandem
1431 2682 1565 2764 legitima
1586 2678 1768 2757 dispensatio
1797 2681 1853 2744 Pa·
1883 2680 1998 2758 accusat

295 2775 357 2848 non
377 2753 477 2850 solum
495 2759 534 2821 ob
550 2779 722 2851 'urgentem
750 2760 960 2828 necessitarem
979 2813 987 2840 ‚
1007 2763 1055 2828 sed
1094 2789 1140 2842 pae
1163 2766 1213 2829 vel
1233 2760 1389 2845 Episcopi,
1405 2759 1714 2854 ueletiampirochi
1732 2779 1855 2848 excori-
1876 2759 1989 2859 Affiw

295 2851 392 2898 etiam
408 2835 429 2896 si
447 2854 490 2901 ita
507 2856 611 2915 exigat
632 2848 733 2918 gravis
758 2844 875 2922 utilitas
894 2891 901 2918 ,
930 2844 981 2906 vel
1010 2847 1058 2920 pia
1093 2845 1255 2910 suetudine
1274 2843 1314 2909 ob
1334 2859 1481 2921 graveria,
1497 2840 1548 2904 vel
1575 2838 1683 2904 iussam
1705 2839 1856 2923 caussam,
1905 2871 1953 2921 p„⁴

295 2914 436 2988 quaedam
455 2922 657 2999 caeremonia,
675 2940 729 2986 aut
748 2923 817 2986 fidei
837 2919 991 3001 professio.
1007 2925 1056 2988 Sic
1093 2925 1214 3004 qiraudo
1233 2945 1296 2987 ιιοιι
1316 2923 1411 2985 datur
1427 2919 1857 2996 sacilis'accessus-adsspilco-
1874 2947 1951 2986 tum·-

297 2992 503 3059 Touriieleius
517 2996 552 3063 dc
574 2999 626 3063 alii
639 3042 650 3060 .·
782 3040 789 3048 -
1094 3029 1182 3084 pium
1203 3026 1291 3082 quam
1311 2998 1562 3079 dispensationem
1576 2995 1718 3064 conserte·
1733 2999 1859 3076 possunt

241 3116 292 3154 m,
334 3071 535 3140 Consuetudo·
552 3083 668 3154 pariter
688 3081 824 3155 permissa
846 3082 882 3147 ab
904 3081 1056 3165 Episcopis
1092 3094 1191 3150 etiam
1204 3082 1306 3147 diebus
1328 3083 1520 3157 Dominicis,
1541 3079 1618 3143 licet
1637 3078 1667 3142 bi
1689 3082 1754 3143 iure
1773 3077 1859 3141 dlvi·-

243 3182 259 3215 ο
296 3152 508 3220 scientibus&
529 3160 730 3226 tolerantibus
746 3161 810 3226 sive
829 3165 974 3243 generalis
994 3164 1058 3229 sive
1093 3186 1135 3229 iio
1154 3163 1212 3229 sint
1233 3161 1320 3241 felli,
1340 3164 1413 3239 quia
1434 3180 1452 3225 a
1474 3160 1613 3238 supremo
1627 3161 1734 3222 divino
1754 3156 1854 3223 audio·

241 3244 261 3278 ³¹
294 3230 431 3311 spetialis
452 3236 588 3302 locorum
608 3240 752 3306 excusare
774 3245 860 3307 valet
880 3292 888 3320 ,
909 3245 988 3307 uude
1010 3248 1056 3312 iii·
1093 3266 1125 3309 re
1146 3243 1302 3309 sabbatum
1325 3243 1430 3307 datum
1449 3239 1492 3303 esi
1513 3240 1647 3318 bomini,
1669 3258 1730 3303 non
1761 3238 1858 3302 homo

241 3307 277 3410 ff,
294 3314 451 3393 culpabilis
471 3315 514 3379 esi
545 3325 671 3385 venatio
697 3320 730 3386 dt
749 3320 875 3397 piscatio
900 3325 1056 3387 moderata
1093 3325 1214 3389 subbato
1235 3347 1243 3386 :
1267 3325 1342 3386 alias
1362 3320 1383 3383 ii
1408 3317 1547 3384 Eccleliae
1566 3320 1688 3383 Piaeliti
1706 3338 1767 3409 non
1789 3316 1855 3394 pos·

292 3397 494 3459 recreationis
508 3400 611 3462 caussa
626 3419 716 3465 extra
738 3403 840 3466 divina
862 3403 994 3466 Officia,
1008 3405 1056 3467 Sic
1093 3404 1158 3470 sent
1179 3402 1350 3481 dispensate·
1374 3399 1460 3475 supet
1483 3419 1576 3477 opera
1596 3399 1717 3463 servilia
1748 3421 1779 3460 ιιι
1803 3399 1853 3460 die

293 3471 423 3538 Pistores
444 3520 457 3551 ,.
475 3480 666 3543 minutarum
690 3486 836 3545 tiierciiim
857 3484 1056 3560 venditores,
1093 3487 1273 3562 Douiuico,
1292 3481 1369 3546 iusta
1391 3496 1496 3543 tamen
1520 3483 1749 3544 interveniente
1768 3481 1853 3543 caus«

292 3556 406 3630 aliique
430 3553 532 3618 diebus
554 3553 633 3621 sellis
647 3607 657 3633 ,
673 3580 724 3623 eas
752 3563 888 3624 vendere·
904 3563 1055 3639 pollunt,·
1092 3564 1146 3642 sa,
1168 3585 1230 3626 non
1256 3561 1414 3625 excusaret
1436 3580 1474 3622 ne
1498 3560 1620 3635 quidem
1635 3556 1856 3635 consuetudo,

290 3637 323 3695 in
339 3653 401 3709 quo
421 3650 526 3696 tamen
543 3637 706 3721 videndum
722 3639 764 3701 est
785 3662 824 3705 ati
841 3640 875 3704 dt
897 3641 988 3718 quale
1008 3645 1056 3701 iu-
1091 3665 1151 3720 qua
1168 3642 1318 3719 permulta
1339 3637 1461 3703 servilia
1478 3638 1583 3715 absque
1599 3658 1637 3701 eo
1655 3638 1741 3714 quod
1757 3638 1850 3714 culpa

291 3712 490 3779 commodum
511 3714 619 3790 paliuri
641 3715 718 3793 lint,
742 3720 790 3782 vel
808 3721 875 3781 aliis
900 3719 1056 3796 produsiu·
1092 3724 1154 3786 ulla
1175 3725 1375 3801 imputetur,
1398 3718 1474 3784 licet
1499 3736 1588 3781 aete
1614 3715 1692 3780 bisce
1720 3715 1847 3779 diebus.

292 3796 348 3872 ri,
376 3790 397 3852 si
429 3792 466 3855 ab
491 3796 641 3857 exercitio
672 3800 734 3861 suae
757 3801 832 3862 artis
859 3798 1053 3863 ablli'neant:
1092 3802 1132 3866 Er
1151 3802 1288 3877 equidem
1316 3798 1404 3863 sicuti
1429 3802 1490 3862 alia
1511 3738 1602 3873 sella,
1621 3798 1702 3858 diem
1729 3814 1849 3871 quoque

292 3869 398 3936 namsi
415 3867 444 3935 se
460 3871 636 3938 abstinendo
651 3894 773 3940 rantum
786 3879 887 3943 damni
902 3878 1056 3960 sentiant,
1077 3884 1282 3954 ‚Dominicum
1303 3874 1445 3943 festivum
1467 3876 1605 3940 inslituit·
1631 3873 1761 3940 Ecclesia
1787 3895 1853 3938 non·

292 3969 330 4015 ut
349 3948 376 4015 se
397 3948 526 4027 suosque
542 3952 711 4020 sustentare
733 3975 905 4037 nequeant,
925 3961 987 4027 sine
1003 3959 1057 4024 du·
1090 3961 1213 4039 piaecil'e
1229 3977 1264 4025 ut
1282 3960 1361 4022 bunc
1375 3958 1457 4023 diem
1471 3956 1596 4021 sabbato
1610 3953 1800 4020 substitueret
1817 3959 1851 4017 in·

292 4033 346 4119 bio
368 4030 507 4097 laborare
524 4036 663 4107 poliunt.
687 4035 767 4101 Item
783 4036 805 4100 si
822 4056 861 4101 ex
881 4039 981 4107 labore
990 4062 1056 4118 pto-
1076 4045 1268 4105 ¹memoriam
1284 4037 1520 4104 Reinrieuionu
1542 4037 1684 4111 Domini,
1704 4032 1752 4098 sed
1773 4054 1851 4111 pras·

293 4110 358 4175 lessi
384 4117 528 4200 temporis
554 4134 676 4199 tantum
708 4120 864 4181 lucrentur
885 4138 920 4182 ut
946 4127 983 4187 ad
1008 4124 1053 4184 vi·
1090 4124 1193 4186 sertim
1208 4140 1247 4183 ne
1264 4114 1422 4183 Iudaicum
1432 4137 1546 4182 nioiem
1565 4114 1728 4179 Christiani
1748 4110 1852 4192 seque·

289 4190 371 4254 dium
390 4193 539 4281 sufficiat,
561 4196 609 4257 led
630 4216 723 4276 grave
743 4197 968 4264 incommodum
989 4202 1054 4264 aliis
1090 4220 1216 4278 rentur,
1235 4203 1284 4276 qui
1306 4217 1342 4265 ut
1357 4196 1572 4263 caeremoniale
1604 4196 1765 4279 abrogatus
1788 4193 1856 4270 est,-

289 4275 500 4361 paritiirilint
517 4295 580 4339 nou
595 4277 799 4357 elaborando,
821 4281 1055 4354 reprehendide·
1090 4285 1222 4359 ideoque·
1237 4280 1335 4345 multa
1351 4276 1528 4341 Christianis
1550 4273 1687 4352 permissa
1709 4275 1779 4337 lunt
1800 4273 1856 4338 die·

289 4350 439 4417 berit-nisi
454 4351 593 4418 laborent
610 4376 665 4420 aut
683 4358 842 4423 vendant:
861 4377 931 4423 nam
955 4366 986 4423 iii
999 4361 1054 4425 tali
1090 4363 1251 4425 Dnrninico
1264 4400 1277 4437 ,·
1300 4379 1367 4436 quie
1399 4358 1507 4422 ludaeis
1535 4353 1661 4418 sabbato
1692 4352 1854 4419 interdiila

290 4432 362 4494 casu
380 4424 465 4496 valet
488 4432 524 4495 ad
548 4454 602 4498 eos
616 4434 800 4502 excusandos
822 4457 883 4503 non
900 4439 996 4505 solum
1017 4445 1055 4503 ti·
1089 4458 1201 4506 eraut:
1218 4438 1253 4503 ἀ
1272 4460 1342 4502 cum
1360 4436 1492 4501 Ecclesia
1511 4433 1662 4512 potestate
1689 4454 1707 4497 a
1732 4432 1858 4499 chrisio·

291 4512 375 4575 tulus
397 4511 604 4594 necessitatis,
625 4514 645 4576 li
666 4537 727 4579 non
745 4516 822 4594 siiae,
845 4519 973 4585 aliorum
996 4516 1064 4597 sal-,
1090 4522 1140 4586 sibi
1159 4521 1275 4583 donata
1289 4540 1326 4583 ex
1350 4517 1458 4582 licandi
1476 4513 1565 4594 ipsius
1587 4526 1737 4590 praecepta
1757 4513 1853 4579 &na-

290 4608 375 4669 tem»
396 4591 556 4656 sedetiam
571 4592 775 4675 consuetudo,
798 4603 877 4663 circa
901 4621 952 4665 eas
976 4618 1058 4664 mer·
1091 4622 1169 4667 turae
1194 4598 1304 4674 aliquid
1325 4540 1469 4663 seruerit
1486 4600 1568 4662 circa
1583 4612 1686 4687 ..⁰Ps‘s
1706 4593 1826 4687 seruilia
1844 4636 1857 4668 ,-

289 4690 363 4750 ces,
380 4672 486 4747 quibus
507 4675 684 4750 providetur
700 4679 897 4743 incommodis
913 4698 1055 4758 tumpio-
1091 4681 1165 4744 idcll
1184 4681 1317 4743 circaea
1334 4677 1471 4752 aqiiibus
1491 4677 1539 4738 die
1559 4672 1859 4750 Dominicoitliisque

288 4754 361 4830 priis
378 4758 573 4827 operantium
589 4778 679 4833 quam
700 4758 848 4835 aliorum,
868 4760 980 4839 quibus*
1000 4782 1054 4825 iio·
1091 4758 1170 4825 sellis
1190 4777 1257 4835 quie
1279 4755 1341 4834 ipsa
1364 4756 1498 4820 Ecclesia
1527 4753 1659 4819 instituit
1679 4802 1688 4830 ,
1707 4750 1862 4817 abstinere·

288 4851 373 4896 cerct
400 4830 586 4900 abstinentia
613 4856 629 4900 a
654 4838 709 4903 tasi
741 4843 946 4919 operatione3
976 4843 1055 4904 unde
1089 4842 1201 4904 debent
1223 4836 1326 4902 side'lei
1337 4858 1352 4899 .··
1370 4836 1444 4901 hinc·
1455 4834 1494 4900 fit
1511 4835 1589 4911 quod
1608 4838 1688 4899 circa
1699 4833 1862 4908 taliaopee

289 4912 415 4976 urbium·
430 4934 634 4994 mercatores,
658 4914 773 4981 rusticis
799 4920 944 4996 calceos,
966 4919 1056 4984 velii-
1091 4942 1125 4984 ra
1147 4919 1267 4983 servilia
1280 4966 1290 4996 ,
1304 4937 1373 4994 quae
1391 4912 1598 4982 Ecclesiastico
1622 4917 1689 4978 iure
1716 4910 1784 4974 sunt
1805 4930 1864 4973 νε·-

289 5009 417 5072 menta,
439 4994 557 5070 aliique
574 4994 695 5059 liuiusee
717 5001 851 5077 generis,
872 5000 961 5063 modo
981 4998 1055 5064 absit
1092 5003 1174 5076 rita,
1207 4998 1266 5061 liet
1283 5002 1314 5060 in
1334 4995 1474 5079 Ecclesiae
1506 4995 1658 5070 poteliite
1678 4992 1712 5056 dr
1745 4986 1859 5068 dispen-

291 5070 488 5153 scandalum,
504 5074 537 5139 δι
553 5098 622 5140 cum
637 5073 758 5142 officina
776 5075 885 5144 saliem
901 5078 1057 5145 semiclau·
1093 5077 1179 5146 sandi
1195 5096 1238 5142 ex
1254 5076 1336 5144 iulis
1354 5074 1481 5156 caussa,-
1494 5074 1528 5140 &
1549 5071 1746 5212 permittenclli
1768 5088 1866 5135 actur

1731 5169 1823 5216 etan--
