4425 6000
442 513 511 565 ιη
695 481 1702 565 Tanemnelurusrrrra&occuli

389 590 475 668 nriud
495 581 629 664 expensis
649 606 658 662 ;
682 587 752 659 quia
775 582 975 661 depositarius
991 599 1031 648 ex
1051 584 1157 650 favore
1199 582 1337 647 ciendam
1357 633 1364 660 ,
1390 581 1439 648 sed
1456 583 1551 651 solum
1569 590 1605 654 ad
1622 588 1795 656 scandalum
1820 611 1959 671 reparan-

389 670 515 733 donrino
535 667 580 731 rei
608 664 744 745 praellito
768 663 914 730 damnum
936 666 1001 743 pati
1028 666 1158 729 nonde·
1195 663 1267 727 dum
1285 664 1449 730 indicando
1465 665 1496 730 se
1512 672 1575 731 iam
1592 669 1772 737 restituisse.

389 750 459 815 bet.
1233 744 1429 821 Quicumque
1454 746 1572 812 debitor
1592 748 1655 813 sive
1680 772 1720 815 ex
1750 748 1862 817 delidio
1879 802 1890 831 ‚
1908 749 1958 822 seu

410 829 564 905 ¹Quando
595 826 747 890 rellitutio
775 822 916 890 facienda
948 822 987 888 stt
1010 823 1157 890 debitoris
1194 822 1306 886 iniusta
1327 828 1521 904 acceptione,
1540 826 1709 895 fiveexre
1731 849 1877 911 accepta,
1896 830 1959 902 sive

391 912 544 973 onereita
561 906 629 969 fieri
660 904 747 969 debet
779 925 813 970 ut
841 904 1029 970 sufficienter
1057 910 1157 982 provi·
1193 924 1232 966 cx
1252 904 1411 968 contraslu
1432 926 1495 970 tem
1515 906 1650 973 debitam
1673 908 1884 987 transmittens
1908 933 1959 991 per

391 990 471 1052 derit
489 986 525 1053 ad
555 988 613 1051 hoc
634 1003 670 1050 ut
698 1005 743 1050 res
765 986 800 1047 ad
818 1005 924 1049 manus
941 984 1059 1049 domini
1092 1005 1158 1066 per·
1193 984 1363 1061 delegatam
1384 984 1539 1060 personam
1555 1010 1573 1051 a
1591 992 1746 1055 creditore
1762 989 1959 1069 deffignatan'r

392 1072 514 1133 veniat.
542 1070 591 1131 Sic
611 1066 832 1131 communiter.
858 1065 941 1130 Nam
961 1085 1157 1141 quocumque
1192 1066 1339 1127 eximitur
1359 1063 1396 1126 ab
1412 1084 1505 1129 onere
1525 1087 1616 1132 novae
1637 1067 1686 1134 scu
1708 1071 1867 1135 ulterioris
1883 1070 1960 1136 solu'·

391 1149 482 1212 modo
509 1166 556 1211 res
579 1145 615 1210 ad
646 1147 801 1209 dominum
827 1146 991 1220 perveniat
1012 1193 1020 1222 ,
1046 1143 1156 1209 satisfit
1194 1145 1311 1217 tionis,
1332 1140 1453 1208 srforte
1473 1145 1527 1210 illa
1548 1150 1643 1213 tertia
1664 1147 1789 1227 persona
1810 1148 1959 1229 dessigna-

391 1229 495 1293 debito
511 1228 712 1293 restitutionis
733 1225 792 1302 ,dc
813 1225 939 1290 iustitiae
960 1227 1158 1288 commutati·
1193 1241 1225 1287 ta
1248 1243 1312 1284 rem
1337 1243 1399 1286 non
1424 1224 1608 1304 restituerit,
1625 1225 1674 1292 sed
1699 1232 1782 1294 sorte
1811 1234 1958 1308 perierit.

392 1330 442 1373 vae
471 1330 538 1385 quoe
555 1305 763 1384 equalitatem
783 1307 882 1381 vult,
910 1328 945 1369 ac
965 1301 1158 1383 praescribit,
1191 1303 1240 1365 Sic
1266 1306 1493 1367 communiter:
1524 1304 1558 1371 dt
1585 1311 1667 1373 tatio
1697 1307 1740 1373 est
1767 1307 1958 1386 manifesta,

391 1409 499 1466 nempe
521 1406 555 1452 ut
587 1384 862 1450 tantumdominus
894 1384 1033 1459 habeat,
1061 1404 1159 1460 quan·
1193 1385 1266 1457 quia
1283 1401 1330 1444 tes
1351 1384 1383 1445 in
1404 1385 1459 1447 tali
1476 1384 1547 1449 casu
1563 1406 1624 1449 non
1646 1387 1959 1467 petit·debitoti,sed

393 1489 460 1533 tum
481 1490 518 1529 cx
542 1470 605 1530 iure
623 1466 734 1530 habere
750 1464 861 1541 debet,
882 1466 957 1527 nihil
976 1463 1109 1528 reserens
1120 1483 1158 1527 an
1191 1461 1364 1539 creditori,
1385 1466 1417 1525 in
1432 1484 1520 1540 quem
1539 1463 1658 1530 debitor
1676 1488 1715 1531 eo
1733 1468 1885 1545 ipsoquod
1897 1482 1961 1540 rem

391 1570 444 1628 per
464 1547 513 1626 le,
530 1547 579 1611 vel
600 1567 652 1622 per
674 1545 767 1608 alium
777 1544 833 1609 hot
842 1545 960 1609 debitor
987 1563 1158 1620 exequatur
1193 1539 1327 1606 debitam
1348 1542 1481 1620 personae
1502 1544 1597 1610 mislae
1613 1543 1663 1610 seu
1682 1548 1831 1625 delegatae
1851 1548 1959 1613 acre.»

391 1633 479 1692 iuxta
500 1626 758 1704 regulamiurisin
775 1628 803 1686 6.
826 1625 888 1704 Qui
896 1624 969 1695 satit
990 1623 1157 1704 paralium,
1192 1623 1294 1686 ditore
1313 1623 1459 1700 tradidit,
1479 1624 1839 1692 dominiumeiusdemrei
1860 1643 1960 1693 trans

389 1708 512 1787 perinde
531 1708 587 1786 cst,
604 1728 638 1769 ac
653 1704 786 1785 fifaciat
803 1723 855 1783 per
869 1704 903 1783 se
919 1705 1030 1784 ipsum.
1194 1701 1268 1765 tulit
1288 1704 1321 1762 in
1342 1701 1559 1792 Creditorem,
1587 1728 1648 1770 non
1672 1703 1756 1771 secus
1786 1729 1822 1772 ac
1843 1703 1865 1769 st
1889 1727 1960 1776 eam

430 1787 549 1853 Solutio
564 1786 670 1863 census
688 1786 776 1848 realis
795 1834 803 1861 ,
825 1807 894 1849 cum
910 1783 1045 1848 facienda
1057 1782 1159 1847 videa·
1194 1784 1224 1843 in
1245 1800 1340 1868 manu
1362 1784 1451 1867 ipsius
1472 1782 1629 1848 creditoris
1662 1787 1835 1851 tradidisset
1859 1808 1962 1865 ,cum

391 1887 445 1934 tur
466 1870 497 1929 in
516 1866 584 1929 loco
600 1864 650 1928 ubi
673 1863 741 1928 lunt
757 1865 835 1929 bona
852 1862 966 1950 slabilia
988 1863 1076 1941 super
1094 1865 1158 1939 qui·
1194 1861 1316 1938 persona
1337 1861 1446 1938 milla,
1469 1862 1518 1926 seu
1534 1863 1671 1942 delegata
1693 1868 1834 1931 eumdem
1861 1866 1957 1931 credi·

391 1948 446 2011 bus
467 1943 612 2010 fundatus
636 1942 706 2019 csl;
732 1944 803 2009 dum
825 1943 932 2009 census
959 1942 999 2006 esl
1020 1942 1158 2019 quaedam
1194 1959 1292 2005 torem
1305 1938 1521 2019 repraesentet,
1542 1945 1958 2024 eidenqtrecrediroriaequt·

390 2029 497 2105 portio
513 2023 662 2111 fruslounr
680 2024 760 2088 illius
788 2020 891 2099 sundi;
914 2024 983 2087 hinc
1013 2021 1033 2085 st
1058 2024 1157 2086 domi·
1193 2021 1317 2085 valeat.
1341 2019 1597 2098 Idemquedieito
1627 2030 1657 2086 in
1677 2024 1745 2089 casu
1766 2047 1826 2101 quo
1853 2026 1957 2092 Credi·

391 2128 449 2170 nus
471 2110 518 2170 cui
536 2103 640 2168 tensus
661 2101 824 2168 solvendus
848 2103 892 2169 ell
921 2101 1024 2167 absens
1052 2103 1126 2167 esset
1149 2151 1158 2179 ,
1194 2119 1271 2176 ror,
1301 2098 1474 2166 &debitor
1496 2107 1649 2167 communi
1677 2103 1821 2170 consensu
1843 2106 1956 2187 signum

389 2185 503 2266 solutio
523 2184 560 2248 ad
580 2184 734 2261 dominum
749 2183 880 2249 eiusdem
899 2183 1034 2261 expensis
1060 2179 1157 2246 trans·
1193 2179 1313 2255 aliquod
1335 2179 1409 2259 pasli
1428 2180 1504 2258 suit,
1527 2186 1570 2246 ita
1587 2202 1684 2261 utper
1700 2186 1783 2249 illam
1804 2185 1963 2262 personam·

390 2265 543 2330 mittenda
571 2263 672 2327 esset.
704 2264 846 2340 idemque
874 2264 970 2328 dicito
994 2264 1157 2325 deannrria
1194 2280 1287 2336 aqua
1320 2262 1383 2325 tale
1412 2260 1615 2339 praesentetur
1642 2263 1756 2341 signum
1785 2286 1833 2330 res
1855 2264 1957 2331 debita

390 2342 586 2421 proventibus
607 2343 669 2406 sive
691 2346 721 2406 in
741 2347 887 2421 pecunia,
914 2341 978 2407 sive
1008 2347 1039 2404 in
1063 2340 1155 2419 frugi·
1192 2341 1342 2404 mittenda
1372 2338 1433 2403 sit.
1464 2344 1548 2405 Nam
1573 2363 1647 2408 tunc
1668 2342 1687 2405 sr
1706 2346 1807 2420 aliqua
1832 2342 1959 2424 persone

390 2426 443 2489 bus
462 2422 544 2504 ,sive
560 2425 593 2486 in
615 2425 672 2486 alia
687 2445 876 2502 quacumque
893 2444 924 2487 re
944 2421 1156 2486 exteslamen·
1191 2425 1284 2484 etiam
1305 2420 1366 2485 alio
1386 2419 1474 2484 simili
1491 2421 1560 2488 sitio
1580 2422 1661 2502 siguo
1675 2425 1812 2488 exhibito
1833 2446 1900 2489 rem
1920 2422 1956 2490 st·

388 2524 427 2569 to
448 2502 649 2581 procedente3
672 2502 822 2582 eroganda
844 2505 908 2569 haec
930 2506 1013 2566 enim
1037 2500 1156 2565 suntin
1191 2501 1218 2564 bi
1236 2501 1382 2565 traditam
1392 2501 1518 2565 domino
1537 2522 1598 2566 non
1617 2504 1873 2584 restituat,·s1ve,
1886 2525 1958 2581 quo·

388 2586 458 2649 loto
486 2584 544 2646 illo
571 2586 687 2658 inquo
716 2584 811 2649 baeres
840 2584 976 2647 obtinuit
994 2581 1155 2645 baeredita·
1192 2583 1239 2646 vis
1262 2582 1323 2644 alio
1344 2581 1433 2645 modo
1449 2582 1513 2659 posl
1534 2585 1731 2647 traditionem
1759 2583 1872 2649 fallam
1902 2586 1955 2652 tali

387 2684 474 2740 tem,
494 2684 549 2727 nce
570 2663 631 2727 alio
651 2664 706 2725 nisi
727 2660 785 2726 suis
805 2662 940 2741 expenfis
974 2658 1156 2724 transferen·
1193 2657 1329 2739 personae
1346 2682 1362 2724 a
1383 2660 1519 2725 debitore
1539 2661 1600 2724 sine
1622 2661 1709 2740 ipsius
1720 2665 1809 2741 culpa
1831 2682 1956 2741 pereat,

389 2744 426 2808 da
445 2742 565 2809 esleut‚·
582 2742 729 2806 cumbaec
746 2740 1156 2808 srntonetahaereditatian·
1191 2742 1316 2804 domino
1336 2744 1412 2817 petit
1434 2764 1442 2817 ;
1463 2745 1531 2816 quia
1552 2742 1672 2807 debitor
1698 2743 1904 2823 consignando
1923 2746 1958 2811 vi

388 2845 469 2887 nexa
490 2823 523 2888 dt
541 2823 650 2886 haeredi
668 2819 788 2898 relidla,
805 2824 917 2889 idcirco
938 2826 969 2885 in
999 2841 1036 2883 eo
1064 2820 1156 2898 loco,
1175 2819 1267 2896 ‘padi
1286 2840 1348 2883 rem
1378 2820 1510 2885 debitam
1532 2822 1589 2885 tali
1612 2822 1744 2899 perl'ouae
1765 2840 1956 2892 conventum

388 2924 452 2968 non
470 2902 619 2978 aliunde,
648 2925 718 2968 cum
733 2902 877 2969 debitoris
907 2902 1103 2983 gravamine,
1124 2907 1155 2963 in
1192 2899 1306 2979 signum
1329 2899 1711 2978 praelentanti,censetur
1738 2924 1803 2967 rem
1838 2901 1956 2981 ipsimet

389 2987 421 3047 in
438 3006 496 3061 quo
512 2984 673 3047 haereditas
695 3001 820 3062 accepta
838 2985 896 3049 luit
917 2979 1156 3057 solvendasunt,
1192 2978 1343 3046 Creditori
1372 2979 1572 3062 corrsrgnare,
1599 2982 1712 3048 idcirco
1738 2983 1891 3051 liberatur
1919 2982 1955 3053 ab

387 3087 460 3129 cum
480 3062 521 3126 ibi
541 3062 697 3127 touttadla
714 3057 807 3129 fuerit
824 3065 987 3140 obligatio.
1191 3082 1283 3125 onere
1304 3062 1457 3126 ulterioris
1474 3063 1693 3127 restitutionis.

253 3155 292 3203 be
314 3157 373 3223 roco
435 3141 606 3207 Restitutio
626 3160 666 3207 ex
686 3141 797 3208 delidlo
815 3146 939 3209 occulto
963 3143 1081 3207 secreto
1112 3138 1156 3204 s·
1231 3141 1361 3206 Debitor
1376 3147 1544 3220 generatim
1567 3144 1715 3222 loquendo
1735 3148 1784 3223 qui
1805 3141 1955 3212 inconsul-

254 3215 376 3291 ΜΨ·
392 3223 501 3288 cienda
521 3219 563 3285 cst
580 3245 631 3299 per
652 3225 775 3286 tertiam
801 3220 949 3288 secretam
978 3221 1156 3299 fidelemque
1192 3238 1225 3284 to
1248 3221 1410 3285 Creditore
1427 3223 1477 3287 seu
1506 3223 1630 3287 domino
1660 3246 1722 3289 rem
1746 3225 1883 3289 debitam
1903 3244 1954 3303 pet

254 3292 377 3393 ξξῖξξζῗξκ
394 3300 550 3383 personam
578 3303 611 3367 ὅ(
638 3303 791 3378 signanter
794 3324 858 3446 sper
873 3301 1097 3367 Consesl'arium
1119 3306 1155 3367 ad
1193 3301 1348 3379 personam
1363 3322 1424 3365 non
1446 3302 1518 3389 satis
1538 3301 1659 3369 fidelem
1678 3301 1729 3369 seu
1738 3307 1879 3381 perviam
1894 3324 1955 3369 ntro

257 3407 350 3457 aestuo
397 3382 576 3459 evitandam
593 3385 743 3460 propriam
759 3387 790 3446 in
806 3387 915 3447 amiam
933 3402 966 3448 ut
987 3385 1155 3447 communi·
1191 3381 1264 3446 satis
1284 3398 1385 3446 tutam
1396 3384 1633 3451 transmittatin
1647 3381 1717 3450 casu
1732 3407 1794 3462 quo
1809 3385 1956 3462 talisper-¹

255 3470 373 3526 sccreru.
390 3485 446 3528 ter
466 3483 536 3525 cum
555 3463 592 3524 D.
614 3463 735 3527 Thoma
752 3482 779 3525 2.
802 3484 828 3523 a.
846 3485 871 3542 q.
883 3468 930 3525 62.
947 3465 1045 3528 aare.
1067 3464 1108 3527 ad
1126 3484 1154 3526 2.
1191 3460 1264 3525 sona
1283 3481 1351 3524 eam
1368 3459 1418 3526 srbi
1436 3468 1569 3528 retineat
1591 3463 1640 3529 seu
1660 3484 1722 3529 non
1739 3463 1902 3541 restituat,
1921 3461 1956 3525 fi·

393 3542 564 3608 Reslitutio
580 3563 656 3608 vero
675 3564 713 3607 ex
733 3543 841 3608 delidlo
856 3543 976 3621 publico
1001 3561 1087 3621 puta,
1102 3565 1155 3621 per
1193 3564 1231 3606 ve
1248 3545 1278 3603 in
1300 3544 1411 3605 itinere
1430 3547 1459 3606 ei
1481 3542 1642 3609 auferatur
1658 3544 1876 3624 alatronibus,
1892 3562 1954 3607 nou

393 3626 536 3700 rapinam
593 3623 824 3688 &violentiam
848 3625 999 3702 publicam
1019 3623 1084 3687 fieri
1105 3625 1154 3687 de·
1191 3623 1336 3685 eximitur
1358 3620 1395 3684 ab
1410 3643 1502 3688 onere
1521 3622 1747 3704 restitutionis,
1761 3624 1809 3688 sed
1830 3640 1954 3689 tenetur

393 3705 445 3769 bet
463 3724 527 3768 uon
544 3673 638 3768 lolutn
656 3724 707 3778 per
728 3705 930 3769 redditionem
947 3707 989 3767 rei
1002 3719 1154 3780 accepte,
1191 3705 1308 3765 iterato
1325 3700 1502 3782 reslituere,
1523 3721 1559 3768 ut
1579 3709 1799 3780 communiter,
1827 3705 1900 3778 quia
1923 3705 1954 3764 in

394 3805 503 3851 verum
523 3788 709 3848 etiamtum
737 3786 888 3860 petitione
910 3789 1010 3848 venite
1039 3784 1077 3846 de
1099 3783 1153 3847 tali
1191 3782 1246 3844 tali
1260 3778 1330 3845 casu
1351 3803 1398 3845 res
1418 3787 1496 3860 perit
1518 3783 1663 3861 debitori,
1680 3806 1751 3848 cum
1767 3781 1952 3848 excrustat-

394 3864 515 3940 publica
536 3868 662 3945 iniuria,
687 3863 720 3928 dt
742 3862 872 3928 offensa.
895 3866 943 3928 Sic
961 3867 1066 3926 Petrus
1088 3863 1156 3925 Na·
1192 3882 1248 3938 pa,
1268 3861 1301 3925 dt
1322 3863 1524 3938 imprudentia
1547 3867 1690 3942 perierit,
1711 3884 1782 3929 earn
1799 3858 1952 3926 inconsul-

395 3965 479 4007 varr.
495 3964 563 4006 cum
581 3945 665 4020 aliis,
682 3947 764 4007 inter
781 3964 853 4020 quos
875 3944 986 4021 allegat
1001 3946 1095 4006 etiam
1115 3943 1152 4004 D.
1192 3961 1225 4005 to
1240 3941 1391 4006 creditore
1412 3943 1586 4018 mittendo,
1605 3944 1717 4007 idcirco
1739 3942 1885 4007 Creditur
1906 3943 1954 4005 da·

397 4023 550 4085 Thotuam
568 4041 595 4083 2.
614 4041 642 4085 a.
661 4045 686 4100 q.
704 4025 753 4085 66.
772 4038 829 4086 art.
850 4040 885 4101 9.Δ
899 4022 1057 4098 Glosl'am,
1077 4022 1151 4085 acS.
1190 4043 1293 4084 mnutn
1325 4024 1387 4098 pati
1415 4027 1522 4100 nequit
1552 4043 1591 4086 ex
1619 4043 1679 4103 cap.
1707 4020 1950 4103 cognoscentnr..

396 4102 600 4167 Raimttndum
621 4105 651 4164 in
674 4101 726 4166 sua
745 4101 984 4243 lummaConscf.
1006 4101 1152 4179 l.1.rit.5.
1190 4103 1224 4165 dc
1240 4100 1458 4186 constitutionis.

396 4203 423 4261 q.
446 4202 493 4261 24.
514 4182 598 4260 Quia
620 4202 670 4258 per
691 4185 828 4256 rapinam
852 4181 886 4248 dt
902 4188 954 4246 vio
967 4185 1084 4245 entiam
1102 4202 1155 4259 pu·
1229 4183 1259 4243 Si
1280 4181 1398 4244 debitor
1417 4202 1456 4245 ex
1480 4183 1657 4260 contraslu,
1678 4183 1740 4247 sive
1756 4205 1795 4246 ex
1813 4204 1847 4249 re
1867 4201 1953 4251 acces

396 4265 505 4329 blicam
525 4282 585 4324 nou
607 4263 700 4325 lolum
717 4262 858 4325 damnum
876 4263 965 4327 alicui
983 4258 1152 4325 infertutin
1191 4278 1243 4337 pta
1269 4261 1445 4327 inconsulto
1467 4264 1617 4327 creditore
1637 4286 1700 4327 retu
1720 4267 1747 4328 ei
1765 4261 1900 4327 debitam
1917 4258 1953 4326 ad

395 4344 483 4408 bonis
507 4340 640 4405 sortunae
660 4389 668 4417 ,
685 4339 733 4402 sed
755 4346 849 4406 etiam
870 4344 900 4404 in
918 4342 1152 4405 honorificentia
1191 4340 1287 4416 ipstuu
1307 4344 1416 4404 mittat
1440 4361 1493 4418 per
1522 4343 1704 4422 personam,
1727 4364 1817 4418 quam
1834 4341 1954 4405 fidelem

396 4446 450 4500 per
470 4422 629 4499 quamdam
645 4423 840 4499 ignominiam
857 4425 888 4485 iu
906 4419 1031 4498 persona
1049 4469 1058 4499 ,
1086 4442 1153 4497 quae
1190 4422 1307 4497 credit,
1338 4419 1371 4484 dt
1399 4420 1518 4487 malitia
1544 4423 1625 4487 illius
1657 4423 1792 4500 personae
1816 4441 1864 4485 res
1892 4439 1955 4484 non

396 4504 522 4574 proinde
543 4521 596 4578 pro
611 4500 875 4574 utraquelaesrone
893 4500 1151 4564 resarciendaell.
1192 4505 1348 4575 perveniat
1371 4500 1408 4564 ad
1429 4500 1611 4578 dominum,
1641 4504 1692 4565 vel
1724 4500 1955 4578 quomodolibet

396 4581 462 4645 lmo
489 4580 644 4645 restitutio
675 4601 713 4643 ex
739 4582 850 4644 delidlo
882 4582 1000 4657 publico
1034 4580 1153 4657 publice
1191 4597 1294 4654 pereat
1314 4628 1322 4657 ,
1345 4579 1380 4643 ad
1404 4579 1608 4646 definiendum
1630 4586 1678 4644 cui
1698 4599 1826 4662 pereat,
1848 4582 1955 4644 uiden·

395 4681 516 4739 quoque
531 4660 573 4722 cll
590 4656 1153 4724 faciendaademendatiouemscanda.
1189 4660 1261 4720 dum
1283 4681 1322 4722 an
1350 4679 1395 4721 res
1417 4660 1516 4726 debita
1542 4661 1803 4726 litsdetetminata
1820 4665 1854 4729 io
1876 4659 1955 4729 indi·

394 4742 436 4818 li,
457 4740 489 4805 dt
508 4740 636 4803 aliorum
653 4737 795 4818 offensae,
816 4759 850 4803 ut
863 4743 1013 4818 contingit
1030 4741 1061 4801 in
1072 4735 1153 4802 Usu·
1184 4738 1283 4800 'viduo
1304 4738 1390 4805 sicuti
1412 4738 1480 4805 sunt
1501 4762 1548 4806 res
1567 4743 1788 4818 commodatae,
1811 4737 1957 4817 deposce

392 4823 481 4885 ratiis
498 4822 549 4897 qui
567 4839 583 4882 a
600 4815 1015 4898 Confeslariourgcndisunt,
1037 4836 1071 4881 ut
1082 4817 1153 4882 huic
1188 4817 1249 4880 dcc.
1272 4817 1425 4882 aulolum
1445 4819 1647 4886 determinata
1673 4822 1708 4886 lit
1730 4824 1762 4883 in
1783 4819 1881 4896 specie
1901 4834 1955 4882 aut

394 4899 496 4964 debito
517 4899 536 4960 li
559 4920 620 4963 non
639 4898 759 4963 iuslitiae
786 4897 891 4962 saltem
916 4899 1088 4962 Charitatis
1110 4896 1152 4960 sa·
1189 4899 1415 4976 aequivalenti,
1441 4919 1475 4964 ut
1498 4900 1519 4964 st
1539 4902 1670 4966 debitori
1692 4918 1837 4964 mutuata
1864 4897 1955 4963 fuerit

394 4980 568 5044 tislatiant.
597 4978 626 5039 Si
651 4996 756 5042 tamen
775 4977 802 5040 hi
830 4975 946 5042 secrete
964 4977 1151 5040 reslituerint
1190 4980 1350 5053 pecunia,
1379 4983 1519 5043 triticum
1548 4982 1734 5056 venditum,
1766 4985 1875 5044 riuum
1894 4975 1954 5042 dte.

393 5079 454 5124 non
483 5073 629 5134 terrentur
654 5059 690 5123 ad
718 5059 803 5124 illam
824 5060 937 5126 iterum
973 5056 1090 5134 publice
1106 5054 1152 5122 fa·
1187 5057 1270 5123 Nam
1286 5058 1307 5118 si
1329 5077 1375 5126 res
1392 5057 1495 5132 debite
1510 5061 1717 5128 determinata
1734 5059 1772 5126 srt
1791 5064 1823 5124 in
1843 5057 1955 5205 ir‘rldivi·

1081 5179 1084 5185 ·
1880 5156 1920 5203 tto
