4425 6000
498 481 1514 621 Tition.onlntusrittstccssiedl.
1683 550 1753 629 τις

240 622 293 692 dei
312 621 496 692 transfertur
513 642 569 704 ,ut
586 621 724 701 deinceps
741 622 811 688 talis
827 623 945 687 debitor
962 640 996 687 et
1044 622 1178 687 Navarr.
1189 622 1348 699 Covaruv,
1365 625 1399 692 δι
1416 624 1490 692 alii.
1510 625 1593 705 Quia
1602 624 1680 705 Papa
1694 630 1705 708 (
1717 636 1806 698 a'iurit

243 710 307 772 iam
325 710 452 785 cognito
472 707 595 770 domino
612 707 731 779 penitus
750 707 890 768 immunis
912 724 1008 767 rema·
1043 699 1124 778 ipsi)
1144 708 1250 780 nequit
1270 702 1332 768 sine
1351 708 1453 772 caussa
1473 710 1536 771 ren'i
1553 708 1685 773 alienam
1704 712 1807 777 invito

239 804 320 852 neat
339 789 372 850 in
390 780 457 851 soro
476 782 668 851 conscientia
690 805 706 847 a
728 785 905 861 gravamine
926 782 1007 846 relli-
1043 781 1166 846 domino
1183 784 1270 847 alteri
1288 788 1454 861 applicare.

180 893 183 898 ·
239 868 396 931 tutionis.
419 866 468 931 Sic
488 867 691 930 communiter
706 882 745 927 ex
766 880 895 938 utroque
915 864 1005 943 iure,
1081 860 1113 921 Si
1142 861 1207 940 poll
1244 866 1521 943 competitionem,
1558 864 1806 942 &persolutam

239 960 309 1010 tum
333 945 509 1019 canonico,
533 963 598 1008 tum
617 944 721 1007 civili.
752 942 831 1008 Item
858 942 1006 1007 liberatur
1043 957 1158 1016 partein
1180 941 1249 1006 delli
1270 963 1374 1008 natam
1398 963 1576 1023 compareat
1592 945 1694 1012 domin
1744 947 1807 1024 „st
1898 1008 1900 1012 .

239 1023 361 1089 debitor
386 1046 404 1090 a
429 1024 504 1090 ditia
527 1024 717 1103 obligatione
745 1021 922 1088 restituendi
953 1042 1006 1101 per
1040 1018 1221 1113 compositio
1245 966 1321 1089 satta
1350 1024 1387 1089 lit
1408 1023 1469 1102 poll
1493 1024 1670 1106 diligentem
1693 1029 1806 1104 ‚omini

236 1104 352 1170 iollam
376 1106 480 1171 iudicis
507 1106 716 1181 sententiam,
748 1121 783 1168 ut
813 1101 944 1167 siiudert
973 1120 1003 1181 9.
1041 1098 1288 1193 inquisitionem,
1309 1126 1380 1169 cum
1395 1108 1476 1182 Papa
1491 1126 1531 1169 eit
1552 1103 1733 1184 praesumpta
1752 1107 1807 1171 do·-

237 1186 270 1248 in
292 1204 417 1261 prienam
441 1184 539 1250 delisli
562 1233 570 1262 ,
597 1206 636 1248 ex
666 1178 900 1261 praesumptione
930 1202 1003 1247 vera
1040 1199 1114 1242 mini
1131 1181 1301 1248 voluntate
1320 1185 1399 1261 quod
1417 1188 1482 1250 eius
1501 1184 1580 1251 bona
1596 1206 1762 1267 erogentur
1772 1190 1805 1251 in

238 1268 380 1342 imponat
403 1267 540 1346 Augnllo
556 1266 686 1348 multam
706 1261 868 1327 Hortensio
884 1262 1003 1326 solven·
1040 1261 1101 1335 pios
1126 1260 1195 1325 usus
1224 1265 1270 1326 ius
1302 1264 1416 1330 habeat
1431 1264 1468 1329 de
1496 1265 1555 1330 illis
1575 1264 1750 1345 disponendi
1770 1269 1805 1331 in

177 1343 328 1424 χτιρτττ,
348 1344 443 1421 potest
454 1346 501 1409 hic
513 1366 575 1407 noti
594 1344 711 1407 solvere
733 1341 1002 1431 tantundemqqod
1038 1338 1129 1415 ipfius
1143 1341 1257 1405 domini
1279 1344 1451 1409 utilitatem
1476 1343 1640 1422 supplendo
1663 1368 1718 1425 pro
1746 1346 1804 1413 tali

236 1423 363 1490 aliunde
377 1424 465 1490 debet
487 1422 640 1502 Augusto.
663 1443 692 1486 a.
709 1422 739 1485 Si
761 1423 1006 1499 Hortensiuspet
1038 1417 1233 1499 dispositione
1259 1443 1300 1487 ex
1324 1424 1468 1489 thesauris
1490 1423 1632 1492 Ecclesiae
1645 1448 1700 1505 pro
1713 1424 1805 1506 ipsius

235 1503 422 1571 sententiam
443 1507 545 1569 iudicis
567 1501 847 1583 cogaturresarcire
858 1499 1002 1565 damnum
1039 1504 1160 1577 anima,
1180 1501 1217 1565 ad
1239 1504 1312 1567 nihil
1331 1504 1413 1569 ultra
1431 1524 1554 1569 tenetur
1575 1506 1711 1586 debitor,
1732 1525 1804 1573 curn

235 1580 300 1648 sine
318 1588 406 1661 gravi
427 1587 515 1663 culpa
531 1584 700 1660 theologica
718 1580 1001 1659 Augulloillatum,
1037 1578 1103 1643 haec
1133 1581 1311 1659 compositio
1339 1586 1530 1661 aequivaleat
1552 1585 1802 1667 praescriptioni.

232 1664 265 1728 Δ
306 1658 389 1727 tillus
404 1683 564 1740 acceptare
585 1661 700 1740 potesi,
716 1659 915 1739 &retinere;
932 1664 1001 1734 quia
1035 1657 1127 1725 Sectis
1155 1681 1230 1725 vero
1258 1662 1459 1728 dicendumsi
1485 1664 1580 1730 talem
1606 1665 1804 1744 compositio·

233 1759 293 1808 aut
313 1746 430 1810 oritate
448 1746 540 1822 legis,
562 1744 595 1808 dt
613 1742 716 1805 iudicis
737 1741 902 1804 dominium
912 1745 1002 1805 tinius
1036 1758 1106 1801 nem
1124 1762 1186 1805 nori
1207 1744 1361 1816 praecedat
1380 1739 1483 1809 sedula
1498 1746 1612 1811 domini
1628 1745 1801 1823 inquifitio.

276 1821 334 1886 rest
355 1827 388 1886 in
412 1824 504 1889 alium
523 1824 561 1886 ob
584 1824 698 1887 bonnm
724 1840 883 1884 commune
902 1840 1000 1883 trans·
1035 1819 1124 1896 Lugo
1141 1841 1211 1884 curn
1230 1822 1316 1886 aliis.
1778 1867 1781 1872 -

247 1905 327 1963 etri.
351 1916 378 1979 3.
392 1904 419 1964 Si
433 1906 539 1967 Petrus
551 1899 792 1965 iiillesecnndum
803 1902 933 1979 allegata
949 1901 998 1976 ,dt
1074 1898 1163 1963 Circa
1182 1900 1286 1966 debita
1306 1918 1393 1968 certa
1412 1902 1485 1969 idest
1500 1926 1538 1971 ea
1558 1927 1687 1984 quorum
1703 1905 1803 1974 dorni·

230 1980 383 2124 grobata,
408 1981 457 2044 led
480 1982 579 2058 reapse
600 1980 706 2044 iniulle
735 1985 874 2057 privatus
898 1978 934 2043 fit
951 1975 999 2043 of·
1036 1999 1090 2041 nus
1113 1978 1274 2047 innotescit
1295 1987 1436 2059 quamvis
1456 1986 1493 2048 de
1510 1986 1556 2050 his
1581 1988 1664 2064 Papa
1688 1988 1726 2051 de
1756 1984 1804 2052 sa-

255 2063 326 2137 cio,
347 2062 399 2126 vel
419 2061 589 2139 beneficio,
608 2063 660 2138 qui
678 2060 757 2125 bona
775 2059 833 2122 lide
855 2059 928 2122 illud
952 2082 999 2125 ac·
1033 2057 1083 2123 llo
1103 2079 1165 2138 nou
1184 2061 1333 2127 concedat
1354 2063 1631 2142 compositionem,
1650 2065 1803 2143 loquendo

228 2142 314 2218 cepit
330 2142 401 2206 licet
430 2139 504 2208 sciat
526 2141 627 2221 pollea
653 2144 777 2205 Petrum
811 2138 917 2202 iniuste
939 2143 997 2216 pri·
1035 2157 1139 2202 tanieii
1160 2139 1197 2203 de
1212 2138 1361 2221 polsrbili,
1381 2140 1432 2209 seu
1452 2144 1489 2210 de
1510 2148 1577 2211 iure
1590 2145 1636 2224 ,si
1660 2146 1730 2211 talis
1751 2140 1816 2211 ita·'.

229 2235 346 2284 vatum
365 2216 473 2300 soille,
493 2223 653 2286 dummodo
677 2218 724 2282 lric
745 2219 824 2283 alter
855 2239 916 2284 non
945 2219 997 2283 ali·
1034 2214 1076 2281 lla
1105 2219 1298 2285 interveniat
1324 2223 1428 2289 caussa
1450 2223 1530 2291 hanc
1550 2224 1802 2307 compositionem

201 2319 293 2379 xqua
310 2299 417 2365 iniulle
438 2322 504 2366 arte
519 2302 555 2367 ad
568 2300 910 2375 talemeitpoliationem
925 2320 997 2364 coo·
1032 2298 1200 2364 concedere
1217 2299 1332 2380 pollet,
1351 2303 1385 2369 dt
1405 2300 1444 2369 sic
1470 2306 1639 2371 debitorem
1665 2304 1702 2372 ab
1721 2304 1803 2371 obli·

227 2396 355 2459 petatus
384 2382 441 2457 lit,
463 2403 523 2446 non
549 2397 673 2446 tenetur
706 2380 779 2442 illud
809 2379 997 2456 dimittere,
1032 2378 1368 2456 gationerellitutionis
1388 2380 1534 2451 liberare:
1555 2385 1691 2464 Lellius,
1712 2387 1801 2466 Lugo

227 2457 282 2525 vel
300 2458 414 2538 aliquid
433 2483 485 2537 pio
501 2461 605 2539 eodem
621 2459 796 2525 rellitiiere.
817 2459 866 2522 Sic
886 2459 953 2520 DD.
1031 2457 1252 2537 cumpluribus
1275 2462 1365 2537 aliis,·
1384 2468 1457 2540 quia
1477 2464 1563 2530 sicuti
1580 2467 1660 2547 leges
1690 2467 1801 2532 civiles

240 2543 244 2550 ’
269 2538 342 2605 Huc
363 2537 475 2613 spedlat
497 2543 677 2623 compositio
702 2562 774 2604 cum
798 2540 903 2616 Papa,
927 2558 994 2615 qnae
1031 2536 1185 2604 mediante
1206 2538 1431 2620 praescriptione
1452 2544 1587 2625 legitima
1609 2541 1801 2611 transferunt

222 2615 275 2683 esi
292 2625 465 2687 cotinenrio
487 2622 538 2685 illa
561 2626 594 2686 iri
615 2642 675 2698 qua
695 2614 838 2684 Pontifex
860 2619 993 2696 indulget
1030 2617 1199 2684 dominium
1226 2618 1291 2698 post
1321 2621 1492 2701 legitimum
1554 2624 1698 2690 ssessionis
1719 2642 1800 2688 tem·

224 2696 381 2779 debitori,
402 2719 437 2765 ut
457 2704 554 2766 maior
573 2704 731 2778 quantitas
752 2698 845 2762 debiti
864 2701 993 2775 incerti,
1031 2718 1218 2773 putavero
1244 2700 1368 2765 domino
1390 2705 1424 2770 in
1440 2723 1481 2782 po
1506 2705 1633 2774 eliorem
1654 2706 1743 2769 bonae
1762 2701 1800 2768 fi·

224 2797 340 2855 nempe
359 2779 474 2857 debiti,
498 2784 583 2845 cuius
604 2784 744 2845 dominns
765 2784 941 2857 ignoratur,
962 2780 993 2839 iii
1029 2777 1099 2853 dei;
1122 2781 1167 2843 ita
1188 2779 1241 2842 leit
1262 2779 1463 2847 ecclesiastica
1492 2800 1615 2862 propter
1640 2781 1799 2861 spirituale

223 2859 382 2924 minorem
401 2878 541 2926 mutetur
558 2859 661 2924 liatim
682 2857 860 2923 solvendam
882 2875 993 2934 paupe·
1029 2876 1193 2920 commune
1214 2859 1328 2922 borium
1348 2861 1431 2924 idem
1446 2856 1547 2927 facere
1568 2862 1665 2941 posset
1689 2879 1799 2927 contra

244 2939 252 2950 '
321 2986 336 3022 ,¹
349 2958 425 3015 puta
446 2959 480 3007 ut
498 2960 554 3016 pro
570 2959 617 3023 ao.
636 2939 735 3003 aureis
750 2937 863 3001 dentur
882 2953 930 2998 ao.
947 2934 992 2999 lo·
1029 2953 1148 3000 certum
1170 2938 1327 3002 dominnm
1350 2987 1360 3019 ,
1392 2940 1443 3007 seu
1471 2942 1657 3009 creditorem
1678 2940 1799 3019 praeser·
1830 2989 1833 2995 -

222 3014 281 3081 lidi
307 3018 345 3083 ad
368 3023 451 3095 pium
474 3018 587 3099 usum,
616 3019 648 3084 bt
669 3019 816 3092 reliquum
836 3014 888 3106 sibi
919 3018 993 3077 reti·
1030 3017 1086 3080 tiiii
1110 3036 1221 3084 contra
1248 3017 1423 3084 Creditores
1450 3022 1642 3097 Haereticos,
1670 3041 1798 3098 quorum

222 3114 301 3174 neat
316 3098 455 3164 debitor:
477 3099 511 3165 ἃ
531 3098 704 3174 huiusmodi
720 3101 898 3171 compositio
915 3093 991 3159 satir
1028 3096 1107 3160 bona
1128 3098 1276 3178 perleges
1298 3104 1442 3174 applicari
1468 3101 1591 3179 poliunt
1612 3100 1697 3166 Filco
1721 3102 1797 3181 Cap.

220 3197 297 3242 tuto
322 3179 472 3245 Pontifice
493 3178 579 3258 super
599 3179 709 3243 debitis
732 3181 853 3240 incertis
882 3173 990 3238 liberat
1026 3178 1297 3256 impertiendae
1316 3180 1798 3261 Heretir.&alibi,licetiiunc

207 3255 394 3324 debitorem
420 3261 458 3325 iib
479 3260 539 3323 alio
564 3280 657 3325 onere
690 3257 914 3321 rellitutionis.
943 3255 991 3319 Sic
1028 3279 1078 3333 per
1099 3261 1314 3334 impotentiam
1334 3280 1398 3324 non
1415 3264 1626 3341 applicentur,
1642 3259 1739 3340 posset
1750 3279 1798 3326 ta·

220 3335 304 3421 Lesb
321 3338 426 3418 Luto,
445 3340 479 3406 dt
499 3341 571 3403 alii.
592 3340 674 3403 Nam
694 3335 796 3400 debita
812 3337 931 3399 incerta
951 3355 991 3397 ex
1026 3356 1095 3400 men
1106 3341 1172 3401 iure
1187 3343 1300 3406 merito
1311 3362 1416 3405 eorum
1428 3340 1611 3406 debitoribus
1621 3342 1797 3406 condonare

218 3421 448 3503 throtmunni,
475 3442 509 3484 ac
532 3422 639 3485 tutiori
664 3415 828 3482 Dodlorum
849 3412 989 3480 consensu
1025 3416 1128 3482 debita
1143 3419 1186 3482 im
1206 3414 1282 3484 osna
1300 3425 1343 3484 eis
1353 3421 1449 3496 aliqua
1459 3420 1678 3497 compositione
1687 3421 1724 3485 ad
1733 3424 1796 3497 piar

221 3496 405 3577 tpplitinda
437 3498 506 3565 sunt
538 3506 568 3563 in
601 3518 777 3577 pauperes,
810 3512 864 3585 aut
894 3493 990 3558 alium
1025 3494 1161 3562 caussas.
1181 3441 1797 3579 staqnoquesraliquiCreditoresgravi·

221 3580 310 3654 pium
326 3574 412 3644 usum
429 3584 494 3660 Cap.
518 3602 585 3644 cum
601 3579 668 3661 suis
689 3577 725 3643 de
744 3575 863 3656 usuris.
883 3575 989 3652 Qiare
1027 3598 1089 3654 tet,
1105 3579 1329 3656 enormiterque
1345 3579 1570 3656 delinquerint,
1587 3582 1700 3657 poterit
1716 3582 1796 3642 Pon-

218 3677 296 3721 tum
312 3656 416 3724 debita
437 3663 554 3726 incerta
575 3661 743 3725 debeantur
764 3653 988 3734 pauperibusex
1027 3653 1103 3721 tifex
1125 3659 1156 3720 in
1173 3678 1296 3733 poenam
1312 3656 1407 3722 delidli
1427 3658 1546 3724 eosdem
1569 3659 1701 3733 privarse
1720 3660 1796 3721 iuri·

220 3739 291 3801 itioe
350 3736 443 3804 sitivo
463 3736 625 3805 secundum
652 3734 785 3802 Lelsnim
802 3783 810 3813 ,
827 3733 862 3800 dt
886 3737 988 3799 Ponti·
1023 3736 1078 3802 bus
1100 3734 1179 3811 suis,
1201 3735 1234 3822 dt
1256 3736 1356 3814 postea
1376 3759 1447 3801 cum
1470 3735 1528 3801 luis
1539 3733 1726 3803 debitoribus
1748 3732 1796 3799 su·

220 3812 276 3880 sex
313 3814 453 3895 it·snpra
479 3821 691 3897 quodcumque
719 3822 765 3881 ius
794 3813 988 3893 positivuni‚·
1025 3837 1077 3894 per
1109 3815 1170 3880 illis
1189 3815 1275 3881 bouis
1305 3821 1398 3883 certis
1427 3835 1626 3896 componete,
1649 3811 1697 3882 seu
1718 3834 1793 3895 con·

220 3893 298 3973 Cep.-
319 3896 463 3979 proposin't
490 3925 522 4043 s·
543 3901 580 3963 dr
608 3895 717 3977 conreff.
757 3888 905 3958 Praelrnd.
939 3915 987 3969 po·
1025 3899 1149 3962 venite.

221 3977 299 4041 terit
321 3975 463 4049 Pontifex
504 3977 567 4043 aba
590 3975 811 4053 compositione
838 3975 875 4037 de
896 3974 988 4049 pleni·
1062 3972 1278 4042 Huiuscemodi
1296 3975 1546 4056 compositionem
1562 3976 1793 4043 concederent·

220 4054 330 4131 tudine
358 4056 513 4133 potestatis
541 4055 710 4132 dispensare
743 4054 817 4119 nilla
854 4056 988 4116 interve·
1023 4076 1140 4128 quennr
1158 4052 1295 4132 Episcopi
1316 4076 1415 4134 neque
1431 4073 1487 4137 pro
1506 4056 1616 4122 debitis
1637 4059 1790 4122 incertis.

220 4138 328 4199 niente
357 4137 481 4215 caussa,
502 4160 540 4204 ne
566 4140 687 4203 illorum
717 4156 782 4212 pars
813 4132 987 4211 pauperibus
1023 4135 1071 4201 lta
1091 4131 1220 4216 Sylvell.
1239 4138 1326 4219 Lugo
1341 4159 1412 4202 ciim
1424 4137 1491 4202 aliis
1502 4136 1659 4214 pluribus,
1679 4136 1793 4212 &pra-

220 4214 421 4282 dillribiiatur
439 4267 448 4293 ,
468 4218 516 4283 sed
545 4217 653 4294 possint
676 4215 825 4279 debitores
849 4233 916 4276 eam
936 4210 986 4276 sibl
1023 4218 1069 4280 xis
1090 4207 1152 4292 ipsa
1173 4221 1342 4282 communis
1363 4217 1419 4282 lioc
1440 4215 1616 4293 comprobat
1636 4240 1648 4295 ,·
1674 4213 1793 4292 Episco-

217 4300 356 4361 retinere
378 4343 385 4357 .
414 4298 486 4363 Hoc
510 4299 664 4366 ordinarie
683 4293 808 4361 concedi
831 4291 911 4356 solet
937 4312 989 4370 per
1023 4299 1052 4372 pi
1073 4299 1158 4360 enim
1177 4319 1239 4362 non
1261 4297 1373 4361 babent
1395 4299 1441 4360 ins
1460 4296 1558 4361 altum
1579 4299 1609 4359 in
1636 4317 1683 4361 res
1710 4314 1791 4359 terii·

215 4374 344 4439 bullam
358 4378 513 4442 Cruciatae
530 4377 569 4442 sic
590 4379 720 4452 dillamr
741 4379 812 4452 qnia
842 4372 917 4435 data
946 4365 987 4435 eli
1023 4374 1226 4453 potales,nec
1238 4373 1422 4455 potestatem
1432 4374 1604 4441 indiredlani
1613 4372 1789 4452 disponendi

214 4462 252 4522 iit
269 4451 411 4521 favorem
427 4460 548 4523 miliriae
568 4461 714 4522 cruciatae
731 4453 803 4518 idell
822 4450 986 4531 tubracru·
1022 4448 1059 4518 de
1076 4445 1165 4519 rebus
1185 4455 1402 4533 temporalibus
1419 4449 1624 4531 subditorum,
1642 4474 1709 4533 quae
1727 4451 1791 4526 solo

217 4554 255 4600 ce
271 4537 307 4599 in
321 4535 451 4602 dextera
472 4537 591 4614 scapula
614 4537 784 4615 insignitae,
807 4555 899 4610 quam
919 4533 986 4594 Rex
1022 4539 1172 4612 competit
1195 4537 1335 4600 Romano
1356 4536 1521 4611 Pontifici,
1547 4553 1656 4611 utpote
1675 4534 1726 4611 qui
1754 4531 1789 4595 sit

213 4617 384 4695 emporia
404 4619 488 4682 ducit
504 4636 611 4682 contra
627 4599 766 4680 inlideles
785 4614 818 4679 dt
837 4631 910 4692 tunc
938 4631 987 4674 or·
1024 4613 1110 4689 supra
1130 4619 1177 4679 ius
1194 4617 1359 4693 positivum
1378 4637 1465 4692 aquo
1483 4616 1594 4689 pendet
1615 4614 1687 4679 talis
1707 4634 1791 4679 com·

177 4688 180 4759 ἷ
217 4699 266 4762 tio
285 4697 340 4763 illa
364 4700 467 4761 minor
487 4695 651 4776 assignatur
671 4694 716 4758 illi
744 4695 842 4784 bello.
865 4633 985 4756 Vosunt
1023 4692 1152 4773 positio,
1172 4716 1208 4759 ac
1218 4696 1341 4769 proinde
1351 4693 1540 4767 plenitudine
1549 4694 1641 4777 pollet
1658 4691 1791 4774 potesla-

177 4790 179 4797 '
213 4776 312 4854 aliqui
334 4779 416 4854 quod
438 4776 458 4840 li
477 4781 574 4841 etism
598 4798 659 4841 non
688 4774 837 4854 sussiciens
868 4771 985 4861 intersit
1023 4778 1063 4838 tis
1084 4773 1308 4851 quaeadtalem
1328 4775 1628 4852 attumreqnintnr.
1674 4781 1676 4786 ’

177 4882 180 4889 ·
214 4857 321 4923 ttulit
345 4858 386 4922 ob
405 4878 497 4932 qtiarii
516 4861 597 4935 Papa
625 4855 719 4921 talem
744 4852 819 4921 satit
844 4852 987 4928 composi·
1060 4852 1328 4930 Haeccomposrtio
1339 4854 1518 4920 conceditur
1529 4875 1555 4916 1.
1577 4873 1630 4930 pro
1646 4850 1789 4943 sruslibtis

207 4938 339 5002 tionem
348 4984 359 5015 ,
378 4936 476 5002 adbuc
491 4936 739 5015 compositionem
756 4931 890 4997 validam
908 4928 987 5010 else,
1021 4926 1235 4999 Ecclesiasticis
1249 4932 1330 5000 male
1346 4937 1515 5014 perceptis,
1531 4932 1605 4999 licet
1621 4933 1730 4998 sciatur
1739 4949 1789 4994 cin

215 5036 253 5080 tc
270 5035 378 5084 tntum
400 5016 526 5083 reddere
543 5018 575 5080 in
590 5013 777 5081 conscientia
799 5012 984 5077 debitorem.
1021 5005 1163 5078 Ecclesiae
1184 5014 1351 5081 debeantur
1371 5031 1398 5078 a.
1420 5036 1476 5092 pro
1486 5014 1653 5078 medietate
1672 5011 1788 5099 legato·

209 5095 417 5179 (emmonius
446 5115 551 5177 temen
569 5144 580 5184 ,
600 5118 635 5171 ac
663 5091 847 5180 probabilius
873 5107 986 5173 negant
1021 5114 1090 5170 tum
1103 5090 1126 5157 st
1140 5096 1320 5176 ignorentur
1335 5097 1480 5237 leterani}
1495 5105 1522 5173 3·
1550 5112 1606 5171 pro
1635 5091 1787 5166 thnilitir

245 5186 251 5247 ,·
343 5230 345 5235 .
530 5207 532 5213 -
1372 5183 1374 5187 ’
1521 5187 1540 5235 a
1707 5189 1748 5234 eit
