4425 6000
558 512 727 586 Tnacr.
756 531 814 584 oe
842 510 1099 589 Praeterea
1131 508 1363 589 Dacaaocr
1396 512 1496 587 Cae.
1523 515 1570 584 V.
1719 518 1792 614 3⁶¹

292 631 359 681 rans
377 608 524 679 homicida
544 609 703 687 censetur,
723 609 756 674 ἀ
780 609 857 673 tales
883 606 953 671 sunt
970 657 980 686 ,
999 612 1050 685 qul
1088 632 1201 677 vamen
1221 610 1442 689 sanitatemque
1463 609 1591 689 afferre,
1610 612 1644 678 dt
1663 617 1689 679 ei
1716 633 1848 681 mortem

291 714 375 759 arma
391 688 616 756 subministrant
631 740 640 766 ,
653 692 702 764 qui
715 689 893 753 occidendos
908 691 1052 766 capiunt,
1089 692 1278 769 accelerare.
1295 692 1485 767 Comparatis
1503 711 1579 756 vero
1599 692 1677 758 hisce
1701 701 1848 759 extremis

292 775 408 851 ligant,
429 772 588 847 detinent,
608 767 642 834 ἃ
660 766 844 831 huiusmodi.
1089 772 1127 834 ad
1153 774 1286 836 invicem
1305 819 1315 847 ,
1334 770 1480 836 videlicet
1497 772 1534 834 de
1560 790 1658 836 morte
1680 776 1849 838 acceleran-

332 853 414 915 Hinc
442 852 597 927 colligitur
625 868 665 911 ex
695 852 754 910 iam
778 844 861 909 dislis
894 866 920 908 1.
950 867 1051 924 percu·
1088 851 1125 913 da
1147 851 1221 914 alias
1242 869 1328 916 certe
1347 851 1689 927 eventura,&dubio
1709 852 1849 918 sanitatis
1904 913 1907 918 .

292 931 423 996 tie'ntem
440 933 550 1005 quovis
566 926 656 990 modo
675 922 833 1015 seminam
849 942 1052 1004 praegnantem
1088 931 1322 1010 recuperandae,
1343 930 1503 1006 prudentia
1524 930 1632 993 didlare
1649 933 1773 997 videtur
1795 954 1849 1011 po·

292 1031 381 1073 reum
399 1008 460 1073 esse
481 1008 654 1083 homicidii,
675 1007 695 1067 h
714 1017 807 1069 loetus
829 1007 984 1069 animatus
1005 1006 1053 1068 ab·
1089 1012 1149 1072 tius
1177 1009 1235 1074 hoc
1261 1029 1433 1073 extremum
1461 1008 1629 1085 eligendum
1657 1010 1737 1085 else,
1758 1033 1848 1088 quam

292 1108 397 1165 oster,
419 1110 489 1152 cum
504 1088 646 1163 quaelibet
665 1083 810 1171 percussio
831 1082 936 1147 saltem
955 1083 994 1148 ob
1010 1088 1053 1148 ti·
1090 1087 1171 1152 aliud
1187 1136 1195 1163 ,
1222 1088 1335 1153 scilicet
1357 1087 1545 1163 relinquendi
1562 1088 1716 1152 infirmum
1733 1091 1848 1154 viribus

293 1167 535 1232 moremhabcrc
557 1162 825 1244 poffitrelpeetum
855 1164 988 1239 aliquem
1017 1163 1053 1226 ad
1089 1171 1150 1231 iam
1175 1167 1336 1243 desperatis
1358 1185 1503 1230 naturae.
1531 1167 1570 1228 Et
1602 1169 1667 1232 haec
1690 1167 1847 1235 sententia
1907 1235 1913 1244 ,

292 1248 461 1323 abortum,
492 1246 614 1322 quando
643 1248 737 1307 etiam
758 1243 973 1306 tantummodo
993 1259 1053 1306 ter·
1088 1245 1327 1323 ellSanchezii,
1346 1247 1751 1324 Bonacinae,aliorumque.
1791 1274 1794 1277 ’

292 1347 359 1390 rere
380 1327 538 1388 mulierem
568 1340 794 1400 praegnantem,
816 1321 836 1382 li
858 1318 939 1385 sorte
968 1320 1055 1386 abor-
1723 1359 1729 1374 ·

292 1425 341 1469 tus
356 1402 526 1481 ‘sequatur,
547 1420 664 1501 reatrun
687 1402 801 1492 inducit
824 1400 976 1493 homicidii
995 1445 1002 1494 3
1025 1420 1054 1461 a.
1372 1411 1400 1471 §.
1442 1404 1567 1467 XVII.

293 1486 381 1627 {3333
399 1481 699 1626 ggnqggpggffssvffif
721 1477 1056 1635 pgpggeggpffldlgqu
1090 1528 1137 1586 pe
1149 1521 1280 1600 parra„
1302 1518 1520 1610 verberamur
1530 1522 1630 1601 fin„
1657 1521 1848 1614 apuu

291 1641 414 1706 micidio
432 1644 463 1704 in
480 1643 509 1702 6.
531 1640 582 1718 qui
609 1639 730 1701 mandas
759 1637 887 1715 aliquem
916 1636 1054 1701 verbera·
1164 1600 1286 1681 [ΜΨ
1307 1622 1340 1667 ‘¹⁶
1358 1603 1481 1665 dem
1500 1602 1768 1668 'masseramsbu''

290 1721 338 1797 rl,
360 1721 427 1785 licet
448 1720 572 1860 exprrqe
587 1716 714 1781 inhibeat
730 1738 765 1781 ne
781 1718 926 1783 occidatur
950 1719 1055 1782 ullate-
1130 1718 1210 1782 Cum
1235 1718 1409 1789 Superiores
1433 1738 1493 1781 non
1526 1714 1622 1780 solum
1652 1721 1849 1798 reipublicae,

291 1822 365 1876 nus,
385 1803 436 1865 vel
457 1822 531 1864 mem
549 1821 579 1861 ro
607 1798 706 1875 aliquo
732 1798 908 1873 mutiletur,
924 1799 953 1875 st
972 1819 1055 1859 mun·
1093 1796 1140 1862 sed
1162 1801 1257 1861 etiam
1278 1795 1461 1861 familiarum
1485 1785 1666 1872 poteslatem
1694 1820 1850 1879 acceptam
1872 1801 1880 1816 '

291 1880 427 1943 deterius
440 1884 517 1958 fines
537 1877 675 1942 mandati
690 1877 829 1940 excedens
847 1877 982 1952 mutilet,
1001 1878 1057 1940 vel
1092 1877 1255 1941 habeanta
1277 1877 1345 1939 Deo
1367 1875 1549 1950 corripiendi
1570 1897 1630 1940 non
1651 1878 1751 1942 verbis
1780 1897 1852 1943 tan·

291 1959 421 2037 occidas,
437 1980 503 2023 cum
522 1957 689 2020 mandando
715 1956 747 2041 a'n
766 1957 850 2033 culpa
859 1955 961 2034 fuerit
982 2005 991 2031 ,
1015 1954 1054 2020 Θ
1092 1956 1266 2032 tummodo‚
1285 1955 1333 2016 sed
1354 1957 1448 2018 etiam
1468 1954 1567 2030 aliqua
1583 1957 1697 2033 poenali
1714 1956 1850 2021 alllislio·

290 2038 342 2102 hoc
359 2039 481 2103 evenire
505 2037 574 2116 pade
602 2033 731 2100 desuem
755 2036 903 2113 rogitare.
932 2051 960 2113 3.
983 2036 1054 2097 Non
1092 2057 1134 2112 ne
1148 2032 1269 2099 suorum
1290 2030 1469 2118 inferiorum
1480 2033 1763 2114 moralcsdeseslus‚
1780 2038 1850 2102 hinc

291 2116 387 2180 solum
406 2122 454 2191 qui
483 2114 630 2178 ossenlive
656 2116 718 2191 agit
738 2163 747 2191 ,
766 2113 814 2177 led
835 2118 929 2178 etiarn
949 2118 1000 2190 qui
1020 2134 1056 2177 o·
1091 2116 1128 2180 ht
1147 2115 1225 2191 quod
1248 2130 1336 2190 pater
1352 2115 1402 2189 qui
1423 2114 1667 2188 superioritatem
1694 2115 1785 2180 habet
1800 2115 1851 2180 su-

292 2198 395 2260 mittit
411 2194 525 2258 debitas
543 2192 670 2257 asliones
691 2194 726 2258 ad
746 2194 943 2269 praecavenda
959 2194 1054 2258 homi·
1092 2215 1144 2271 per
1164 2193 1262 2269 filios,
1281 2191 1355 2256 licut
1376 2194 1513 2254 donrinus
1531 2191 1745 2269 superservos,
1764 2196 1850 2259 licite

289 2275 372 2339 cidia
392 2294 512 2339 reatum
540 2272 695 2336 contrahit
722 2271 871 2336 homicidii
894 2322 903 2349 ,
932 2291 966 2337 ut
994 2276 1055 2336 iam
1091 2272 1198 2349 poffint
1210 2320 1220 2349 ,
1241 2290 1327 2348 pater
1344 2269 1440 2347 filios,
1459 2269 1492 2334 dc
1508 2270 1646 2334 dominus
1655 2269 1850 2339 servoscaus·

290 2355 424 2417 diximus
450 2353 486 2416 de
519 2355 683 2426 Principe,
704 2371 739 2414 ac
768 2350 951 2429 Magistrau
974 2356 1055 2415 circa
1091 2355 1121 2417 la
1142 2352 1306 2429 disciplinae
1332 2348 1491 2413 verberare
1511 2370 1571 2413 non
1592 2350 1711 2424 quidem
1739 2373 1779 2417 eo
1801 2351 1851 2417 us·

292 2434 482 2506 homicidia,
515 2452 583 2508 quae
609 2432 776 2505 eveniant,
800 2430 849 2493 ubi
872 2451 926 2508 pro
949 2431 1070 2496 debito·
1090 2454 1148 2509 que
1169 2449 1205 2495 ut
1225 2431 1292 2494 illos
1307 2426 1467 2505 occidere,
1483 2428 1532 2492 vel
1543 2429 1688 2494 mutilare
1704 2431 1850 2510 valeant,

289 2512 336 2577 sui
353 2511 447 2577 officii
473 2533 535 2575 non
559 2508 809 2573 animadvertant
835 2512 865 2573 in
877 2548 881 2557 ·
893 2510 1054 2576 homicidas
1090 2536 1159 2576 cum
1181 2510 1341 2576 verberare
1356 2508 1393 2572 srt
1409 2508 1497 2586 longe
1512 2511 1609 2571 minus
1625 2530 1713 2586 quam
1733 2512 1851 2576 occide-

291 2591 453 2656 secundum
479 2592 575 2669 legum
603 2584 801 2666 praescripta,
824 2589 873 2653 vel
900 2591 1054 2670 negligant
1092 2614 1151 2669 re,
1173 2591 1221 2657 vel
1243 2589 1410 2652 mutilare.
1433 2585 1613 2652 Verberatio
1641 2594 1722 2653 enim
1753 2611 1851 2666 neque

293 2671 517 2737 solicitudinem
546 2675 577 2731 in
606 2668 740 2732 curanda
767 2688 874 2733 corum
903 2687 1053 2747 captura.
1093 2676 1192 2735 vitam
1212 2664 1331 2745 auscrt,
1350 2687 1446 2742 neque
1465 2670 1585 2743 corpori
1611 2670 1851 2747 integritatem,

291 2776 320 2831 4.
346 2750 520 2830 culpabiles
543 2747 624 2812 hunt
648 2749 785 2824 graviter
809 2748 920 2813 alienae
947 2754 1054 2813 mortis
1092 2770 1187 2826 neque
1204 2768 1327 2824 poenam
1347 2745 1570 2821 irreparabilem
1587 2744 1698 2823 insert,
1717 2747 1766 2812 sed
1783 2747 1850 2812 sen·

288 2832 395 2895 naedici
420 2851 454 2894 ac
475 2829 605 2904 chirurgi
626 2873 635 2901 ,
653 2828 703 2900 qui
727 2826 839 2888 conscii
869 2829 905 2888 de
935 2831 1054 2905 propria
1092 2830 1156 2891 sum
1183 2824 1396 2890 tantummodo
1427 2823 1531 2886 dolore
1547 2826 1660 2889 afficit.
1687 2828 1761 2890 Non
1782 2828 1851 2904 pos-

290 2914 442 2987 impcritla
464 2956 471 2981 ,
497 2906 530 2971 ἅ
550 2906 586 2968 de
611 2905 732 2982 propria
753 2902 936 2971 sufficientia
963 2910 1055 2971 ratio·
1091 2906 1160 2970 sunt
1181 2926 1257 2969 vero
1278 2904 1362 2966 licite
1385 2902 1558 2981 mutilare,
1587 2906 1777 2980 vulnerare,
1797 2906 1850 2969 vel

293 2989 440 3055 nabiliter
461 2984 638 3051 haefirantes
654 2981 766 3047 audent
793 2984 872 3046 idem
893 3007 1003 3050 rnonus
1022 3007 1055 3050 e·
1090 2986 1246 3061 occidere,
1263 3005 1332 3045 cum
1348 2981 1417 3045 haeo
1433 3002 1575 3048 exercere
1592 2983 1627 3049 srt
1645 2982 1780 3065 persedlae
1796 3005 1850 3057 po·

290 3091 436 3144 xercere,
458 3069 588 3130 maxime
609 3062 730 3139 quando
744 3081 807 3126 non
828 3061 924 3128 desint
942 3067 1053 3142 aliiqui
1092 3067 1210 3131 testatis
1236 3064 1413 3127 coercitivae
1434 3110 1442 3137 ,
1464 3066 1638 3128 exercentis
1661 3066 1778 3142 publica
1798 3084 1851 3139 po·

289 3153 379 3227 periti
402 3146 535 3222 lint‚&
558 3143 760 3208 sufficientes.
783 3143 826 3203 Hi
851 3147 1053 3224 enimgravi·
1093 3144 1202 3211 testate
1224 3140 1636 3222 iulliriamvindicativam,
1658 3143 1737 3219 quod
1757 3145 1850 3205 mini·
1913 3204 1922 3214 ,

290 3248 338 3294 ter
360 3243 484 3304 peccant
507 3225 616 3288 nedum
635 3238 744 3285 contra
762 3220 973 3301 charitatem,
996 3243 1053 3290 ve·
1091 3245 1138 3288 me
1157 3226 1323 3289 convenire
1344 3219 1441 3296 potest
1464 3222 1622 3299 patribus,
1644 3223 1677 3288 dr
1699 3223 1849 3295 dominis,

290 3330 358 3374 tum
381 3311 477 3370 etiam
496 3321 604 3369 contra
631 3299 798 3377 iullitiam,
821 3323 855 3365 ac
867 3304 990 3378 proinde
1009 3320 1053 3368 te·
1090 3327 1160 3380 cum
1181 3304 1231 3380 hi,
1252 3318 1403 3379 quatenus
1419 3300 1550 3376 prael'unt
1569 3299 1740 3366 domellicae
1761 3297 1849 3364 fami·

289 3404 404 3452 nentur
419 3387 456 3449 de
474 3385 604 3449 damno.
624 3382 706 3444 H³nc
716 3399 742 3457 5.
766 3381 903 3445 Medicus
927 3401 1053 3447 tenetur
1091 3386 1140 3448 liae
1165 3384 1304 3460 regimini
1330 3400 1393 3442 non
1420 3380 1553 3444 habeant
1580 3381 1634 3446 nisi
1667 3379 1849 3457 potestatem

288 3466 342 3532 sub
359 3466 483 3530 mortali
502 3468 547 3529 uti
571 3463 706 3525 remesiis
727 3460 1052 3542 certioribus,&pro·
1091 3459 1292 3539 impersedlam
1317 3458 1474 3524 cohibendi
1509 3460 1654 3526 videlicet
1686 3458 1851 3524 secundum

287 3545 501 3618 habilioribus,
520 3545 588 3618 quia
609 3562 646 3602 ex
667 3543 699 3601 vi
719 3543 827 3624 proprii
846 3545 982 3604 muneris
1005 3560 1051 3605 te·
1093 3544 1226 3606 leviores
1247 3557 1371 3617 poenas,
1386 3560 1456 3614 quae,
1471 3559 1533 3601 non
1550 3538 1663 3604 habent
1680 3537 1850 3603 inserteda·

288 3644 380 3690 netur
394 3623 551 3687 consulere
567 3617 657 3681 saluti
675 3618 864 3680 inbrmorum
880 3639 919 3682 eo
934 3621 1052 3682 meliori
1091 3641 1196 3683 mnum
1212 3616 1424 3693 irreparabile.
1448 3619 1540 3690 Quod
1558 3639 1632 3682 vero
1653 3620 1682 3680 hi
1703 3616 1767 3681 suos
1784 3620 1849 3680 lub-

288 3707 380 3768 modo
399 3721 458 3777 quo
478 3695 596 3776 potest.
622 3697 651 3756 Si
676 3697 758 3756 enirn
782 3695 875 3757 ludex
904 3696 1053 3760 bonorum
1090 3700 1168 3762 ditos
1189 3698 1348 3760 verberare
1367 3696 1504 3759 ualeant
1526 3742 1535 3772 ,
1561 3713 1646 3772 patet
1663 3717 1701 3758 ex
1716 3697 1847 3769 Scriptu-

287 3782 504 3857 temporalium
527 3790 651 3840 tenetur
673 3771 806 3835 iudicare
835 3777 922 3837 iuxta
948 3777 1053 3849 proba·
1092 3797 1133 3840 rae
1162 3775 1365 3850 audioritatei,
1385 3773 1419 3839 &
1445 3780 1596 3851 praecipue
1624 3775 1769 3839 Proverb.
1796 3789 1845 3852 23.

286 3862 426 3926 biliorcm
450 3859 651 3933 opinionem,
675 3868 711 3914 ut
737 3850 879 3916 delinivit
903 3853 1053 3917 lnnocen·
1092 3852 1167 3920 Noli
1177 3853 1346 3934 subtrahere
1361 3874 1380 3915 a
1397 3871 1483 3930 puero
1502 3854 1706 3932 disciplinam
1721 3857 1749 3934 fi
1767 3854 1849 3917 enim

287 3945 351 4005 tius
380 3937 435 3999 XI.
459 3931 648 4011 reprobando
677 3928 784 3995 thesim
809 3950 839 3992 2.
861 3933 891 3996 irl
919 3928 1053 3996 asortio-
1087 3935 1335 4014 percussorem
1354 3931 1463 4013 virga,
1481 3956 1537 3996 non
1556 3934 1716 4009 morietur,
1735 3933 1845 4010 &cap

286 4023 314 4083 ri
334 4015 559 4082 servare-debet
576 4011 707 4077 medicus
723 4013 755 4072 in
774 4008 875 4076 caussa
891 4013 1052 4077 infirmita·
1090 4034 1139 4092 29.
1155 4015 1243 4093 Virga
1261 4027 1347 4090 arque
1376 4013 1512 4088 correptio
1532 4011 1633 4077 tribuis
1644 4013 1847 4092 sapientiam,

285 4101 354 4174 tis,
385 4099 415 4158 in
436 4116 495 4174 qua
519 4095 621 4174 agitur
640 4091 677 4154 de
707 4087 819 4153 summo
840 4110 878 4155 ex
902 4092 1052 4156 naturali·
1089 4095 1125 4159 ἀ
1146 4096 1259 4157 iterum
1278 4090 1501 4172 servusverdis
1530 4115 1584 4156 non
1602 4096 1687 4171 poles
1706 4093 1820 4158 erudiri
1836 4137 1844 4151 .

283 4177 340 4243 bus
367 4173 475 4252 bom),⁸
496 4177 543 4238 ita
565 4188 599 4236 ut
619 4170 640 4232 sr
665 4171 722 4235 hoc
751 4169 873 4234 servare
893 4174 1052 4314 negliffat,
1088 4175 1162 4239 Hoc
1181 4174 1260 4237 idem
1284 4193 1358 4238 vero
1373 4173 1451 4248 quod
1471 4177 1642 4250 cornnetit,
1657 4172 1691 4237 ἃ
1711 4175 1784 4238 licet
1795 4194 1850 4249 pa·

282 4277 356 4320 reus
379 4253 436 4317 fiat
462 4255 556 4316 etiam
586 4247 761 4327 iniullitiae,
783 4271 818 4314 ac
843 4250 913 4316 ideo
932 4273 964 4315 re
990 4255 1051 4315 itu·
1089 4256 1186 4317 tribus
1203 4255 1233 4315 in
1254 4251 1355 4326 filios,
1374 4251 1504 4315 dominic
1531 4255 1565 4314 in
1583 4252 1709 4329 servos,
1725 4271 1847 4327 compe·

282 4336 363 4400 tioni
384 4331 499 4397 evadat
520 4330 688 4394 obnoxius.
712 4329 778 4392 Imo
794 4349 889 4407 neque
907 4330 930 4394 sl
949 4331 1050 4408 delpe-
1090 4337 1131 4396 tit
1153 4334 1248 4397 etiam
1275 4331 1500 4410 Ludimagillris
1520 4334 1551 4392 in
1574 4330 1753 4408 discipulos,
1772 4335 1845 4408 quia

243 4448 253 4459 =
285 4431 355 4479 rata
375 4411 412 4475 ht
430 4410 612 4485 infirmitas,
632 4410 716 4472 licite
734 4409 877 4473 adhibere
890 4410 985 4486 potest
1005 4413 1048 4472 in·
1089 4410 1204 4476 scilicet
1231 4409 1268 4474 ael
1291 4432 1342 4476 eos
1367 4407 1477 4486 spectat
1500 4410 1654 4489 disciplina
1683 4408 1847 4488 discipulo·

286 4510 406 4556 certum
432 4489 653 4564 pharmacum,
675 4489 711 4552 de
739 4509 798 4564 quo
825 4493 981 4567 ignoratur
1009 4512 1048 4555 an
1088 4513 1176 4564 tram,
1198 4489 1417 4564 &correptio
1439 4490 1596 4554 Caeterum
1619 4490 1847 4566 fingulieorum

288 4573 418 4637 salutare
440 4567 495 4645 sat,
519 4567 569 4632 vel
590 4570 746 4644 noxium,
773 4590 843 4631 cum
870 4572 983 4633 nemini
1013 4571 1049 4631 li·
1087 4568 1367 4633 attenderedebent
1384 4569 1583 4633 admonitum
1593 4569 1844 4646 Apostolissphel‘.

285 4668 504 4726 ceatquaerere
522 4649 750 4723 experimenta,
770 4646 802 4711 ἃ
822 4645 978 4712 scientiam
995 4649 1049 4713 ali·
1088 4653 1118 4712 6.
1134 4667 1241 4725 nempe
1260 4669 1299 4713 ne
1314 4648 1393 4713 filios
1408 4649 1539 4714 lamulos
1555 4670 1589 4712 ac
1603 4647 1760 4727 discipulos
1775 4670 1848 4728 pro-

284 4733 373 4793 cuius
394 4744 510 4792 morte.
534 4726 665 4790 Videtur
685 4743 790 4790 tamen
806 4725 963 4793 Coniliato
981 4749 1048 4804 pro·
1087 4747 1202 4795 vocent
1222 4728 1260 4791 ad
1286 4728 1491 4805 iracundiam,
1510 4728 1545 4795 dc
1560 4749 1597 4793 ne
1617 4726 1731 4807 stmper
1747 4732 1849 4794 minas

283 4807 413 4874 babilior
436 4809 543 4884 opinio
566 4825 697 4883 eorum,
721 4808 769 4880 qui
796 4807 907 4871 volrmt
927 4808 1048 4871 infirmo
1087 4824 1298 4886 exequantur,
1313 4803 1362 4871 sed
1379 4809 1539 4885 aliquando
1559 4813 1715 4874 remittant
1738 4828 1845 4886 poenas

279 4890 348 4952 iam
364 4884 540 4965 desperato,
564 4883 800 4950 &naturaliter
819 4904 905 4950 certe
920 4889 1047 4950 moritu·
1090 4909 1169 4965 quas
1186 4887 1262 4965 filii,
1277 4885 1353 4951 servi
1373 4887 1405 4952 dt
1421 4889 1557 4966 discipuli·
1578 4890 1733 4966 promeriti
1755 4885 1846 4951 sunta

287 4986 323 5031 ro
340 4965 587 5048 pollemedicum
614 4964 738 5030 dubium
762 4965 926 5030 remedium
953 4967 1048 5044 appli-
1091 4967 1183 5033 Unde
1197 4986 1237 5032 ex
1254 4969 1312 5030 boc
1333 4986 1496 5032 monentur
1513 4970 1643 5034 mediam
1659 4972 1740 5032 viam
1760 4983 1849 5029 tene·

282 5066 379 5123 care,
399 5048 467 5123 quia
488 5067 529 5111 ex
542 5060 602 5121 quo
626 5043 664 5108 sat
683 5043 821 5121 dubium,
837 5050 866 5109 ei
887 5043 984 5122 potesl
1006 5047 1047 5110 le·
1092 5068 1124 5114 re
1144 5050 1225 5111 inter
1241 5050 1386 5125 rigorem,
1405 5046 1438 5111 da
1454 5051 1705 5124 conniventiam,
1721 5043 1853 5138 idestne

1727 5145 1818 5189 nunu
