4425 6000
442 553 493 625 7i.
669 530 1445 608 TRACT.DEIN11JSTITIA&c.
1473 534 1590 605 Cas.
1619 533 1676 605 11.

393 647 486 700 quam
505 629 630 707 possidet
648 679 656 710 ,
687 634 964 713 quomodocumque
980 635 1102 698 adeum
1119 630 1157 693 il·
1193 631 1290 708 potest
1310 633 1389 697 circa
1407 629 1542 696 debitum
1565 633 1633 696 ralis
1651 629 1818 706 possessoris
1847 651 1899 696 eos
1915 652 1961 696 re·
1974 657 2009 695 ex

392 703 424 771 la
444 708 607 776 obvenerit
627 711 690 777 sive
706 715 898 791 donatione,
925 711 987 778 sive
1004 730 1158 792 permuta·
1193 708 1356 787 stituendi,
1372 710 1494 786 quando
1512 715 1672 788 contingat
1693 730 1765 773 eum
1791 712 1958 783 depreben-
1976 708 2011 758 scr

393 805 451 863 ne,
471 787 534 854 live
555 791 760 872 haereditate,
781 793 844 858 sive
864 798 960 858 etiam
979 794 1158 869 emptione,
1193 791 1265 853 dere
1285 793 1377 854 talem
1394 810 1456 853 rem
1484 792 1544 854 esse
1565 792 1714 865 alienam,
1736 811 1790 866 pro
1818 787 1959 858 faciliore
1978 786 2009 825 ¹⁸

390 864 494 931 slatiui
515 890 550 934 ac
565 871 716 950 cognoscit
738 895 801 937 rem
820 875 904 937 illam
925 873 1009 936 luam
1029 891 1093 935 nori
1113 868 1157 933 es·
1192 870 1397 949 intelligentia
1419 870 1623 935 huiuscemodi
1640 870 1833 948 obligationis

391 943 441 1023 le,
465 967 520 1011 nec
541 949 638 1015 adliuc
658 950 737 1018 facia
757 951 794 1016 sit
816 954 947 1032 legitima
969 949 1157 1029 praescriptio
1232 950 1463 1014 Advertendum
1483 951 1560 1024 quod
1592 953 1716 1014 nomine
1740 948 1889 1013 srndluum
1913 952 1963 1013 in-

392 1023 550 1091 tellituere
571 1048 712 1096 teneatur
733 1049 818 1109 patet
840 1053 879 1096 ex
905 1033 924 1094 l.
947 1051 995 1093 22.
1016 1033 1053 1094 de
1068 1028 1154 1107 petit.
1195 1029 1292 1107 telligi
1317 1028 1392 1093 solet
1414 1034 1531 1105 qiiaevis
1549 1032 1669 1094 utilitas
1686 1051 1753 1105 quae
1775 1050 1813 1092 ex
1843 1050 1876 1092 re
1896 1027 1965 1106 pos·

393 1103 502 1170 haered.
525 1109 607 1186 Qiia
619 1111 755 1176 dominus
772 1116 818 1175 ius
834 1112 924 1178 habet
935 1131 998 1175 rem
1015 1109 1097 1174 suam
1108 1129 1155 1172 re·
1192 1107 1262 1170 sella
1286 1113 1396 1186 percipi
1418 1108 1507 1184 possit
1524 1158 1532 1186 ,
1556 1107 1685 1172 dedudlis
1711 1107 1869 1186 expensis,
1888 1130 1959 1185 quae

393 1189 557 1262 cuperanai
579 1209 613 1254 ac
638 1191 798 1267 possidendi
822 1190 942 1269 ipsaque
971 1191 1076 1253 utendi
1094 1188 1154 1266 ,dt
1192 1189 1228 1250 ad
1247 1186 1357 1251 studius
1378 1190 1584 1266 percipiendos
1612 1191 1675 1252 lieri
1703 1207 1853 1264 oportet.
1883 1188 1961 1251 Fru-

392 1279 468 1328 tunc
488 1286 556 1330 eam
567 1287 725 1334 tenentem
744 1291 806 1335 nori
823 1273 948 1349 amplius
968 1268 1156 1334 excusatbo·
1191 1266 1254 1329 dius
1277 1290 1355 1333 vero
1376 1275 1418 1334 rei
1440 1269 1492 1332 alii
1517 1270 1585 1332 lunt
1607 1269 1779 1345 naturales,
1801 1268 1852 1330 alii
1871 1269 1964 1332 indn-

391 1360 433 1407 na
453 1341 524 1409 sides
533 1395 543 1425 ,
559 1351 622 1413 imo
641 1349 761 1424 quando
780 1353 933 1431 cognoscit
954 1371 1018 1413 rem
1041 1349 1101 1411 elle
1122 1369 1155 1411 a·
1192 1345 1328 1423 llriales,
1347 1350 1398 1412 alii
1416 1352 1526 1413 mixti.
1548 1347 1674 1412 fredus
1702 1350 1855 1411 naturales
1888 1346 1959 1411 sunt

392 1421 525 1504 lienam,
543 1428 564 1489 li
584 1451 672 1504 quam
687 1435 818 1509 primum
827 1430 983 1495 commode
1004 1426 1101 1506 potest
1122 1429 1153 1489 ii·
1193 1426 1237 1488 illi
1264 1475 1272 1501 ,
1292 1449 1366 1503 quos
1388 1426 1450 1492 sola
1477 1447 1626 1501 operante
1647 1447 1757 1491 natura
1781 1450 1827 1490 res
1849 1426 1959 1503 sponte

391 1501 454 1565 lam
473 1504 598 1571 domino
614 1530 676 1573 non
694 1508 844 1587 rellituit,
865 1511 902 1575 fit
922 1509 1066 1590 pollellor
1088 1528 1152 1571 ma·
1193 1508 1351 1582 producit,
1372 1509 1479 1585 nullo,
1500 1509 1549 1570 seu
1573 1511 1625 1570 vix
1647 1508 1714 1570 ullo
1745 1508 1880 1572 humano
1908 1506 1958 1568 la·

348 1641 349 1644 ,
390 1580 430 1645 lae
449 1582 517 1649 lidei
543 1637 551 1665 ,
579 1610 614 1653 ac
638 1589 704 1653 ideo
726 1593 846 1655 reddere
873 1608 996 1654 tenetur
1022 1609 1087 1651 tum
1107 1609 1157 1651 ra·
1190 1586 1284 1664 bore,
1301 1608 1334 1649 ac
1356 1588 1502 1651 indullria
1521 1606 1727 1662 cooperante,
1749 1605 1783 1651 ut
1810 1586 1880 1649 lunt
1900 1582 1962 1648 soe·

390 1664 475 1726 tione
496 1670 539 1729 tei
560 1686 720 1749 acceptas,
741 1690 809 1733 tiim
830 1668 1085 1734 rationeiniiillae
1107 1668 1157 1730 de·
1193 1684 1241 1727 tus
1272 1669 1447 1729 animalium
1506 1667 1617 1731 haerbae
1653 1685 1834 1743 pratorum,
1864 1665 1961 1748 sylva

392 1746 568 1824 tentionis,
594 1771 660 1824 quae
682 1749 800 1813 iniustae
823 1753 995 1828 acceptioni
1016 1750 1156 1823 aequiva·
1191 1745 1325 1833 caediiae,
1345 1747 1378 1810 dt
1404 1715 1548 1834 eiusmodi
1573 1746 1592 1808 l.
1613 1745 1730 1830 saueius
1757 1767 1804 1823 45.
1834 1746 1871 1809 de
1895 1743 1964 1822 ulu-

392 1818 455 1884 let.
476 1825 788 1904 Hincsiquamdi'uell
803 1827 990 1904 inculpabili
1012 1847 1097 1889 mora
1108 1846 1156 1889 res
1191 1844 1255 1885 ris.
1274 1826 1397 1887 Frurlus
1422 1827 1603 1904 industrialcs
1619 1829 1687 1890 lunt
1716 1826 1779 1900 illi,
1799 1846 1875 1901 quos
1899 1823 1965 1886 sola

389 1920 514 1982 pereat,
534 1906 897 1986 etiamcasu,relliiuere
913 1908 1002 1970 debet
1017 1910 1158 1983 eiuspre·
1194 1904 1325 1988 bumana
1340 1907 1488 1970 iiidullria
1504 1902 1640 1983 profert,
1656 1906 1689 1969 dc
1706 1903 1897 1967 nullomodo
1923 1923 1963 1965 ex

391 1982 485 2044 tium.
508 1985 631 2065 Insuper
649 1989 787 2051 dominus
807 1990 870 2052 line
894 1989 1005 2050 iniuria
1020 1988 1085 2063 cogi
1103 2005 1156 2048 ne·
1194 1985 1255 2048 lola
1273 2002 1384 2049 natura
1405 1990 1449 2048 rei
1466 1985 1671 2061 producuntur
1687 1986 1825 2058 quamvis
1845 2003 1965 2046 cacon-

392 2065 458 2133 qiiit
476 2081 509 2127 ut
527 2088 591 2130 rem
607 2066 690 2131 suam
708 2069 843 2147 vendat,
863 2066 989 2143 ideoque
999 2086 1061 2129 rein
1075 2085 1157 2127 aam-
1192 2082 1295 2127 currat
1308 2082 1342 2127 ut
1353 2064 1586 2128 instrumentum
1607 2061 1964 2137 bominisindullriiope·

392 2138 459 2202 dem
484 2146 515 2205 in
545 2147 702 2211 individuo
722 2147 742 2208 si
764 2148 859 2212 adhuc
884 2164 971 2210 extet
1001 2167 1063 2210 non
1092 2166 1157 2219 pre·
1192 2146 1312 2220 rantis,
1337 2146 1389 2209 vel
1413 2146 1630 2223 negotiantis,
1662 2162 1698 2208 iit
1718 2143 1760 2206 eli
1782 2142 1965 2220 stipendium

392 2220 471 2282 tium
485 2271 494 2296 ,
508 2245 563 2289 aut
584 2227 666 2291 aliud
685 2229 892 2304 aequivalens,
912 2229 1028 2289 rellitui
1050 2224 1157 2301 debet,
1192 2224 1272 2297 quod
1292 2226 1359 2300 quis
1382 2228 1514 2300 accipit,
1533 2223 1605 2288 dum
1622 2220 1747 2300 ipsemet
1774 2224 1811 2286 ad
1839 2220 1962 2296 aliquod

392 2299 449 2360 nisi
471 2297 548 2367 sorte
568 2304 628 2381 ipse
648 2307 848 2385 consentiat,
874 2306 942 2381 quia
964 2326 1009 2369 ies
1029 2309 1062 2366 in
1082 2304 1157 2366 indi·
1192 2300 1362 2379 opus,seu
1390 2300 1568 2367 artesadlum
1598 2307 1698 2366 utitur
1730 2303 1830 2365 alieno
1854 2300 1963 2364 inllru·

393 2379 488 2443 viduo
501 2382 545 2445 est
565 2386 708 2468 domini,
739 2410 774 2451 ac
802 2387 928 2464 proinde
948 2387 993 2448 ius
1014 2383 1102 2446 habet
1120 2385 1158 2445 il·
1193 2401 1298 2446 mento
1315 2430 1324 2459 ‚
1345 2400 1379 2445 iit
1397 2385 1565 2459 penicillo,
1590 2382 1623 2448 dt
1652 2381 1803 2446 coloribus
1828 2381 1864 2444 ad
1895 2384 1963 2458 pin·

397 2455 459 2523 lam
480 2460 659 2543 possidendi,
680 2490 715 2533 ac
731 2468 879 2530 retinendi
900 2486 939 2530 cx
955 2467 976 2529 l.
996 2480 1023 2542 3.
1044 2469 1157 2542 Regum
1192 2464 1335 2541 gendum.
1357 2463 1436 2525 ltem
1457 2465 1574 2526 lucrum
1594 2464 1673 2538 quod
1694 2464 1761 2536 quis
1781 2458 1964 2536 reportat&

394 2554 453 2621 cap.
465 2558 514 2601 21.
538 2544 586 2605 ubi
609 2545 643 2608 de
662 2552 752 2611 vinea
775 2546 916 2608 Nabotli.
1194 2546 1344 2618 pecunia,
1361 2542 1537 2621 frumento,
1557 2544 1652 2618 vino,
1670 2544 1743 2628 oleo
1761 2538 1821 2604 &o
1845 2540 1883 2605 ad
1909 2560 1964 2628 ne·

434 2618 463 2679 Si
474 2640 579 2686 autem
590 2625 729 2699 polless'or
744 2626 832 2690 bonae
844 2626 914 2688 lidei
935 2645 999 2686 rem
1018 2622 1156 2687 consum·
1192 2625 1399 2699 gotiatioiiem
1416 2621 1518 2694 positis
1535 2622 1555 2683 l.
1569 2629 1656 2686 Bona·
1667 2623 1741 2700 fidei
1752 2620 1833 2701 Μ
1847 2639 1960 2698 acquir.

394 2692 504 2777 liserit,
525 2701 678 2780 amiserit,
695 2706 744 2769 vel
755 2706 1035 2783 quomodocumque
1045 2703 1158 2766 aliena·
1193 2723 1249 2765 rer.
1269 2702 1379 2764 domin.
1400 2701 1526 2765 Frtistus
1545 2702 1636 2764 mixti
1656 2702 1702 2763 illi
1718 2698 1787 2763 sunt
1802 2699 1872 2787 nd
1888 2719 1965 2776 quos

394 2779 477 2840 verit
487 2780 579 2852 ,nibil
591 2785 753 2857 rellituere
763 2804 885 2848 tenetur
896 2784 950 2847 nili
963 2804 1002 2847 ex
1015 2784 1070 2847 tali
1080 2781 1158 2844 eius·
1194 2780 1398 2858 producendos
1419 2780 1594 2846 notabiliter
1607 2797 1794 2847 concurrunt
1826 2788 1894 2853 tans
1909 2799 1964 2848 na·.

393 2853 463 2917 dem
474 2859 581 2925 alienae
593 2867 635 2925 rei
645 2865 872 2940 consumptione
884 2914 893 2946 ,
905 2883 957 2927 aut
969 2865 1158 2927 alienatione
1195 2881 1264 2925 tuta
1286 2866 1346 2939 rei,
1367 2861 1607 2939 quamiiidullria
1629 2862 1776 2934 hominis,
1795 2858 1966 2923 cuiusmodi

392 2934 527 3003 audant
544 2964 591 3004 res
607 2947 671 3008 eius
680 2944 838 3009 domestica
851 2993 858 3020 ,
870 2945 983 3008 scilicet
998 2940 1051 3006 nisi
1064 2937 1158 3006 fastus
1194 2944 1262 3006 liint
1279 2938 1414 3021 segetes,
1434 2961 1523 3018 iivae,
1543 2964 1594 3007 om
1616 2933 1829 3017 esquesrutlus
1840 2937 1970 3004 serendo

393 3011 555 3097 sitditior;
576 3041 614 3086 ex
625 3023 711 3106 instit.
726 3027 763 3088 de
776 3026 843 3103 offic.
854 3023 961 3087 iudicis
972 3044 983 3086 .·
991 3023 1069 3086 Cum
1077 3025 1160 3085 enim
1194 3024 1227 3087 dc
1251 3024 1381 3085 colendo
1397 3023 1552 3098 produlli:
1579 3027 1649 3099 qu'a
1667 3022 1731 3085 haec
1762 3028 1868 3083 omnia
1897 3039 1967 3097 pro·

394 3089 654 3166 solumteneatur
677 3105 713 3167 ad
735 3104 958 3167 rellitutioncni
978 3106 1097 3166 ratione
1115 3110 1158 3164 rei
1194 3103 1278 3165 ducit
1299 3102 1418 3177 quidem
1438 3105 1480 3165 rei
1502 3121 1633 3179 natura,
1654 3098 1701 3163 sed
1730 3100 1769 3163 ad
1794 3098 1892 3177 ipsam
1921 3103 1969 3161 in-

392 3191 528 3248 acceptae
549 3180 582 3242 ἃ
604 3183 757 3260 posselsae,
776 3204 839 3244 non
856 3183 922 3257 plus
943 3182 1099 3245 rellituere
1112 3198 1158 3243 te·
1194 3181 1446 3244 dullriahominis
1458 3180 1638 3246 notabiliter
1658 3198 1880 3244 concurrente.
1906 3178 1970 3244 Ad·

455 3275 490 3315 tir
510 3278 597 3331 quam
619 3263 645 3325 id
655 3264 732 3336 quod
750 3260 915 3339 possideat,
934 3260 1038 3325 fivein
1055 3259 1102 3335 se,
1124 3258 1159 3320 si·
1195 3263 1270 3323 dunt
1291 3261 1342 3324 alii
1361 3259 1521 3337 quamdam
1537 3261 1628 3326 aliam
1645 3260 1773 3334 speciem
1795 3256 1972 3346 srustuum,

420 3349 485 3393 ein
514 3340 733 3412 aequivalenti.
760 3340 900 3404 Tenetur
926 3362 1003 3405 vero
1027 3341 1055 3402 id
1074 3339 1158 3403 relli-
1194 3360 1267 3418 quos
1290 3339 1402 3402 l'rudlus
1422 3340 1526 3404 ciuiles
1543 3359 1679 3415 vocant,
1700 3338 1871 3404 huiusmodi
1900 3343 1970 3404 lunt

435 3429 502 3487 01²,
517 3435 556 3478 ex
573 3440 632 3494 quo
653 3420 744 3485 sadus
769 3420 807 3483 sit
831 3421 952 3499 ditior,
972 3421 1044 3497 quia
1072 3420 1101 3481 id
1127 3420 1158 3481 in
1196 3418 1348 3497 pensiones
1368 3417 1545 3497 domorum,
1566 3425 1693 3485 navium
1714 3419 1869 3497 vedum,
1891 3440 1972 3484 mer·

393 3509 411 3563 ‘i
435 3511 454 3553 0
479 3492 572 3559 sadus
595 3497 638 3561 ell
659 3502 752 3565 ditior
780 3501 911 3565 succedit
939 3505 971 3564 in
997 3500 1094 3564 locuni
1116 3503 1157 3561 rei
1194 3500 1298 3576 cedes,
1314 3495 1441 3576 salatia,
1461 3498 1560 3565 usurae
1578 3505 1675 3576 pretia
1697 3519 1799 3564 rerum
1828 3500 1972 3569 elocata·

392 3588 555 3662 3⁶⁶⁸Pt2,
583 3600 649 3655 qiiae
676 3599 750 3644 tunc
780 3584 812 3644 in
840 3580 1044 3657 aequivalenti
1081 3579 1158 3647 apud
1197 3602 1283 3655 rum,
1303 3577 1626 3655 &huiusmodi;quae
1646 3582 1749 3644 omnia
1771 3582 1801 3640 iri
1832 3576 1906 3645 soro
1927 3583 1972 3649 ci·

392 3671 422 3722 ip
438 3672 488 3714 um
505 3674 617 3735 extat,
633 3680 669 3725 ac
697 3661 764 3724 ideo
788 3681 852 3725 roni
880 3661 1013 3724 alienam
1032 3658 1159 3735 possidet
1196 3662 1251 3725 vili
1273 3657 1424 3722 habentur
1443 3677 1477 3723 ut
1501 3659 1637 3738 studius,
1658 3680 1721 3723 nori
1746 3662 1815 3733 quia
1849 3665 1975 3739 proprie

392 3733 425 3791 in
454 3735 654 3808 aequivalenti
683 3762 691 3802 ε
721 3761 813 3817 quare
841 3761 911 3803 cum
934 3759 973 3803 ex
997 3759 1032 3802 te
1059 3740 1159 3802 aliena
1196 3736 1309 3802 sindus
1330 3736 1406 3813 fini,
1427 3735 1475 3801 sed
1491 3741 1561 3815 quia
1578 3738 1616 3803 ad
1638 3740 1729 3803 inllar
1749 3736 1906 3805 srudluum
1926 3748 1975 3807 iu·

391 3832 461 3874 cum
478 3812 590 3877 domini
608 3818 719 3884 iadlura
738 3818 826 3884 fieret
850 3819 1027 3893 locupletior
1049 3837 1158 3883 contra
1195 3840 1226 3881 re
1246 3818 1329 3882 civili
1350 3815 1515 3883 conllituta
1536 3817 1605 3884 sunt
1625 3818 1846 3886 teredini-nm
1869 3825 1922 3901 36.
1940 3822 1973 3905 ff.

391 3890 527 3978 regulam
546 3893 597 3982 Ι48.
621 3898 700 3962 luris
720 3902 750 3961 iii
774 3902 805 3960 6.
825 3898 1010 3976 Locupleran'
1025 3920 1082 3962 non
1112 3897 1159 3960 dt·
1195 3899 1232 3963 de
1251 3897 1365 3979 usuris.

350 3982 353 3988 '
393 3965 439 4060 det
458 3971 564 4048 aliquis
588 3977 1050 4044 cumalreriusiaciuraidcirco
1070 3979 1158 4040 inta⁴
1234 3979 1467 4044 Advertendum
1486 3999 1515 4042 2.
1536 3977 1665 4045 Frullus
1683 3982 1758 4046 alios
1779 3979 1840 4049 elle
1876 3987 1978 4061 perci·

393 4044 416 4107 li
432 4053 622 4140 conditionis
642 4054 720 4122 slatu
742 4058 902 4124 restituere
918 4079 985 4121 eam
1006 4075 1157 4121 tenetur.
1195 4058 1318 4137 piendos
1347 4059 1380 4123 ἃ
1410 4059 1506 4123 adhuc
1535 4059 1733 4140 pendentes,
1759 4061 1834 4125 alios
1868 4086 1978 4140 perce·

393 4125 477 4220 Hinc
499 4131 656 4199 relliiuere
673 4137 762 4201 debet
780 4137 801 4200 si
819 4159 883 4203 rem
908 4138 1060 4212 donavit,
1076 4133 1160 4199 seriis
1196 4157 1283 4217 ptos.
1302 4137 1427 4202 Frudlus
1449 4138 1614 4214 pendentes
1636 4146 1656 4203 ii
1678 4145 1977 4219 dicunturquinon·

394 4205 488 4271 aliam
508 4230 547 4275 ex
568 4213 627 4277 luis
644 4216 834 4296 donaturus,
857 4221 907 4282 vel
926 4214 1106 4292 consumpsit
1123 4216 1159 4278 ad
1196 4219 1266 4281 dum
1289 4213 1359 4282 sunt
1384 4218 1528 4283 colledi.
1553 4220 1592 4283 Et
1621 4222 1699 4287 tales
1725 4220 1837 4286 srudlus
1859 4227 1979 4292 cedunt

395 4291 533 4379 proprior
554 4291 642 4366 usus,
665 4316 700 4359 ac
721 4299 844 4360 interim
866 4300 994 4374 propria
1006 4300 1161 4374 pepercit,
1196 4296 1309 4375 fundo,
1329 4294 1514 4375 fundumque
1531 4298 1726 4375 sequuntur.
1749 4302 1880 4367 Fruflus
1908 4329 1978 4383 per·

302 4428 303 4445 ,
395 4385 468 4454 §iura
489 4374 683 4438 tantumdem
704 4396 743 4438 ex
761 4376 818 4439 luis
838 4377 922 4441 bonis
943 4378 1097 4453 servavit,
1125 4375 1159 4441 ἀ
1195 4386 1275 4456 cepti
1288 4380 1340 4442 alii
1362 4377 1460 4442 adhuc
1481 4394 1614 4457 extant,
1636 4382 1709 4444 idest
1730 4381 1888 4449 nonlunt
1906 4408 1979 4451 con·

293 4459 300 4510 ς’
393 4457 441 4507 ita
460 4465 499 4510 ex
515 4469 548 4513 re
565 4453 663 4519 aliena
680 4455 744 4531 plus
775 4457 866 4520 liabet
894 4461 926 4520 in
957 4477 989 4519 re
1018 4455 1161 4520 domelli·
1198 4457 1401 4538 sumpti3ailii
1424 4455 1747 4601 ianitorisuinsptinon
1768 4462 1904 4540 amplius
1926 4486 1981 4530 ex·

395 4544 437 4617 ca
453 4571 463 4603 ‚
489 4550 581 4604 quam
605 4534 742 4611 alioquin
775 4535 920 4602 liaberet.
953 4535 1034 4600 lteni
1058 4534 1161 4601 sitem
1199 4558 1290 4619 tant,
1309 4540 1479 4615 utpotequi
1498 4559 1635 4605 convert
1655 4544 1718 4606 iam
1738 4540 1796 4606 sint
1819 4563 1838 4607 a
1864 4544 1977 4621 polles·

396 4603 530 4700 alienam
553 4608 603 4675 sibi
635 4614 783 4679 donatam
810 4617 946 4681 vendidit
975 4616 1009 4681 dt
1032 4636 1071 4680 ex
1091 4619 1158 4679 eius
1194 4627 1260 4691 sore
1280 4624 1313 4682 in
1334 4620 1468 4696 proprios
1489 4617 1577 4683 usus.

394 4701 495 4772 pretio
518 4710 661 4770 percepto
686 4691 778 4760 ladius
798 4691 834 4757 sit
851 4699 970 4773 ditior,
1001 4696 1159 4760 restituere
1233 4696 1471 4764 Advertendum
1492 4699 1615 4763 tandem
1637 4721 1653 4764 a
1680 4701 1845 4775 polleslore
1877 4708 1923 4770 rei
1942 4726 1974 4771 a·
1997 4725 2011 4776 r

392 4779 538 4846 tenetur,
558 4776 625 4847 quia
642 4778 673 4836 iii
694 4772 815 4854 singulis
834 4772 917 4838 didlis
936 4775 1048 4841 rabbus
1067 4775 1159 4840 babet
1195 4785 1285 4848 lienae
1302 4797 1369 4842 tum
1384 4780 1472 4843 bonae
1495 4798 1561 4844 tum
1581 4780 1671 4846 malae
1688 4779 1759 4846 fidei
1788 4785 1899 4851 varias
1918 4781 1973 4852 sae·
1988 4806 2011 4846 ni

393 4866 460 4910 rem
482 4848 568 4915 illam
589 4856 619 4914 in
636 4854 837 4931 aequivalenti
858 4855 929 4919 idell
947 4859 979 4917 in
996 4856 1162 4935 pretio,&
1197 4884 1234 4942 pe
1267 4856 1333 4921 fieri
1358 4860 1504 4936 expensas
1533 4859 1596 4925 sive
1621 4881 1729 4938 prore
1756 4863 1970 4930 conservanda
1985 4867 2011 4921 Ρ(

394 4927 465 4995 ideo
480 4949 545 4993 rem
561 4933 694 4996 alienam
711 4932 854 5008 poffidet.
1197 4939 1250 5009 vel
1270 4937 1473 5015 melioranda,
1493 4938 1555 5003 sive
1564 4960 1618 5017 pro
1635 4937 1777 5005 sruuibus
1793 4961 1832 5004 ex
1850 4965 1889 5008 ea
1902 4932 2009 5034 per-J

254 5034 381 5093 ,mm-5„
435 5007 526 5074 Circe
548 5031 625 5078 vero
652 5010 763 5078 studius
788 5034 874 5091 perce
896 5033 945 5081 tos
966 5034 983 5078 a
1007 5014 1165 5092 possessore
1197 5017 1363 5097 cipiendis;
1379 5017 1412 5082 ἀ
1441 5015 1644 5083 huiuscemodi
1672 5018 1814 5096 expensae
1843 5020 1961 5100 possunt

255 5083 485 5168 percepiebonae
514 5088 583 5156 fidei
612 5112 652 5157 ex
677 5113 710 5159 re
726 5094 851 5174 aliena,
867 5036 904 5160 de
934 5092 1040 5172 quibus
1069 5099 1165 5174 quari
1201 5100 1262 5169 elle
1290 5096 1417 5176 triplicis
1444 5101 1591 5180 generis,
1613 5099 1682 5165 aliae
1711 5121 1819 5177 nempe
1834 5101 1966 5193 necessa·

811 5193 814 5196 ⁴
842 5231 844 5235 .
1028 5214 1031 5220 -
1651 5203 1657 5219 ·»
1861 5199 1915 5248 riae
