4425 6000
560 537 768 614 'turem
801 555 869 607 ne
904 532 1487 606 Commemoratis.
1714 537 1784 608 261

260 659 351 710 nem.
370 656 400 701 2.
424 633 568 701 Tenetur
591 639 628 701 ad
652 632 796 712 impensas
822 632 1034 697 extraordina·
1070 634 1144 697 dum
1163 650 1215 710 pet
1236 635 1364 695 tertium
1384 630 1521 696 adsuunt
1540 630 1775 698 dominumearn
1791 651 1838 696 re·

263 729 325 789 tias
351 740 393 786 ex
412 721 464 784 tit.
489 719 560 796 Leg.
583 729 610 797 3.
642 715 785 782 Tenetur
816 731 881 775 rem
907 729 968 775 uon
988 729 1035 771 re·
1071 710 1171 787 misit,
1192 708 1290 774 sinon
1309 713 1377 774 ulus
1398 708 1748 792 sttmagnadiligentia,
1767 733 1839 788 ptu-

263 821 373 880 petete
394 813 468 863 ante
489 815 626 873 tempus,
642 795 679 858 de
699 813 760 871 quo
780 791 926 869 explicite
946 838 955 868 ,
974 789 1033 852 ·vel
1071 793 1194 867 dentia,
1217 807 1251 853 ut
1269 788 1390 853 fidelem
1411 837 1421 867 ,
1448 809 1485 854 ac
1499 790 1641 855 idoneum
1656 795 1838 868 inveniret,

260 882 412 958 implicite
433 892 625 941 conventum
650 872 709 938 suit
739 892 811 935 tum
831 868 1036 935 commodata·
1071 870 1156 934 secus
1178 887 1254 932 vero
1282 867 1304 930 li
1325 885 1502 934 accuratam
1525 876 1768 948 praecautionem
1789 870 1839 934 ad·

263 964 314 1026 tio
342 962 408 1040 υς
434 976 482 1030 17.
511 961 536 1019 i.
556 954 695 1019 commod.
725 953 766 1020 (9
796 967 857 1030 cap.
887 949 970 1014 unito
1002 950 1037 1011 dt
1072 951 1204 1014 bibuerit
1257 949 1329 1027 Lag.
1352 961 1399 1010 ao.
1421 971 1480 1015 cr.
1503 952 1642 1016 commod
1668 953 1718 1016 vel
1739 951 1760 1013 li
1777 969 1839 1016 tet·

263 1043 405 1104 mod·
431 1039 503 1112 quia
529 1051 565 1098 ut
589 1036 629 1098 ibi
654 1035 765 1096 dieitur
793 1051 852 1093 non
863 1040 1036 1110 epactetum
1072 1032 1134 1094 tius
1163 996 1279 1092 eledlut
1317 1025 1409 1095 suerit
1440 969 1476 1094 al>
1504 1029 1567 1108 ipso
1596 1032 1838 1105 cointrodante,

263 1118 402 1197 &maloin
419 1111 535 1194 denti,
548 1108 880 1191 sedimi;&quia
900 1109 978 1172 alter
997 1126 1037 1170 ex
1072 1130 1143 1173 nam
1167 1126 1243 1172 tunt
1264 1127 1347 1172 certe
1380 1130 1427 1174 rea
1451 1112 1577 1175 domino
1607 1108 1659 1175 suo
1680 1114 1775 1186 petit.
1807 1108 1838 1171 Si

261 1194 390 1276 tripalli
408 1199 455 1260 ιω
472 1192 632 1271 aequisuit
652 1212 687 1256 re
714 1190 820 1256 utendi
837 1186 982 1266 usquead
1001 1185 1038 1248 ii·
1072 1206 1178 1253 autem
1195 1206 1242 1251 ret
1266 1192 1455 1255 commodata
1483 1188 1577 1255 suerit
1598 1191 1686 1255 alteri
1704 1192 1737 1252 iu
1756 1209 1839 1254 eom-
1895 1201 1898 1208 ’

262 1297 335 1342 nem
355 1275 665 1351 temmtheunveuti
687 1293 699 1350 ;
725 1267 875 1334 idcircosr
896 1283 969 1332 ante
988 1286 1038 1330 te·
1071 1270 1193 1332 modum
1213 1273 1390 1345 uttiulque,
1405 1270 1500 1334 solum
1521 1268 1678 1335 tenebitur
1692 1270 1731 1334 de
1749 1277 1840 1346 culpa

265 1373 379 1435 petat,
401 1367 472 1420 cim
497 1353 589 1419 alteri
619 1352 764 1414 iniuriam
791 1345 898 1413 secerit
920 1350 972 1409 ius
991 1345 1037 1407 iili
1073 1350 1134 1412 levi
1156 1369 1165 1423 ;
1192 1344 1310 1412 sivero
1330 1350 1361 1410 in
1380 1348 1575 1413 commodum
1590 1348 1683 1414 lolius
1705 1370 1840 1415 tommo·

263 1434 433 1514 violando,
447 1435 529 1511 quod
544 1454 585 1497 ex
604 1432 818 1495 conventione
840 1424 1038 1505 adeptusell,
1071 1428 1173 1491 dantis
1187 1428 1248 1505 ,de
1260 1426 1349 1504 culpa
1371 1429 1434 1494 lata
1453 1433 1543 1494 iuxta
1563 1430 1682 1508 tegulas
1698 1431 1839 1496 aliascx·

264 1513 423 1584 tenebitut
437 1514 477 1576 de
497 1513 664 1587 interell'e,
691 1508 744 1572 seu
773 1507 883 1571 damno
902 1503 981 1581 quod
997 1508 1039 1567 ei·
1073 1504 1201 1586 positas.

264 1595 338 1660 dem
355 1601 524 1670 sequatur,
543 1590 598 1657 oisr
620 1607 724 1655 tanen
731 1586 935 1651 commodanti
944 1582 1038 1647 simile
1112 1586 1202 1673 Circa
1219 1607 1296 1651 veto
1314 1608 1419 1652 turam
1437 1592 1478 1653 rei
1498 1590 1700 1656 cormuodattc
1720 1593 1753 1654 ιιι
1767 1609 1839 1658 ton·

265 1675 411 1740 damnum
431 1692 470 1736 ex
490 1673 629 1738 carentia
651 1673 697 1734 rei
723 1663 785 1731 suae
801 1669 965 1744 inopinato
980 1666 1037 1726 im·
1072 1668 1161 1731 curlu
1189 1669 1345 1746 proptiae,
1369 1665 1391 1730 li
1421 1674 1537 1747 propria
1563 1668 1598 1734 sit
1623 1667 1779 1747 pretiosior
1806 1688 1839 1732 re

263 1756 413 1819 mineat:
435 1771 506 1816 nam
520 1754 553 1814 in
570 1751 625 1815 tali
646 1746 719 1813 casu
735 1765 772 1809 ex
787 1746 943 1810 cumomni
961 1740 1039 1808 iulle
1072 1749 1291 1824 conmodata,
1319 1746 1369 1812 vel
1398 1746 1534 1826 deposita
1556 1797 1565 1828 ,
1594 1749 1692 1827 potell
1720 1752 1839 1827 propria

263 1849 404 1910 repetere
441 1830 540 1907 potest
571 1851 636 1895 rem
670 1827 756 1892 suam
783 1842 858 1890 aute
886 1821 1039 1888 statutum
1075 1845 1137 1903 prae
1159 1829 1260 1890 aliena
1279 1828 1472 1893 totnnodata
1492 1830 1543 1896 vel
1563 1829 1697 1907 deposita
1717 1827 1840 1894 conset·

265 1929 386 1998 tempus
401 1916 498 1975 etiam
516 1930 587 1974 cum
601 1908 732 1973 alteriue
751 1905 882 1981 damno,
897 1906 1038 1991 quianon
1073 1907 1163 1982 vari,
1180 1910 1253 1982 quia
1272 1926 1334 1969 non
1354 1909 1449 1986 exigit
1466 1914 1595 1987 aequitat
1612 1961 1621 1989 ,
1640 1930 1674 1974 ut
1691 1913 1757 1988 quis
1777 1929 1841 1972 ma.

264 1991 406 2056 te'uletur
426 1987 600 2055 contclstll'e
617 1987 706 2052 alteri
722 1981 809 2049 usum
829 1981 962 2059 reisuae,
983 1983 1037 2045 uili
1074 1990 1141 2048 iore
1156 1981 1209 2049 suo
1224 1986 1336 2049 damno
1355 2006 1487 2074 caveat,
1508 1987 1559 2055 seu
1575 1990 1721 2070 impediat
1739 1993 1840 2053 minua

268 2067 322 2134 stit
337 2069 394 2136 ltac
412 2074 506 2134 tacita
525 2068 725 2144 conditione,
742 2082 778 2128 ut
795 2068 827 2125 iu
845 2061 900 2128 tali
919 2080 1038 2127 eventu
1076 2069 1220 2129 damnum
1237 2066 1365 2129 alterius
1382 2113 1391 2142 ,
1413 2067 1462 2131 led
1479 2086 1553 2134 tunc
1570 2069 1589 2131 st
1611 2087 1742 2137 reserat
1759 2091 1841 2133 tom·

266 2167 337 2214 eam
354 2167 493 2228 repetere
555 2145 603 2211 llit
624 2195 633 2221 ,
660 2167 731 2210 cum
760 2146 793 2206 in
812 2145 949 2227 gratuita
963 2162 1036 2205 tou·
1073 2144 1198 2208 modata
1215 2148 1301 2209 iuxta
1321 2146 1433 2210 multos
1454 2196 1463 2225 ,
1483 2152 1546 2213 eius
1569 2156 1699 2227 pretium
1720 2150 1841 2216 restitui

264 2227 398 2294 tellione
424 2250 490 2300 ιιοιι,
504 2168 554 2291 sss
555 2225 700 2292 credibile
718 2241 842 2314 tantum
859 2220 1038 2300 leubligare
1074 2223 1221 2313 debetex
1239 2229 1337 2302 Legi.
1351 2229 1522 2314 §.commod
1536 2230 1706 2295 ubidicitur
1720 2253 1842 2297 commo·

265 2310 397 2375 voluisse
415 2310 613 2385 quantumin
632 2307 780 2370 onerosa.
1073 2304 1224 2391 Matium
1244 2327 1299 2367 non
1326 2318 1416 2369 tenen
1445 2308 1627 2387 compensare
1641 2311 1783 2376 &mnam
1800 2333 1838 2377 en

213 2375 253 2428 μ’
302 2388 570 2454 Comtnodatarius
588 2405 664 2450 vero
686 2402 812 2449 tenetur
834 2401 875 2445 ex
895 2378 1038 2471 iullitia,
1074 2385 1208 2448 incendio
1237 2386 1289 2448 uel
1313 2385 1403 2449 νιιιιια
1419 2400 1542 2468 ortum,
1572 2390 1629 2469 nist
1655 2412 1722 2455 cum
1752 2392 1840 2472 ροισι
1897 2427 1900 2434 -

213 2501 252 2554 20,
266 2487 303 2534 ut
318 2472 525 2534 communiter
541 2464 677 2529 sentiunt
696 2463 847 2528 Dotiores
868 2481 895 2524 r.
910 2481 973 2545 oon
992 2477 1038 2523 uti
1074 2485 1136 2554 rent
1155 2465 1362 2532 commodatam
1386 2465 1512 2544 salvam
1527 2467 1622 2540 secere
1641 2520 1649 2548 ,
1672 2470 1745 2551 [aas
1760 2490 1840 2551 Μ.

213 2554 238 2611 ι.
265 2549 507 2614 accommodata
528 2544 582 2608 nili
600 2543 637 2610 ad
654 2542 738 2608 ulum
767 2542 820 2605 sibi
839 2542 1013 2607 concellum
1031 2585 1041 2616 ,
1074 2546 1167 2620 tulit,
1184 2566 1255 2611 nam
1274 2545 1416 2611 iniustum
1436 2546 1477 2611 ell
1495 2549 1841 2617 alteruml'ullinereda.

266 2648 320 2694 aut
337 2627 447 2692 saltem
465 2632 516 2691 cui
547 2624 715 2701 prudenter
740 2622 852 2685 iudicet
881 2621 1038 2683 dominum
1075 2644 1181 2687 ιιιιιιιιιι
1197 2622 1290 2690 salvia
1306 2631 1370 2689 eius
1391 2627 1564 2704 rebus,cui
1582 2635 1715 2709 gratiam
1729 2631 1841 2707 fecit,

263 2705 477 2774 consensurum
496 2749 513 2786 ,-
537 2724 576 2768 ex
596 2707 669 2781 Leg.
698 2721 724 2780 5.
755 2708 782 2767 i.
800 2701 1011 2792 commodatura
1031 2746 1040 2772 ,
1075 2704 1107 2769 dt
1127 2703 1168 2766 ob
1184 2707 1271 2769 cuius
1287 2702 1473 2771 solummodo
1499 2711 1692 2775 corrumdam
1718 2734 1765 2776 res
1786 2717 1840 2776 tua

265 2793 373 2865 inqua
389 2785 473 2852 secus
490 2803 580 2864 agens
599 2784 764 2846 damnatur
783 2797 819 2844 ut
843 2799 914 2843 reus
938 2778 1041 2854 futu,
1076 2784 1213 2863 periculo
1243 2779 1305 2847 suit
1321 2781 1476 2860 exposita.
1504 2786 1596 2860 Quod
1624 2789 1645 2852 st
1667 2811 1715 2854 res
1739 2792 1842 2856 aliena

265 2886 375 2945 utpote
394 2871 447 2943 qui
468 2869 510 2929 tei
528 2863 635 2927 aliena:
656 2857 741 2924 usum
758 2861 891 2936 aliquem
909 2858 1040 2934 usurpa·
1074 2863 1267 2928 commodata
1285 2863 1327 2926 cll
1345 2867 1464 2941 propria
1486 2869 1671 2944 pretiosior,
1702 2869 1743 2934 est
1760 2871 1842 2934 debi-

265 2965 314 3011 ret
332 2949 436 3012 iuvito
449 2946 575 3010 domiuo
595 2961 689 3027 ,cum
710 2943 755 3003 ius
776 2959 839 3028 ιιοιιΙ
857 2933 1040 3027 ιιιὸοιιιιιιιι
1077 2962 1143 3008 tum
1164 2961 1203 3005 ex
1220 2939 1338 3008 iullitia
1354 2990 1363 3019 ,
1379 2962 1414 3006 ut
1435 2964 1470 3007 ea
1492 2965 1553 3023 prae
1575 2952 1700 3027 propriis
1720 2948 1841 3016 conset·

266 3028 305 3091 ad
323 3025 411 3090 usum
431 3025 483 3090 sibi
501 3021 694 3098 concellum,
710 3041 750 3084 ex
766 3020 861 3102 Iustu.
876 3018 1040 3099 dediligit.
1077 3043 1196 3098 vetur,
1220 3044 1289 3087 tum
1310 3028 1355 3086 rei
1378 3024 1485 3088 alienae
1515 3048 1552 3091 ea
1581 3029 1727 3095 debeatur
1746 3053 1840 3109 cura,

270 3128 338 3184 qaae
353 3118 392 3172 ex·
407 3108 526 3171 ulier·
549 3123 578 3163 2·
599 3101 707 3165 Finito
724 3119 863 3178 tempore
878 3120 938 3175 quo
957 3100 1040 3162 illius
1074 3103 1108 3168 dt
1128 3101 1262 3167 custodia
1284 3150 1293 3179 ,
1320 3123 1411 3179 quam
1429 3101 1555 3183 quisque
1569 3111 1700 3186 prudens
1716 3116 1842 3189 propriis

267 3191 310 3250 rei
328 3184 395 3249 usut
413 3186 463 3249 tibi
481 3185 635 3248 concellus
652 3181 724 3257 est,
755 3200 819 3244 reru
847 3182 972 3243 domino
994 3197 1041 3241 re·
1076 3181 1261 3260 praestaret,
1287 3182 1360 3246 idest
1385 3179 1537 3251 servando
1562 3188 1755 3266 pretiosiores
1778 3212 1842 3269 ptae
1873 3240 1875 3245 -

266 3265 394 3330 llituete
410 3265 498 3330 debet
521 3311 530 3339 ,
555 3265 628 3325 licet
652 3262 745 3325 abeo
777 3280 838 3324 non
856 3277 1016 3336 repetatur
1031 3304 1040 3336 ,
1076 3263 1250 3326 vilioribus.
1266 3262 1357 3338 Quod
1374 3259 1395 3324 sr
1411 3269 1476 3341 quis
1490 3265 1603 3333 'habeat
1628 3289 1690 3333 rem
1708 3270 1842 3336 alienam

265 3365 335 3408 tum
363 3349 427 3408 dies
454 3344 570 3408 statuta
602 3362 657 3418 pro
684 3340 806 3405 domino
835 3340 1040 3417 interpellet,
1075 3348 1300 3407 commodatam
1316 3345 1348 3404 ιιι
1364 3346 1556 3410 commodum
1583 3347 1675 3414 l'olius
1696 3349 1843 3430 domiui,

272 3441 331 3502 cap.
361 3426 414 3507 alt.
442 3424 478 3489 de
506 3424 556 3487 loc.
588 3422 665 3507 alias
689 3417 884 3497 compensare
917 3438 1041 3483 tenetur
1075 3427 1195 3502 exigere
1216 3421 1312 3502 potell
1330 3425 1609 3566 compensationem
1634 3451 1690 3508 pto
1704 3432 1840 3507 damno,

272 3520 364 3567 omne
393 3507 509 3568 luctum
538 3502 652 3563 teslans
674 3547 683 3577 ,
711 3501 913 3574 damnumque
942 3519 1041 3562 emer·
1075 3505 1154 3579 quod
1174 3506 1206 3565 ιιι
1224 3506 1350 3579 propriis
1367 3500 1400 3565 su
1424 3509 1511 3581 ierit,
1532 3526 1625 3572 utres
1642 3510 1722 3573 illius
1740 3508 1844 3577 serva·

272 3602 371 3661 gens,
395 3586 472 3659 quod
503 3581 569 3643 inde
589 3583 781 3656 proveniat;
812 3582 881 3652 quia
912 3582 1040 3666 iutnun
1078 3587 1234 3659 ret3quia
1254 3602 1345 3645 nemo
1362 3600 1488 3648 tenetur
1504 3606 1567 3648 rem
1585 3589 1843 3667 alienam,quam

268 3660 360 3726 lrabet
382 3683 446 3726 rem
472 3661 605 3723 alienam
630 3658 781 3743 retinendi
801 3659 885 3718 ultra
908 3657 1040 3734 designa·
1075 3680 1138 3724 non
1153 3663 1272 3724 detinet
1301 3666 1331 3722 ιιι
1352 3668 1505 3738 propriam
1533 3668 1704 3732 utilitatem
1719 3676 1844 3749 gratia,

269 3759 337 3805 tum
374 3760 522 3817 tempus,
556 3757 615 3813 quo
639 3733 689 3797 libi
720 3734 763 3797 est
795 3736 959 3811 contessa,
990 3734 1040 3799 sed
1076 3743 1129 3804 luo
1155 3743 1265 3803 damno
1303 3738 1438 3805 servare.
1466 3745 1496 3805 Si
1523 3765 1626 3810 autem
1649 3750 1843 3816 commodata

268 3818 423 3885 transatio
445 3819 499 3881 hoc
515 3835 652 3892 tempore
669 3832 771 3878 totum
792 3818 838 3902 ius
858 3833 895 3878 ea
913 3815 1039 3892 utendi,
1076 3817 1168 3884 suerit
1192 3824 1223 3882 in
1249 3821 1423 3901 utilitatem
1442 3828 1689 3903 commodantis,
1712 3827 1844 3894 &com-

265 3898 299 3962 &
318 3897 435 3961 stuendi
454 3896 490 3960 ad
508 3896 667 3982 dominum
682 3898 768 3957 suum
780 3891 912 3971 lpetlat.
935 3909 963 3974 3.
976 3893 1040 3959 Te·
1075 3900 1255 3974 modatarii,
1277 3902 1533 3968 commodatarius
1554 3911 1629 3983 ,qui
1650 3911 1682 3969 in
1703 3910 1842 3985 periculo

266 3997 362 4040 uetur
383 3977 418 4040 ad
436 3978 580 4052 expensas
600 3974 769 4039 ordinarias
791 4022 799 4051 ,
825 3972 859 4038 dt
883 3978 1040 4053 modicas,
1077 3999 1146 4042 eam
1167 3977 1304 4045 servavit
1331 4029 1340 4059 ,
1369 3983 1468 4059 potell
1497 4001 1599 4061 petere
1619 3989 1843 4066 compensatio-

266 4078 335 4132 uuae
357 4058 534 4120 netellatiae
555 4055 624 4118 lunt
646 4057 683 4119 ad
700 4060 742 4118 rei
756 4054 957 4119 commodatae
967 4074 1040 4119 con·
1074 4079 1146 4122 nem
1173 4080 1227 4134 pro
1249 4062 1348 4125 media
1370 4080 1458 4137 parte
1487 4066 1617 4144 damni,
1641 4073 1710 4144 quia
1737 4070 1841 4135 cauria

267 4138 511 4212 servationem,
535 4153 609 4212 puta
624 4135 664 4199 ad
686 4135 837 4199 alimenta
857 4154 952 4214 equi,
978 4154 1041 4199 non
1075 4140 1232 4217 utriusque
1259 4160 1306 4204 res
1338 4143 1506 4218 periculum·
1533 4148 1648 4225 subiit,
1672 4148 1705 4212 dt
1731 4148 1842 4213 iulium

269 4236 375 4282 tamen
393 4218 429 4281 ad
451 4219 711 4280 extraordinarias
730 4235 884 4294 magnas,
904 4236 934 4279 v.
956 4238 983 4293 g.
1005 4217 1039 4279 ad
1074 4218 1117 4282 ell
1139 4235 1173 4282 ut
1196 4223 1246 4295 qui
1271 4223 1466 4286 commodum
1482 4221 1576 4290 seuut
1596 4274 1604 4302 ,
1628 4229 1769 4293 lullineat
1794 4247 1841 4293 et·

267 4300 458 4361 curationem
481 4300 584 4375 magui
606 4301 698 4372 pretii
725 4341 734 4372 ,
752 4299 789 4359 ad
803 4296 911 4358 domus
929 4293 1040 4359 tellau·
1075 4303 1138 4361 iam
1154 4301 1379 4364 incommodum
1399 4324 1407 4380 ;
1429 4302 1503 4366 nihil
1522 4325 1599 4370 vero
1619 4327 1757 4387 repetere
1775 4328 1841 4384 pot·

264 4380 421 4441 rationem
437 4397 475 4439 ex
496 4381 550 4439 tit.
575 4381 644 4453 Ltg.
669 4373 716 4436 18.
734 4398 763 4454 4.
783 4372 936 4438 adhibere
952 4374 1039 4439 debet
1074 4379 1117 4441 eli
1136 4398 1194 4455 pru
1208 4382 1322 4445 damno
1342 4428 1351 4458 ,
1375 4383 1450 4457 quod
1466 4386 1565 4461 pallus
1586 4387 1676 4449 elliu
1694 4389 1842 4464 perditio·

263 4458 432 4522 maximam
448 4455 658 4534 diligentiam,
679 4476 835 4527 acturam
854 4457 890 4519 ad
908 4460 1040 4534 integre,
1075 4477 1112 4522 oe
1137 4461 1180 4522 rei
1198 4463 1324 4537 proptiae
1350 4483 1403 4536 pro
1425 4463 1528 4526 aliena
1556 4468 1753 4532 commodata
1783 4469 1842 4532 set·

264 4533 299 4600 dt
320 4539 351 4598 in
368 4536 449 4599 bono
466 4533 550 4599 slatu
580 4556 642 4596 rem
674 4555 764 4598 cornu
776 4537 903 4598 odatam
921 4546 1039 4599 coulet-
1075 4537 1198 4618 vanda,
1218 4537 1239 4602 st
1261 4540 1337 4604 hanc
1355 4543 1578 4608 commodatam
1590 4545 1727 4612 'habebat
1744 4553 1776 4610 ιιι
1796 4546 1841 4611 l'ui

263 4616 398 4679 vandam
422 4663 432 4693 ,
457 4637 497 4678 ert
529 4616 624 4694 insili.
655 4611 759 4692 qur'bus
788 4615 883 4678 modis
911 4627 975 4681 Ut.
1007 4612 1040 4679 δ(
1074 4617 1166 4683 lolius
1196 4618 1395 4696 utilitatem,
1418 4620 1452 4686 ἃ
1475 4627 1666 4690 commodum
1686 4675 1695 4705 ,
1718 4647 1753 4691 ut
1771 4629 1842 4695 vult

263 4693 357 4759 alibi.
390 4693 532 4773 Qtatesr
553 4715 598 4758 res
621 4712 750 4773 pereat,
770 4696 818 4758 vel
833 4693 889 4758 liat
906 4699 1039 4760 deterior
1075 4696 1191 4762 lessius
1218 4704 1307 4762 iuxta
1323 4704 1377 4764 cit.
1406 4702 1478 4780 Leg.
1497 4725 1524 4779 5.
1549 4710 1617 4781 quia
1642 4729 1711 4770 cum
1728 4707 1841 4773 iadlutt

264 4793 305 4839 eit
324 4776 416 4850 culpa
433 4778 529 4839 etiam
550 4774 699 4838 levissima
725 4821 734 4849 ,
752 4790 877 4839 tenetur
895 4775 931 4839 ad
953 4773 1038 4837 telli-
1076 4782 1207 4856 propriae
1224 4781 1268 4863 rei
1288 4784 1415 4865 minoris
1437 4782 1572 4861 valoris;
1591 4787 1640 4849 vel
1656 4789 1840 4864 aequaliste·

266 4856 449 4932 tutionem,
481 4875 550 4919 cum
584 4851 760 4918 contratlus
795 4853 883 4918 cedat
914 4858 945 4916 in
974 4859 1038 4918 eius
1075 4874 1167 4921 netur
1182 4857 1305 4933 quilque
1321 4860 1442 4923 servare
1458 4865 1631 4928 indemnem
1645 4868 1839 4930 commodau-

264 4953 393 4999 tantum
414 4936 618 5010 utilitatem,
649 4954 688 4997 ex
709 4952 769 5012 cap.
799 4934 884 4997 unito
912 4936 1038 4998 decom-
1076 4955 1140 5002 tem
1165 4940 1272 5014 inre,
1301 4958 1392 5014 quam
1416 4943 1443 5003 ei
1471 4946 1690 5009 commodando
1714 4952 1746 5009 in
1772 4951 1838 5008 eius

266 5016 343 5079 mad
362 5013 460 5094 Igitur
482 5030 607 5078 tenetur
631 5018 725 5078 etiam
750 5012 788 5078 ad
810 5012 1038 5078 restitutionem
1073 5016 1268 5080 commodum
1284 5020 1420 5094 periculo
1441 5022 1598 5099 exposuit.
1616 5025 1646 5087 Si
1669 5043 1773 5089 tamen
1793 5044 1839 5088 res

265 5092 363 5160 firer
392 5092 587 5183 commodata
605 5111 709 5170 pereat
769 5093 819 5157 vel
842 5097 1038 5174 amittatur,
1073 5097 1306 5167 commodatarii
1333 5094 1372 5165 lit
1400 5121 1490 5177 aequc
1517 5101 1647 5179 pretiosa
1672 5125 1708 5172 tt
1737 5104 1840 5171 alicua

347 5175 439 5254 Itym·
456 5172 557 5241 Tbsos·
577 5173 687 5241 morast
738 5190 801 5243 omi
818 5169 872 5236 m·
1416 5211 1420 5220 ·
1458 5180 1487 5245 R
1528 5197 1546 5263 3
1707 5204 1801 5265 qum
