4425 6000
463 520 514 596 ιο
713 507 1483 592 Τιιοτ,ιιιιιιιιιι-τιτιι8ιι.
1510 509 1717 587 Camll.

413 637 489 698 tur,·
510 614 600 682 sicuti
623 611 818 693 contingeret
847 610 869 675 ιι
892 614 957 689 quis
986 613 1018 674 in
1038 611 1092 675 via
1115 607 1182 675 ste·-
1214 607 1405 677 cumllantiis
1433 611 1598 690 gravitatis
1621 607 1746 689 damni,
1771 608 1808 680 sc
1835 611 1914 678 lucri
1933 610 1988 678 tle·

412 699 536 780 quentis
552 696 768 761 itinerantium
784 690 931 759 transitur
946 689 1179 771 fovearnaperi·
1214 690 1345 771 perditi,
1366 712 1401 757 ac
1421 690 1531 770 gradus
1551 691 1695 770 periculi·
1719 691 1895 769 Quietum
1913 694 1989 760 talia

413 799 464 849 tet
481 778 518 845 ad
539 773 636 843 seram
654 773 853 866 capiendam·
873 776 905 837 in
930 771 987 838 tali
1003 773 1087 837 enim
1106 766 1180 836 casu
1215 792 1306 867 ageos
1326 789 1429 837 certus
1449 768 1487 837 fit
1508 771 1546 836 de
1565 771 1736 851 politione,
1750 794 1842 849 quam
1857 766 1921 851 ipse
1941 769 1988 840 sa·

414 866 504 929 ioata
519 859 573 938 leq
593 856 703 935 Aquas.
722 876 791 933 quae
812 857 856 919 ita
878 852 1034 929 decernit,
1057 867 1180 918 terrere·
1213 870 1257 917 cir
1280 849 1407 919 allionis
1423 853 1514 925 malae
1533 851 1567 919 ἀ
1584 850 1761 930 periculosae
1778 853 1883 919 damni
1900 853 1990 932 quot

414 964 467 1012 tur
483 941 521 1005 cle
541 944 652 1003 damno
673 937 693 1001 ιι
709 936 780 1013 quid
795 955 836 999 ex
851 952 889 1000 ea
904 936 971 1013 quis
987 935 1179 1025 ιιιιιιιιιιιιτ
1214 933 1293 998 alter
1313 932 1415 1011 pallus
1433 932 1501 1012 est,
1520 934 1592 999 lieet
1613 933 1667 1011 ipsi
1683 955 1746 1000 oon
1761 931 1905 1013 conllet,
1934 931 1990 1002 iet

412 1024 479 1101 Qui
505 1035 612 1085 autem
639 1021 671 1081 in
699 1015 814 1082 albione
834 1012 889 1081 sua
912 1014 998 1080 mala
1018 1034 1053 1078 ac
1074 1010 1179 1079 inutili
1214 1012 1405 1080 solummodo
1419 1013 1527 1080 dubius
1543 1013 1582 1080 sit
1601 1034 1641 1081 an
1662 1033 1703 1079 cx
1723 1015 1781 1080 tali
1802 1010 1855 1092 sua
1866 1013 1989 1081 damoi-

434 1122 505 1169 uam
534 1096 609 1165 secic
630 1097 800 1163 intenderit
826 1111 863 1161 ut
883 1115 924 1161 ex
943 1115 982 1160 et
1010 1093 1181 1169 damnum,
1213 1091 1344 1161 ficativt
1369 1095 1489 1162 actione
1508 1095 1654 1161 damnum
1677 1094 1772 1160 alteri
1799 1091 1989 1175 obveneritq

426 1180 597 1251 eramalum
611 1179 701 1245 alteri
717 1174 884 1255 sequatur,
905 1176 979 1242 licet
998 1194 1038 1240 ex
1057 1194 1095 1240 ea
1115 1174 1180 1251 ple-
1213 1173 1291 1241 fiat
1309 1174 1439 1242 ιιιιιιιιιιι
1458 1192 1641 1256 teneretur,
1662 1174 1860 1254 inequalitas
1886 1177 1989 1244 inter·

413 1279 545 1341 rumque
559 1260 703 1325 damnum
719 1276 780 1322 non
795 1261 942 1334 eveniat,
960 1257 1036 1321 srex
1052 1255 1106 1319 illa
1114 1254 1180 1319 lor·
1213 1254 1337 1323 cederet
1357 1257 1439 1323 inter
1459 1256 1509 1324 sui
1526 1254 1672 1335 causam,
1692 1255 1727 1323 bt
1745 1254 1871 1324 causam
1895 1259 1989 1322 inno·

298 1347 301 1352 ’
415 1363 450 1413 te
470 1341 586 1420 aliquid
599 1340 672 1406 mali
692 1336 743 1402 seu
763 1338 867 1402 damni
882 1340 1066 1416 contingat,
1081 1332 1179 1401 resar-
1213 1339 1333 1416 centir,
1348 1334 1830 1405 decuiuaretlidamnilicatione
1843 1334 1988 1417 dubitat3

412 1428 478 1492 cire
497 1437 642 1499 tenetur3
663 1421 734 1496 quia
749 1418 894 1483 damnum
915 1417 989 1483 illud
1004 1412 1130 1482 tuncest
1147 1416 1179 1477 in
1213 1419 1285 1496 quia
1303 1434 1412 1485 oontra
1433 1418 1533 1498 ipsum
1550 1420 1602 1498 qui
1628 1416 1781 1485 attimaro
1805 1412 1907 1493 posuit
1926 1417 1990 1482 mi·

414 1503 446 1570 se
461 1502 675 1570 voluntarium
690 1501 810 1578 agenti,
825 1497 860 1565 &
875 1501 989 1565 merito
1004 1515 1179 1591 agenacen·
1214 1498 1287 1564 litat
1307 1498 1387 1566 tilio
1405 1498 1515 1580 iniussa
1536 1520 1627 1577 quam
1652 1514 1742 1564 certo
1765 1494 1887 1576 posuit;
1912 1498 1989 1563 dum

326 1589 327 1593 ’
414 1585 498 1651 setur
517 1584 601 1647 illiua
619 1577 744 1647 caullar
765 1600 838 1645 cum
860 1579 980 1657 reipsa
1006 1582 1180 1643 intentione
1213 1578 1291 1644 nibil
1309 1580 1427 1647 militat
1445 1598 1558 1648 contra
1583 1582 1804 1657 innocentem,
1825 1599 1861 1643 ac
1885 1581 1989 1654 proin·

414 1661 528 1730 ‹lirasba
552 1661 626 1727 illud
652 1661 863 1738 procuraverit
885 1656 1047 1737 pecipitur
1067 1656 1180 1727 mssam
1213 1660 1379 1726 decontra
1407 1660 1619 1739 prascripnm
1647 1662 1745 1738 iuris,
1771 1658 1881 1724 melior
1907 1655 1988 1722 eset

414 1745 585 1820 albionem,
607 1739 805 1808 &inutilem
831 1737 966 1805 eiusdem
992 1735 1180 1804 sufficienter
1213 1740 1374 1822 conditio,
1400 1745 1445 1806 rei
1469 1763 1561 1820 quam
1581 1742 1784 1817 innocentia,
1803 1739 1856 1816 qui
1881 1752 1989 1804 tottan

413 1821 608 1891 effectivam.
635 1820 702 1886 lmo
730 1837 857 1885 tenetur
883 1820 949 1885 tale
968 1818 1114 1886 danaum
1133 1836 1180 1882 re·
1215 1821 1387 1900 perieulum
1408 1820 1521 1888 subiret
1542 1820 1706 1889 amittendi
1726 1818 1779 1885 sua
1794 1867 1803 1897 ,
1821 1839 1895 1884 eum
1914 1836 1988 1883 reue

413 1906 527 1972 sarcire
545 1899 672 1981 quando
690 1898 781 1967 alteri
806 1902 934 1966 evenire
952 1902 1116 1997 continqat
1140 1918 1181 1962 ex
1213 1918 1327 1968 contra
1354 1924 1445 1981 quem
1473 1920 1584 1981 utpote
1610 1918 1732 1969 certum
1762 1899 1802 1964 de
1833 1894 1986 1977 positione

414 1987 467 2052 sua
486 1982 603 2050 albione
630 1979 732 2057 mala,
750 1978 786 2047 &
806 1981 928 2058 inutili,
951 1999 1094 2059 quamvis
1117 1979 1180 2058 ple·
1215 1980 1864 2063 afflomsdamnificanrisllatprasunptio,
1878 1979 1989 2044 ιιιιιιιιι·

414 2083 542 2142 rumque
557 2064 673 2126 nemini
692 2061 806 2132 malum
823 2082 864 2126 ex
881 2083 919 2128 ea
938 2058 1103 2141 sequatur,
1124 2080 1180 2126 nec
1218 2066 1266 2129 nir
1286 2062 1378 2131 fieret
1395 2064 1432 2130 ab
1446 2068 1532 2130 omni
1551 2085 1670 2142 onere,
1687 2062 1766 2139 quod
1789 2060 1881 2139 plane
1901 2077 1989 2137 repo·

414 2140 922 2291 trististristis?
940 2144 1183 2301 bisalis}
1216 2147 1488 2305 risibilis
1508 2167 1541 2289 i‘
1573 2138 1989 2291 ss'slrssfflslitbs‘ii

413 2306 450 2370 ill
511 2303 556 2369 est
574 2307 605 2369 ei
626 2302 837 2370 voluntarium
858 2306 893 2367 in·
912 2303 964 2368 illa
987 2300 1103 2369 asliooe
1118 2323 1182 2367 ma·
1216 2306 1319 2376 damni
1347 2306 1440 2371 secuti
1468 2303 1766 2385 compensationem.
1796 2300 1905 2366 Multo
1923 2320 1988 2365 ma·

406 2386 446 2461 sa
465 2402 625 2461 tamquam
645 2386 678 2448 ιιι
698 2383 808 2461 causa,
831 2383 883 2450 vel
903 2380 1009 2450 saltem
1026 2400 1184 2460 tamquam
1213 2383 1266 2466 gia
1286 2386 1323 2451 ad
1344 2386 1403 2452 boc
1419 2403 1544 2452 tenetur
1558 2388 1610 2465 qui
1629 2408 1705 2454 cum
1719 2399 1822 2449 certus
1837 2379 1877 2447 lit
1891 2379 1989 2446 dein·

414 2469 449 2532 io
463 2462 641 2542 occasrone,
658 2484 727 2541 quac
743 2464 909 2541 aequivalet
925 2465 1043 2534 causz.
1060 2484 1089 2527 ι.
1099 2464 1183 2542 Quia
1219 2465 1295 2533 iusta
1315 2463 1434 2533 cisione
1462 2463 1558 2545 falla,
1583 2489 1652 2546 quae
1673 2485 1726 2543 pet
1744 2463 1774 2528 se
1790 2459 1866 2527 satia
1883 2459 1930 2524 est
1949 2456 1989 2525 ad

416 2543 496 2611 serit
522 2547 674 2610 iniuriam
699 2544 812 2620 alteri,
833 2547 886 2622 qui
916 2548 962 2609 ιιιι
992 2544 1123 2609 babebat
1144 2563 1183 2607 ne
1218 2547 1365 2614 damnum
1393 2544 1607 2624 inserendum,
1636 2569 1672 2614 ac
1690 2545 1732 2612 de
1751 2544 1865 2612 damno
1884 2538 2017 2608 secuto

414 2624 493 2692 adio
512 2624 567 2689 illa
585 2623 674 2690 steret
695 2627 727 2686 io
749 2623 859 2690 talibus
879 2622 1116 2690 circumstantiis
1133 2642 1184 2689 ιιι·
1219 2628 1293 2694 licet
1314 2628 1433 2693 dubitet
1449 2649 1488 2693 ao
1503 2650 1544 2693 ex
1560 2627 1614 2694 illa
1633 2626 1750 2694 afflone
1768 2620 1909 2687 secutum
1929 2618 1988 2697 stt,

415 2722 493 2787 pote
514 2703 566 2769 sibi
584 2702 776 2785 periculosis,
798 2706 870 2772 licet
894 2704 1050 2783 diligentia
1071 2703 1186 2771 adhibi·
1220 2709 1381 2773 restituere
1400 2724 1525 2778 tenetur
1545 2707 1654 2774 saltem
1681 2726 1736 2784 pro
1761 2706 1885 2768 ratione
1904 2699 1989 2765 dubii

416 2805 452 2851 ta
478 2784 536 2863 srt,
558 2804 599 2849 ne
624 2783 742 2861 malum
769 2784 870 2868 eidem
890 2784 1049 2863 sequatur.
1068 2784 1118 2850 lta
1138 2786 1177 2847 D.
1219 2788 1252 2855 δι
1268 2788 1483 2857 aeslimationis
1499 2790 1642 2868 periculi.
1661 2789 1742 2852 Dico
1752 2782 1861 2865 salim
1877 2799 1989 2862 prora·

417 2865 531 2930 Tbom
547 2881 577 2927 ι,
598 2884 628 2927 ι.
649 2883 676 2943 q.
701 2868 751 2946 64.
772 2878 830 2931 art.
853 2866 881 2931 8.
902 2867 966 2944 Qui
987 2886 1064 2931 vero
1082 2868 1116 2931 ln
1131 2863 1184 2929 sua
1220 2871 1309 2935 tione
1323 2869 1429 2947 dubii,
1448 2873 1520 2948 quia
1539 2866 1674 2949 Lell'ms,
1694 2868 1804 2943 aliique
1825 2882 1890 2927 non
1913 2877 1989 2940 pau·

389 2944 536 3020 fissione
550 2945 634 3012 mala
650 2963 714 3010 non
730 2964 834 3011 tamen
855 2945 1042 3026 periculosa,
1062 2966 1120 3012 nec
1139 2948 1185 3009 in·
1219 2952 1247 3016 ci
1270 2949 1384 3017 volunt
1402 2949 1484 3018 hunc
1505 2952 1603 3016 teneri
1625 2949 1662 3014 de
1677 2964 1749 3015 toto
1767 2946 1903 3020 damno,
1920 2957 1989 3006 tum

416 3026 539 3104 tendit,
557 3046 614 3092 nec
631 3026 803 3103 praevirlere
823 3030 926 3106 potuit
942 3027 1087 3094 damnum
1106 3027 1185 3095 alte·
1219 3032 1291 3108 quia
1315 3029 1455 3110 pollelsro
1487 3031 1531 3095 ell
1579 3050 1614 3094 ro
1634 3029 1754 3095 abinoe
1773 3022 1888 3090 iniusta
1907 3018 1990 3102 quod

414 3110 504 3173 rica
522 3125 561 3172 ea
588 3123 799 3183 eventurum3
828 3110 900 3184 quia
923 3127 1106 3188 numquam,
1132 3107 1184 3173 vel
1221 3111 1319 3175 talem
1333 3108 1473 3176 effessum
1494 3132 1530 3188 pr
1571 3113 1693 3187 uxerit,
1718 3103 1773 3173 nist
1796 3103 1989 3180 constatop·

416 3183 483 3253 sere
497 3205 663 3264 numquam
679 3207 720 3253 ert
740 3187 798 3253 tall
818 3184 935 3254 allione
950 3193 984 3254 in
1000 3186 1186 3255 talibutcir·
1223 3189 1374 3269 positum,
1394 3207 1462 3255 tum
1477 3193 1549 3268 quit
1569 3187 1768 3268 praesumptio
1782 3187 1858 3254 iuris
1876 3182 1989 3261 valet,

416 3262 608 3360 cumstantiir
629 3269 757 3332 evenire
781 3267 880 3346 solet,
906 3289 969 3333 noo
993 3282 1120 3334 reuertar
1139 3290 1185 3333 re·
1220 3270 1317 3336 donec
1348 3290 1411 3335 non
1433 3270 1554 3336 tonllet
1582 3270 1621 3333 de
1648 3267 1787 3349 oppofita
1814 3265 1988 3331 veritate:

417 3345 529 3412 sarcire
544 3347 688 3412 damnum
703 3345 724 3409 fi
742 3368 762 3416 a
781 3348 837 3412 tali
855 3347 973 3414 albione
989 3348 1071 3415 forte
1089 3349 1185 3416 obve-
1221 3369 1296 3416 tunc
1317 3368 1423 3416 autem
1442 3353 1518 3417 iurit
1537 3350 1737 3429 presumptio
1757 3346 1802 3415 est
1843 3345 1990 3410 damnum

417 3430 503 3494 niat.
525 3426 608 3504 Quia
622 3426 858 3495 damnum'illud
879 3449 936 3493 nec
952 3433 983 3494 in
1004 3428 1051 3504 se,
1075 3433 1184 3497 necin
1219 3452 1260 3496 ex
1283 3430 1336 3494 illa
1357 3429 1494 3510 afflone,
1514 3448 1591 3511 puta
1612 3430 1742 3497 consilio
1866 3419 1988 3515 miltes·

417 3507 482 3572 alio
503 3509 549 3572 ita
569 3509 673 3587 agenti
702 3507 744 3574 est
764 3508 993 3574 volontarium.
1022 3508 1114 3576 Unde
1133 3514 1184 3586 qui
1220 3511 1384 3576 srsseiuatta
1405 3513 1541 3592 regulam
1558 3515 1633 3576 iurir
1649 3531 1698 3592 45.
1716 3511 1748 3574 in
1763 3510 1794 3572 6.
1812 3504 1989 3589 lespiam

415 3586 550 3653 alienam
569 3586 710 3653 arborem
738 3584 873 3653 ascendit
902 3591 938 3652 ad
963 3585 1077 3657 frustm
1097 3593 1185 3658 l'urri·
1220 3591 1252 3655 r’n
1271 3588 1397 3672 obscuris
1417 3594 1516 3682 quode
1554 3591 1752 3672 vrrofimr'liur
1770 3590 1825 3655 oet
1838 3585 1919 3666 qaod
1927 3585 1988 3666 ple·

418 3666 560 3748 piandos,
593 3665 628 3733 bt
647 3666 717 3732 calu
741 3668 883 3732 deridens
910 3667 999 3751 sopra
1029 3669 1118 3743 suum
1139 3671 1186 3736 lo·
1219 3692 1342 3750 rumque
1358 3675 1426 3749 fierr
1447 3694 1498 3737 con
1513 3673 1620 3738 trevir.

415 3751 500 3814 cium
527 3764 641 3824 practer
679 3750 886 3813 intentionem
914 3769 987 3816 eum
1010 3753 1185 3828 interimit,
1257 3751 1327 3814 Nec
1348 3751 1438 3816 valet
1462 3754 1563 3818 dicere
1582 3770 1704 3829 aequum
1731 3768 1794 3817 raon
1823 3740 1988 3822 essequod

416 3848 481 3899 troo
501 3825 546 3891 est
565 3847 633 3892 reor
655 3829 827 3907 homicidii,
857 3848 915 3894 nec
938 3830 1123 3897 rellitutioni
1143 3831 1185 3895 ob
1218 3830 1393 3908 aequalest
1415 3833 1550 3900 debitum
1566 3829 1770 3898 restitutionit
1785 3831 1835 3906 ei,
1853 3828 1989 3902 quitto·

416 3909 562 3972 damnum
586 3911 617 3971 in
644 3927 747 3974 morte
766 3905 837 3973 socii
853 3908 1004 3974 obnoxius
1023 3933 1057 3976 er
1078 3933 1095 3976 a
1117 3914 1182 3976 eius
1220 3929 1286 3975 tum
1306 3931 1346 3975 ex
1374 3911 1519 3990 probabili
1546 3911 1801 3996 praesumptione,
1829 3927 1866 3970 ac
1885 3902 1915 3970 el
1935 3904 1987 3982 qul

417 3987 559 4065 heredem
576 3991 648 4066 quia
664 3990 737 4055 talis
753 3988 889 4054 ascensus
906 3991 1022 4055 tametsi
1035 3933 1185 4068 isicitus,
1218 4012 1256 4056 ex
1276 4010 1364 4056 certa
1380 3991 1506 4058 scientia
1524 3993 1669 4056 damnum
1685 3990 1818 4056 intulit.
1840 3986 1925 4050 Nam
1941 3988 1988 4049 iu·

416 4087 481 4133 non
500 4085 569 4133 crat
585 4072 630 4133 ita
651 4068 853 4148 periculosus;
877 4069 945 4135 hinc
965 4070 1089 4136 nonest
1113 4092 1191 4136 reue
1219 4069 1296 4135 llum
1316 4070 1373 4136 hoc
1393 4071 1457 4150 est,
1472 4094 1543 4138 cum
1562 4071 1681 4137 constet
1743 4070 1830 4134 sitam
1849 4064 1913 4131 elle
1939 4066 1987 4128 in·

412 4146 474 4222 ,nist
491 4144 587 4215 furti.
605 4149 645 4215 Et
662 4148 731 4214 er.
748 4147 863 4215 Thom.
879 4149 962 4217 dicat
979 4151 1104 4218 dantem
1113 4172 1184 4233 opo·
1219 4152 1327 4217 iustam
1342 4152 1465 4218 cansam
1482 4153 1518 4218 ad
1533 4152 1678 4219 damnum
1709 4167 1852 4217 ecutum·
1873 4145 1916 4209 ln
1934 4145 1989 4209 du·

414 4249 484 4294 ram
503 4230 546 4293 rei
563 4229 680 4296 illicitat
700 4251 740 4294 err
755 4250 814 4307 qna
830 4249 910 4295 mort
929 4231 1056 4298 alterius
1080 4230 1184 4310 sequa·
1218 4231 1269 4297 bio
1287 4235 1374 4296 enim·
1397 4253 1436 4298 an
1462 4234 1609 4298 damnum
1626 4252 1738 4298 revera
1762 4249 1803 4296 cx
1823 4222 1987 4292 illacensi

417 4327 471 4373 tut
494 4330 583 4373 reum
608 4310 668 4375 else
694 4309 872 4386 homicidii,
891 4306 1035 4391 supponit
1059 4334 1125 4377 rem
1147 4314 1181 4376 il·
1218 4312 1355 4378 secutum
1371 4311 1429 4392 stt,
1450 4316 1557 4379 melior
1576 4309 1619 4378 eli
1634 4313 1774 4378 conditio
1798 4308 1916 4374 domini
1940 4309 1987 4368 in·

417 4390 480 4454 lam
506 4391 568 4454 else
588 4392 692 4468 aliquo
712 4391 803 4457 modo
829 4388 1046 4475 periculosam,
1072 4392 1183 4460 saltem
1218 4397 1376 4458 nocentis.
1964 4465 1971 4480 ,

414 4489 456 4541 ex
478 4470 731 4543 circumstantiis.
1254 4472 1347 4549 Quod
1363 4491 1471 4540 autem
1485 4471 1523 4538 de
1545 4470 1663 4539 afflone
1681 4469 1812 4551 iniusta,
1838 4466 1921 4533 idem
1942 4462 1989 4529 tlt·

454 4549 609 4616 Dubitaoa
644 4570 721 4615 vero
748 4568 787 4614 an
815 4570 855 4614 cx
881 4551 1000 4626 abbione
1029 4551 1080 4619 sua
1101 4553 1181 4619 mala
1216 4555 1282 4619 cito
1302 4554 1340 4619 de
1360 4555 1470 4620 iniusta
1490 4551 1649 4619 omiffione
1676 4553 1752 4618 idest
1771 4545 1989 4623 teomilsrtne

413 4648 454 4695 cx
472 4626 503 4694 se
524 4630 602 4700 lucri
628 4629 828 4709 impeditiva',
856 4633 908 4696 vel
930 4635 994 4697 alio
1014 4637 1106 4700 morlo
1127 4633 1182 4698 da·
1217 4637 1259 4698 rei
1277 4633 1388 4700 debitae
1404 4655 1444 4700 ex
1460 4633 1599 4714 iullitia,
1624 4635 1697 4698 dum
1721 4637 1772 4712 qui
1796 4624 1898 4698 omillt
1919 4647 1989 4693 ver·

413 4711 608 4778 mnificativa
625 4709 835 4790 quaminiulle
851 4711 969 4792 posuit,
987 4713 1105 4780 lucmm
1126 4716 1182 4779 ali·
1217 4715 1301 4779 latur
1316 4718 1348 4778 in
1368 4714 1479 4796 dubio,
1500 4735 1539 4781 an
1559 4716 1706 4779 damnum
1718 4734 1760 4779 ear
1779 4735 1817 4779 ea
1834 4706 1988 4790 procelle·

414 4793 466 4871 cui
484 4791 669 4867 cessaverit,
698 4789 749 4855 vel
770 4791 914 4856 damnum
933 4797 1113 4875 emerserit,
1133 4813 1180 4862 te·
1215 4797 1281 4872 rit;
1314 4797 1386 4871 quia
1421 4798 1453 4859 in
1481 4793 1649 4862 moralibus
1674 4794 1753 4860 aelio
1779 4789 1921 4866 iniusta,
1950 4785 1986 4858 ἃ

412 4887 507 4966 netur
529 4868 690 4936 restituere
715 4890 769 4948 pro
794 4887 862 4935 rata
882 4871 985 4950 dubii,
1014 4874 1066 4941 seu
1086 4892 1180 4954 prout
1214 4872 1334 4940 omiil'ro
1354 4874 1468 4944 iniussa
1492 4873 1563 4952 suot
1583 4874 1621 4942 ιιι
1640 4875 1779 4945 invicem
1797 4873 1869 4953 quid
1888 4870 1987 4947 aequi·

412 4949 580 5028 pericnlum
607 4950 709 5015 damni
737 4952 818 5016 illius
844 4949 989 5021 subeundi
1017 4955 1069 5022 vel
1102 4954 1178 5020 locri
1215 4955 1339 5022 valent.
1396 4978 1402 4987 ·

410 5031 574 5097 amittendi
600 5029 770 5096 aellimator
790 5032 976 5110 pmientum
1001 5034 1133 5111 iudicio,
1160 5054 1178 5099 a

410 5131 473 5188 quo
502 5112 604 5178 taxari
629 5110 716 5179 debet
745 5128 867 5180 mature
895 5113 1095 5184 mnsrderatis
1120 5118 1181 5184 cir·
1827 5197 1845 5262 ς
1875 5186 1936 5258 xv

1847 5237 1855 5254 a
1934 5228 1946 5257 Ο
