4425 6000
523 396 729 473 Tener.
756 418 824 472 oa
851 393 1192 476 liriusrtria
1228 389 1299 470 dcc.
1334 390 1457 470 Car.
1485 393 1541 471 Π.
1711 398 1755 475 dt

554 582 581 644 ε
622 573 698 639 XV·
1338 573 1365 636 ἱ.
1406 570 1519 636 xvi.

282 693 332 757 Oe
346 686 446 757 desito
463 691 636 773 resarciendi
654 690 798 754 damnans
818 684 970 776 issaram
1083 695 1127 753 De
1147 685 1238 752 driiu
1259 686 1336 752 circa
1356 686 1565 770 restitutionem
1583 709 1769 772 eorumque

317 773 434 852 proprio
449 772 606 852 mancipio,
623 767 766 845 animali,
782 769 834 832 vel
846 768 926 848 filio.
1178 779 1291 846 accepta
1305 765 1378 846 sunt
1397 766 1431 829 ob
1449 784 1517 844 opus
1537 770 1668 833 malum.

281 882 494 952 Dominusaut
502 885 755 961 Paterfamilias,
775 885 1009 962 quibusincum·
1079 881 1130 946 -Ur
1150 904 1203 960 pro
1220 881 1346 947 faciliori
1364 883 1463 946 intelli
1483 886 1569 949 entia
1585 890 1741 964 negotium
1749 887 1806 955 boc

241 959 290 1029 bit
313 982 428 1029 cavere
452 986 491 1031 ne
510 968 589 1033 servi
605 967 798 1041 ,animalia,
818 964 873 1026 silii
898 965 1009 1038 aliique
1045 964 1233 1038 aliquatenus
1256 962 1447 1025 elucidetur.
1502 965 1650 1028 orandum
1671 987 1697 1034 r.
1715 968 1804 1045 quas·

265 1046 296 1106 ui
317 1041 371 1108 sub
389 1065 502 1110 eorum
521 1045 691 1126 poteslare,
711 1066 827 1113 accuta
849 1044 1010 1108 versantur
1043 1063 1171 1117 cumque
1203 1040 1434 1118 promissiones,
1464 1044 1514 1105 vel
1544 1043 1627 1120 passa
1657 1047 1736 1113 inita
1766 1047 1806 1114 ob

263 1142 390 1186 amrium
407 1124 500 1189 alicui
516 1124 669 1204 inferant,
688 1126 713 1188 si
731 1130 763 1187 in
780 1125 837 1188 hoc
855 1123 1009 1200 negligen·
1044 1136 1164 1197 turpem
1184 1118 1333 1198 caussam,
1354 1138 1519 1197 antequam
1536 1143 1613 1201 opus
1633 1122 1729 1202 ipsum
1738 1148 1806 1206 pta·

237 1219 294 1266 tet
313 1200 345 1266 se
360 1201 575 1282 gesserint,.ut
599 1208 863 1281 eorum-incuria,
881 1206 947 1280 quii
973 1200 1009 1264 ab
1044 1219 1119 1263 vum
1147 1199 1286 1276 sequatur
1311 1203 1434 1264 minime
1459 1200 1619 1281 obligare,
1649 1209 1712 1269 imo
1739 1209 1805 1272 iure

239 1280 350 1356 ⁸¹5<11¹0
378 1301 486 1346 eorum
515 1284 724 1359 praeiudicium
747 1288 909 1361 patiatur,
936 1299 1008 1343 ante
1043 1275 1105 1355 ipso
1127 1281 1289 1357 naturali,
1315 1278 1349 1345 dr
1368 1278 1498 1355 positivo
1517 1282 1577 1344 esse
1598 1283 1715 1358 prorsus
1740 1288 1808 1350 irri-

238 1377 367 1425 0mnem
383 1360 496 1426 ludicii
515 1360 702 1428 sententiam
721 1366 878 1429 ressituete
902 1377 1009 1425 tenen·
1043 1376 1103 1434 ta,
1133 1358 1196 1422 sive
1225 1359 1384 1424 versentur
1412 1363 1444 1421 in
1467 1363 1596 1424 materia
1617 1364 1807 1442 iniusiitiae,

238 1456 314 1514 tur,
333 1457 484 1515 quantum
507 1443 620 1507 damno
644 1443 856 1522 equivaseau
881 1460 921 1503 ex
946 1457 1006 1516 cap.
1043 1436 1106 1503 sive
1125 1438 1339 1514 cuiuscumque
1356 1437 1483 1502 alterius
1506 1442 1576 1504 vitii
1595 1463 1606 1518 ;
1627 1446 1696 1518 quia
1727 1445 1807 1512 talia

238 1531 267 1597 3.
290 1539 320 1598 ⁴·
342 1516 376 1582 dt
395 1519 461 1584 alsi.
485 1523 522 1585 de
536 1520 681 1602 insumis,
701 1528 772 1601 quia
787 1543 827 1587 ex
840 1519 1007 1597 diiigentiae
1043 1515 1129 1597 pasla
1150 1540 1185 1582 ac
1206 1514 1409 1595 promissiones
1427 1519 1463 1581 ad
1484 1519 1598 1582 malum
1619 1542 1806 1603 provocant,

236 1595 354 1662 debita:
376 1597 537 1664 omissione
557 1601 701 1668 damnum
720 1601 780 1666 suit
804 1604 848 1666 eis
866 1600 1007 1662 volunta·
1042 1599 1170 1674 ideoque
1187 1619 1249 1662 non
1264 1596 1421 1675 obligant;
1442 1600 1505 1663 imo
1524 1619 1580 1663 nec
1604 1602 1722 1678 impleri
1739 1603 1806 1681 pos·

236 1678 873 1761 rium,·acsdeometitoeirimputatur,
896 1695 1007 1755 utpote
1042 1675 1110 1741 sunt
1140 1674 1257 1741 etiamsi
1295 1680 1467 1764 iuramento
1494 1673 1608 1743 fuerint
1649 1679 1805 1746 firmata.

235 1759 290 1832 qui
311 1773 480 1824 teneantur
503 1780 540 1822 ex
561 1761 677 1828 iussitia
698 1779 924 1840 praecaverent
944 1757 1007 1832 sui,
1042 1758 1126 1821 Nam
1146 1769 1218 1820 tunc
1237 1770 1345 1821 temere
1364 1768 1499 1833 iuratur,
1520 1754 1560 1824 (5
1584 1757 1672 1837 impie
1691 1763 1806 1838 quanda

231 1834 291 1898 -vel
311 1839 581 1902 eorumanimalia
603 1842 668 1905 asiis
689 1843 833 1907 damnum
852 1837 1005 1902 inserant.
1041 1837 1120 1916 qaod
1154 1835 1272 1900 iuratur
1300 1835 1461 1913 implerier:
1490 1838 1535 1899 ait
1568 1836 1596 1900 S
1623 1839 1813 1919 Augusiiuui¹

230 1913 369 1989 Quodsi
386 1917 530 1982 damnum
550 1919 672 1985 illatum
689 1920 725 1985 sit
747 1943 765 1986 a
782 1919 845 1984 fera
861 1920 908 1982 vei
919 1938 1006 1981 man·
1041 1917 1134 1982 serm·
1158 1935 1205 1980 ιο.
1228 1920 1258 1978 in
1283 1922 1373 1979 novis
1396 1911 1579 1979 sermonibus
1603 1916 1753 1995 loquendo
1768 1921 1814 2002 de⁶

227 1998 323 2070 cipio
339 1993 445 2070 absque
464 1996 553 2074 ipfius
573 2000 686 2065 domini
703 2003 811 2077 culpa,
828 2000 1005 2061 teneturni·
1041 1999 1135 2073 impio
1155 2000 1327 2061 iuramento
1350 1993 1484 2059 Herodis
1507 1993 1586 2061 satio
1605 1996 1716 2074 puella
1746 1998 1805 2064 sal·

231 2072 408 2138 bilominur
429 2075 569 2141 dominus
589 2080 641 2142 vel
672 2079 815 2145 resarcire
834 2078 1005 2152 damnum,
1042 2079 1143 2140 tanti.

231 2154 292 2218 ves
304 2153 414 2219 cedere
423 2155 548 2221 domino
558 2159 630 2223 laeso
639 2156 736 2225 sera‘m
745 2154 795 2224 seu
813 2156 1003 2233 animal,ves
1080 2154 1262 2220 Notandum
1292 2174 1320 2216 a.
1342 2152 1423 2232 quod
1452 2155 1533 2232 ille,
1560 2158 1611 2233 qui
1640 2178 1695 2236 pro
1710 2179 1806 2236 opere

232 2237 428 2312 messium
445 2258 499 2312 pto
518 2258 598 2306 noxa
614 2262 706 2316 quam
730 2241 879 2306 alteruter
898 2235 1005 2300 borum
1038 2236 1123 2300 maio
1138 2233 1288 2309 patrando
1308 2238 1450 2311 praetium
1467 2238 1579 2314 recepit
1594 2285 1602 2312 ,
1622 2236 1806 2317 siopuspro·

232 2314 396 2402 intulerit.
426 2317 474 2380 Sic
500 2317 651 2383 statutum
670 2319 713 2384 esl
736 2339 803 2384 tum
823 2322 889 2381 iure
908 2316 1004 2379 Civili
1041 2314 1160 2379 missum
1179 2314 1219 2380 ob
1248 2315 1309 2379 tale
1338 2323 1479 2392 praetium
1504 2336 1566 2380 oon
1582 2311 1699 2394 posuit,
1721 2317 1805 2383 resli·

232 2394 372 2473 Instrrxs.
393 2395 491 2477 digest.
513 2395 554 2465 (5
573 2402 634 2465 cod.
656 2401 692 2464 de
711 2397 865 2466 noxasibui
884 2395 1004 2460 essioni-
1041 2414 1128 2459 tuere
1145 2411 1289 2470 tenetur,
1314 2413 1407 2468 quare
1441 2398 1546 2471 nequit
1573 2395 1726 2461 Meretrix
1753 2417 1804 2475 pe·

236 2470 314 2548 bias,
340 2490 411 2538 tum
437 2497 477 2540 ex
496 2481 561 2542 iure
580 2480 734 2547 Canonico
756 2502 821 2558 cap.
842 2475 947 2542 ultimo
969 2476 1005 2539 de
1038 2478 1159 2539 cuniam
1180 2495 1235 2551 pro
1255 2477 1509 2538 meretricioacce
1532 2494 1596 2539 tam
1615 2474 1669 2539 sibi
1689 2479 1805 2540 retine·

238 2552 383 2616 iniuriis.
399 2555 464 2620 Har
486 2576 591 2622 autem
616 2560 696 2638 seges
726 2580 788 2622 non
810 2557 878 2622 sunt
899 2578 1003 2634 poena·
1040 2551 1108 2618 resi
1132 2551 1212 2619 sorte
1236 2557 1354 2629 copiam
1379 2551 1478 2617 facete
1500 2495 1695 2630 bicorporis
1720 2575 1805 2621 recu-

238 2630 375 2711 ¹⁶⁸istd
397 2635 569 2720 dispositive
588 2640 852 2717 acaequitati,&
872 2641 931 2700 iuri
952 2657 1004 2698 oa·
1038 2631 1108 2708 set,
1138 2637 1209 2708 quia
1240 2635 1400 2706 pecuniam
1432 2630 1550 2696 solaciis
1583 2635 1683 2698 noluit
1713 2633 1803 2710 ipsius

238 2713 332 2777 tuteli
347 2716 591 2782 consentaneae.
608 2719 690 2782 Cum
706 2722 789 2781 enim
805 2716 935 2791 animal,
953 2715 1003 2779 vel
1040 2713 1174 2789 pecuniae
1190 2713 1358 2778 dominium
1380 2708 1543 2774 transferre
1563 2711 1617 2774 nisi
1634 2711 1744 2777 essebu
1757 2711 1804 2776 se·

239 2789 343 2856 servus
364 2813 428 2858 non
449 2796 507 2858 sint
524 2795 565 2861 sui
589 2802 683 2875 iuris,
701 2796 747 2861 sed
765 2798 794 2860 id
811 2794 1002 2870 totumquod
1037 2808 1129 2856 curo.
1151 2790 1290 2867 Qmslio
1312 2792 1405 2868 igitur
1426 2787 1564 2854 versatur
1583 2794 1665 2856 circa
1683 2790 1806 2856 resiitu·

240 2865 309 2935 sunt
328 2871 445 2936 domini
466 2873 544 2952 sint,
564 2878 644 2958 seges
659 2874 827 2955 aequissime
854 2873 1003 2952 disposite·
1038 2874 1155 2936 tionem
1189 2871 1289 2948 praetii
1321 2866 1456 2948 praellito
1494 2869 1576 2935 malo
1605 2890 1699 2950 opere
1734 2890 1805 2950 pro·

240 2967 270 3014 te
285 2969 323 3015 ut
351 2950 440 3018 sicuti
460 2961 558 3021 omnis
580 2958 702 3023 utilitas
723 2957 761 3022 ab
783 2976 822 3022 eo
841 2972 913 3021 toto
934 2975 1002 3031 pro·
1038 2952 1141 3016 misso.

187 3068 189 3071 >
241 3034 368 3096 veniens
382 3034 496 3099 dotnini
516 3038 578 3115 esi,
593 3040 736 3103 damnum
750 3057 872 3114 quoque
888 3035 1001 3100 dextrini
1077 3030 1257 3101 Notandum
1273 3048 1299 3114 3.
1318 3030 1546 3109 Promisionet,
1565 3049 1621 3099 aut
1631 3030 1806 3099 concussus

241 3108 298 3187 sit,
318 3110 374 3177 nisi
390 3134 429 3179 et
453 3137 507 3192 pro
527 3118 639 3182 damno
661 3123 782 3183 tradere
800 3118 902 3192 velim·
932 3119 1001 3193 quia
1036 3116 1076 3179 ob
1091 3133 1213 3192 turpem
1227 3114 1360 3180 caussam
1385 3115 1462 3177 alios
1487 3112 1549 3176 esse
1570 3110 1721 3178 absolutos
1748 3134 1805 3193 ap·

240 3186 398 3284 sui-sentit
414 3198 728 3274 commodum,.debet
739 3197 850 3261 sentire
861 3195 1001 3272 &-onus,
1038 3214 1200 3274 patenter,
1221 3193 1268 3258 sed
1289 3193 1436 3269 implicite
1458 3196 1707 3270 conditionatos,
1725 3210 1760 3258 ut
1781 3190 1804 3256 si

240 3284 272 3332 tt
289 3290 322 3333 in
339 3293 400 3353 aeg.
422 3294 471 3353 55.
492 3275 660 3341 irrisistis.
679 3278 792 3341 idcirco
807 3277 1002 3356 obligatedi·
1036 3276 1156 3341 dicatur
1175 3323 1184 3352 ,
1211 3273 1315 3338 occide
1335 3271 1550 3359 Ioannem,'&
1573 3272 1653 3337 dabo
1673 3271 1728 3336 tibi
1754 3292 1801 3350 50.

239 3364 314 3443 eunt
335 3351 427 3429 aliqui
450 3353 536 3421 hasce
557 3358 636 3436 leges
657 3376 731 3423 ante
752 3357 857 3423 iudicii
882 3359 1002 3422 senten·
1036 3376 1171 3431 aurcos;
1196 3354 1273 3419 alios
1297 3373 1374 3417 veto
1393 3354 1529 3429 expresse
1549 3352 1804 3429 conditionatos,

239 3441 316 3521 tiam
331 3433 364 3495 in
383 3430 452 3498 soro
471 3434 687 3520 conscientiae,
707 3438 762 3503 nisi
781 3459 820 3504 ex
839 3436 1000 3503 consuetu·
1036 3455 1072 3501 ur
1094 3434 1114 3497 si
1134 3435 1275 3507 dicatur,
1296 3431 1316 3494 si
1337 3434 1443 3496 seceris
1466 3429 1540 3507 uilis
1556 3435 1676 3505 copiam
1695 3451 1804 3507 corpo·

240 3505 311 3572 ⁶¹⁰⁸
337 3511 477 3590 letitia*
511 3516 687 3596 praescripta
716 3519 871 3585 sententia
898 3520 1002 3583 iudicis
1039 3519 1080 3580 ris
1103 3518 1150 3578 tui
1171 3512 1247 3577 dabo
1264 3511 1319 3575 tibi
1340 3510 1420 3575 hunc
1437 3512 1600 3575 annulum.

240 3591 431 3664 requiratur.
461 3593 575 3661 Verum
603 3595 739 3664 sentiunt
766 3600 817 3663 alsi
839 3599 1002 3676 permulti,
1077 3590 1610 3672 Notandum4.Ciinditionesturpes
1620 3591 1728 3665 apponi
1739 3584 1803 3666 pos·

212 3680 214 3682 ’
239 3662 273 3732 dt
291 3677 483 3738 communius
503 3680 582 3753 quod
603 3677 657 3741 nisi
686 3679 871 3756 precesserit
898 3683 1002 3753 gravis
1038 3672 1066 3739 se
1089 3672 1124 3738 δι
1146 3693 1180 3737 ut
1200 3670 1465 3750 obligatoriaiias,
1486 3668 1520 3734 ἃ
1534 3688 1567 3735 ut
1581 3666 1803 3747 nonobligato·

237 3744 352 3814 domini
375 3752 465 3830 culpa
487 3755 677 3837 Theologica
698 3759 738 3822 ob
758 3759 929 3836 vigilantiae
950 3756 1001 3822 de·
1036 3759 1116 3820 rias:
1137 3773 1162 3818 r.
1183 3746 1632 3826 modoquandospondensvuit
1650 3746 1803 3813 aliumob-

253 3827 369 3907 eslum,
392 3833 469 3897 nibil
487 3835 646 3903 reli-iurere
668 3856 808 3903 teneatur
829 3854 903 3901 ante
924 3836 1002 3899 iudi·
1036 3836 1130 3914 ligare
1148 3832 1185 3897 ad
1194 3852 1270 3905 opus
1281 3831 1420 3894 illicitum
1438 3828 1803 3903 perpetrandum.a.mo-

238 3908 280 3998 tis
302 3909 509 3992 sententiam,
537 3920 607 3993 quia
631 3915 670 3982 sic
700 3919 753 3994 usu
781 3933 912 3993 receptae
930 3913 1001 3980 ‘sunt
1036 3916 1075 3979 do
1091 3915 1164 3977 dum
1183 3931 1244 3975 non
1256 3909 1386 3974 intendit
1408 3908 1661 3987 alterumsigare,
1683 3903 1732 3971 sed
1753 3905 1801 3970 se·

238 3984 300 4053 *sle
325 3991 427 4068 leges,
450 4013 507 4059 nec
528 3996 557 4060 id
581 3999 781 4063 necessarium
807 3995 909 4060 esi'ad
931 3996 1001 4059 illa·
1035 3989 1190 4072 ipsum,si
1212 3992 1708 4066 alterpiavumopusexequaturr
1730 3985 1801 4053 utsr

237 4085 305 4131 mm
320 4067 432 4134 finem.
449 4075 516 4137 Poll
534 4071 718 4142 sententiam
736 4097 813 4140 vero
832 4093 953 4139 tenetur
971 4078 1001 4138 in
1035 4074 1136 4151 dicas,
1155 4071 1232 4136 dabo
1253 4068 1307 4134 tibi
1328 4065 1424 4160 filiam
1437 4086 1543 4160 'meam
1560 4068 1592 4159 in
1611 4086 1761 4143 uxorem,
1777 4062 1802 4129 si

237 4148 425 4215 conscientia
446 4173 548 4230 parere
568 4159 666 4220 eidem
689 4154 853 4220 sententie
877 4155 1002 4229 iudicis,
1036 4150 1142 4217 fassum
1158 4151 1269 4215 dixeris
1290 4146 1515 4211 tessimonium.
1538 4147 1596 4210 His
1621 4150 1801 4223 praenotatis

237 4227 308 4302 quia
327 4227 471 4295 baecnon
488 4230 634 4299 fundatur
651 4234 1001 4313 inpraesumptionecul·
1075 4236 1213 4311 Accepta
1240 4229 1278 4293 ob
1306 4246 1427 4305 turpent
1452 4225 1587 4292 caussam
1618 4242 1691 4290 aute
1724 4245 1803 4305 opus

235 4323 303 4386 poe,
319 4304 366 4373 sed
389 4311 422 4372 in
441 4310 573 4391 legibus,
599 4337 666 4390 quae
689 4314 726 4381 ad
746 4316 1002 4380 bonumcommu·
1036 4314 1157 4377 malum
1171 4327 1328 4390 patratum
1344 4327 1382 4370 ex
1397 4306 1555 4371 contrasiu
1573 4305 1635 4369 sive
1647 4301 1805 4383 absoluto,

235 4400 279 4449 ne
310 4408 347 4452 ae
370 4388 408 4453 ad
435 4411 540 4466 pacem
561 4394 710 4469 publicam
735 4395 780 4460 ita
812 4392 944 4457 slatucre
966 4412 1001 4456 ut
1036 4391 1099 4459 sive
1122 4392 1334 4457 conditionato
1363 4384 1519 4464 obligante
1543 4384 1581 4449 ad
1604 4384 1676 4449 talis
1703 4387 1804 4462 operis

238 4464 358 4531 domini
374 4468 603 4553 vigilantiores,
624 4473 780 4540 cautiores
794 4475 1001 4537 ueteddercn·
1035 4475 1250 4537 executionem
1283 4464 1468 4555 restituendi
1501 4463 1600 4544 suot,
1630 4461 1693 4528 sive
1727 4486 1805 4543 opus

235 4549 345 4638 rur-in
368 4549 510 4617 avemo
537 4573 577 4620 oe
603 4553 713 4634 aliquia
735 4574 754 4620 a
773 4496 831 4618 susi
859 4552 1002 4618 damnum
1035 4554 1150 4616 malum
1172 4545 1327 4625 petatium
1347 4546 1384 4610 sit
1402 4594 1411 4621 ‚
1431 4542 1495 4611 sive
1523 4565 1613 4621 non,
1641 4559 1677 4609 ut
1699 4542 1804 4636 siquis

234 4640 393 4700 vitiatur.
418 4681 420 4684 .
1037 4634 1186 4708 acceperit
1209 4645 1255 4689 ιο.
1278 4645 1385 4689 aureos
1407 4624 1443 4689 ad
1464 4623 1648 4701 patrandum
1678 4624 1804 4688 homici-

290 4763 297 4777 ·
1036 4713 1119 4774 dium
1138 4756 1146 4783 ,
1171 4707 1384 4780 veneficium,
1410 4700 1619 4781 maleficium,
1643 4701 1803 4778 stuprum,

1038 4789 1249 4859 adulterium,
1269 4782 1303 4849 δι
1328 4782 1536 4862 quodcumque
1561 4780 1642 4847 aliud
1674 4796 1803 4857 prauum

1037 4882 1114 4942 opus
1135 4866 1326 4942 promissum,
1343 4862 1406 4927 sive
1427 4880 1597 4939 exequatur
1623 4858 1687 4924 five
1709 4876 1769 4948 non
1791 4880 1801 4933 ;

235 4959 239 4967 '
1037 4944 1152 5025 semper
1168 4947 1318 5023 accipiens
1338 4943 1394 5008 tali
1416 4941 1498 5021 passo
1520 4958 1646 5021 accepta
1666 4934 1805 5002 restitue·

321 5024 414 5107 lassis.
430 5025 531 5093 rbus.
547 5033 655 5096 siseres.
678 5031 771 5097 Toni.
792 5029 848 5093 111.
1488 5019 1513 5083 F
1730 5032 1765 5076 re
