4425 6000
518 531 1530 613 'fracmnelururrrrii&aeleri
1714 540 1763 636 85
1823 543 1864 622 ’,

247 653 324 705 eant
354 636 423 701 illos
456 652 496 712 ιιι7
517 638 562 701 eir
590 636 752 712 strenam,
781 633 874 712 vulgo
898 635 1010 699 mantia
1048 655 1131 698 mum
1150 636 1244 706 vicini
1260 633 1297 698 ab
1314 634 1455 700 incendio
1475 633 1663 712 praeservct,
1684 638 1815 703 infirmo

250 718 407 781 tribuant.
430 716 565 780 Minillti
594 712 797 778 huiuscemodi
822 733 882 777 non
903 710 1013 778 discre-
1049 711 1221 789 succurrit,
1249 712 1362 779 socium
1382 735 1400 778 a
1425 735 1550 792 peccato
1577 737 1757 797 removeat,
1777 734 1816 782 ut

270 792 482 873 aritafuribot
502 813 611 872 utpote
626 798 677 871 qui
699 794 836 859 vendant
852 793 1014 867 creditori·
1048 798 1187 872 graviter
1202 792 1350 871 indigenti
1371 816 1500 873 panem,
1521 795 1735 876 pharmacum,
1757 814 1814 863 aut

204 905 207 909 ⁴
246 819 390 940 boream
410 875 630 939 solicitudinem
645 894 712 950 quae
737 875 858 937 ratione
877 871 922 936 sui
943 870 1014 936 offi-
1049 873 1108 938 alia
1123 870 1345 949 subministret,
1364 874 1437 952 licet
1457 896 1498 940 eir
1518 873 1584 940 solo
1602 876 1818 945 charitatisti·

231 957 288 1034 ⁴cii
310 954 377 1031 ipsis
392 954 435 1018 est
451 954 572 1019 debita.
589 956 629 1018 Et
647 955 703 1017 hoe
724 951 955 1027 intelligendum
967 970 1014 1016 et·
1050 953 1118 1017 tulo
1142 952 1199 1016 hoc
1219 949 1381 1018 subsidium
1405 955 1546 1032 praestare
1569 956 1706 1036 debeat,
1733 956 1767 1022 ἃ
1783 960 1817 1021 iu

249 1033 335 1099 iamsi
361 1055 380 1098 a
408 1038 503 1099 tertia
521 1033 644 1111 persona
661 1029 1014 1107 huiuscemodiiniquam
1050 1031 1106 1096 tali
1126 1034 1310 1097 executione
1330 1034 1450 1099 nullum
1478 1036 1701 1100 incommodum
1731 1038 1816 1102 labo·

247 1118 529 1179 remunerationem
556 1118 738 1191 recipiant,
777 1129 812 1174 ut
839 1112 1013 1181 accelerent
1049 1104 1271 1188 ris,sumptus,
1287 1113 1411 1189 periculi
1430 1111 1553 1192 subeat,
1572 1116 1679 1181 taliter
1692 1134 1817 1194 accepta

246 1193 391 1259 creditori
411 1193 544 1258 debitam
560 1191 757 1257 solutionem.
777 1189 870 1266 Quod
887 1188 907 1253 si
924 1193 1014 1253 mini·
1048 1188 1206 1254 restituere
1221 1191 1335 1269 debet,
1355 1197 1425 1271 quia
1445 1195 1567 1269 quando
1595 1195 1730 1259 charitas
1750 1218 1818 1261 ma·

248 1274 308 1337 ller
329 1273 416 1339 nulla
434 1269 678 1337 adhibitadolosa
697 1290 764 1335 arte
777 1289 917 1347 prompte
929 1270 1014 1333 suum
1048 1273 1130 1333 xime
1159 1289 1245 1347 urget
1269 1270 1431 1338 subvenire
1463 1278 1819 1354 proximo‚'gratuito,
1877 1279 1882 1286 '

246 1351 384 1423 officium
403 1371 595 1430 exequatur,
623 1352 694 1415 idest
722 1349 783 1415 sine
804 1350 866 1413 ulla
883 1346 1014 1414 studiosa
1049 1350 1135 1413 nullo
1154 1349 1292 1414 exhibito
1313 1344 1574 1436 praetibcliaritas
1591 1359 1757 1434 praecipit,
1784 1354 1820 1420 δι

248 1429 469 1511 defatigatione
486 1429 581 1496 faciat
599 1432 678 1507 quod
698 1429 805 1504 debet,
822 1427 856 1493 ἃ
882 1429 1014 1494 acredi·
1048 1431 1123 1492 dans
1145 1430 1176 1489 iu
1199 1431 1255 1493 tali
1275 1430 1363 1507 casu,
1383 1431 1435 1496 dat
1456 1434 1580 1512 corde,
1601 1432 1635 1500 dt
1652 1434 1820 1499 rationabi-

247 1530 318 1578 tore
335 1515 437 1589 potius
445 1513 593 1590 opulento
609 1511 664 1575 fiat
681 1512 784 1587 aliqua
806 1508 942 1572 liberalis
961 1508 1014 1574 do·
1050 1510 1124 1573 liter
1144 1510 1279 1587 invitus,
1297 1513 1409 1575 timens
1429 1532 1466 1574 ne
1491 1513 1566 1577 alias
1587 1513 1676 1579 ficret
1693 1517 1774 1590 quod
1785 1516 1816 1579 ei

185 1611 189 1618 ’
224 1594 359 1670 natio,
377 1591 411 1657 ἃ
432 1590 635 1656 huiuscemodi
647 1590 849 1653 liberalitates
868 1608 1011 1653 exercere
1047 1588 1190 1652 debetur.
1208 1588 1300 1671 Quod
1322 1590 1342 1652 si
1363 1592 1427 1656 tale
1446 1611 1521 1666 opus
1549 1596 1657 1671 exequi
1687 1609 1820 1672 nequeat

194 1685 198 1695 '
249 1669 349 1737 soleat
366 1669 504 1747 praesumi
522 1670 619 1746 potest
640 1674 672 1733 iri
691 1668 801 1735 talibus
817 1688 937 1743 quoque
953 1673 1014 1732 cir·
1048 1668 1111 1730 sirie
1127 1666 1228 1732 nostro
1245 1669 1367 1744 labore,
1388 1669 1509 1750 sumptu
1532 1672 1567 1737 dt
1592 1673 1746 1752 periculo,
1789 1672 1820 1738 el

246 1748 439 1816 cumstantiis
459 1769 498 1814 ex
518 1743 883 1827 liberalitate,&prorsus
901 1748 1014 1812 volun·
1049 1750 1117 1813 vita
1131 1792 1141 1823 ,
1157 1745 1391 1823 salus,sortunae
1412 1755 1539 1827 proximi
1561 1772 1623 1817 nori
1643 1687 1821 1818 sintincbr·

247 1833 328 1896 tarie
343 1831 482 1907 donasse,
500 1834 649 1907 praecipue
657 1829 677 1892 li
695 1829 751 1892 hoc
765 1830 926 1904 contingat
938 1828 1014 1903 post·
1049 1846 1083 1891 to
1102 1832 1191 1906 gravi
1210 1826 1396 1906 discrimine,
1414 1831 1499 1895 licite
1509 1833 1619 1910 aliquid
1636 1835 1731 1908 accipi
1751 1848 1822 1909 pot·

205 1923 207 1927 ‘
246 1930 341 1987 quam
366 1909 510 1975 Minister
539 1909 741 1982 debitamsui
768 1905 860 1970 officii
888 1927 1014 1982 operam
1047 1906 1090 1971 ell
1124 1911 1221 1971 etiam
1240 1927 1395 1985 tamquam
1417 1915 1558 1988 praetium
1575 1934 1631 1991 pro
1652 1912 1709 1978 tali
1724 1932 1819 1990 opert

197 2066 200 2071 ¹
248 1987 638 2071 praestitit,·quiasiprius
655 1992 746 2053 detur
767 1985 880 2061 semper
911 1987 1013 2050 locum
1047 1986 1125 2064 quod
1147 1986 1199 2049 nisi
1216 2008 1255 2051 cir
1271 1986 1436 2072 Claritate
1458 1990 1606 2056 debetur.

199 2131 202 2136 ,
248 2068 339 2132 habet
360 2067 485 2145 suspicio
504 2072 584 2145 quod
614 2070 788 2134 voluntarie
814 2068 940 2130 omniuo
961 2065 1014 2131 da·
1087 2065 1281 2131 Ceterumsi
1302 2069 1438 2146 impetus
1460 2071 1600 2135 omnibus
1616 2086 1724 2146 aperte
1745 2091 1819 2136 con·

188 2175 189 2178 ¹
249 2167 317 2212 turn
339 2170 398 2213 noti
416 2150 575 2234 lit;&·io
597 2151 651 2214 tali
671 2151 741 2213 casu
758 2149 793 2211 lit
812 2147 896 2210 licita
927 2150 1014 2211 inini-
1049 2145 1142 2210 staret
1170 2149 1283 2222 aliquid
1307 2147 1412 2213 datum
1441 2146 1529 2215 fuisse
1556 2151 1757 2228 liberaliter,
1781 2149 1817 2215 ἀ

249 2226 300 2290 liri
319 2234 459 2306 acceptio
480 2229 550 2293 sile
568 2231 700 2293 declaret
719 2245 859 2307 patarum
879 2225 939 2289 line
956 2228 1013 2290 tali
1049 2226 1177 2306 gratiose
1194 2231 1342 2303 precipue
1359 2232 1394 2292 ad
1412 2229 1626 2307 alliciendum,
1650 2231 1700 2294 seu
1729 2229 1821 2294 incli·

247 2306 410 2385 largitione
434 2311 470 2375 ad
491 2310 636 2388 agendum
667 2311 747 2384 quod
771 2328 810 2371 eit
838 2309 890 2370 luo
912 2303 1014 2391 officio
1050 2308 1184 2369 nandum
1200 2309 1401 2383 accipientem
1418 2310 1453 2373 ad
1463 2308 1577 2374 bonum
1592 2330 1666 2388 opus
1677 2309 1821 2385 praestan·

231 2404 396 2472 tenetur,
412 2408 446 2453 ut
468 2390 586 2466 quidet
604 2386 1012 2467 deprehenderequeatnihil
1049 2388 1121 2449 dum
1137 2388 1200 2451 live
1223 2387 1298 2449 illud
1319 2388 1454 2453 debitum
1474 2385 1510 2452 sit
1527 2410 1568 2454 eir
1599 2388 1732 2466 iustitia,
1755 2387 1821 2453 sive

246 2486 317 2531 tum
337 2471 460 2546 exigere
482 2492 534 2546 pro
552 2491 642 2547 opera
668 2491 759 2547 quam
776 2466 881 2532 debet.
1048 2488 1087 2529 eit
1102 2465 1285 2543 Charitate,
1304 2484 1359 2531 aut
1380 2469 1438 2532 alia
1456 2470 1576 2533 virtute
1593 2473 1745 2546 accipiens
1765 2487 1819 2541 co·
1911 2511 1914 2518 ,

198 2585 201 2591 ·
284 2548 315 2610 Si
336 2550 401 2623 quis
420 2550 615 2625 veroaliquid
632 2568 787 2626 tamquam
804 2550 945 2622 praetinm
960 2567 1014 2621 pro
1047 2546 1160 2625 gendos
1183 2568 1242 2610 non
1264 2546 1339 2609 esset
1362 2551 1392 2610 iii
1410 2545 1480 2612 soro
1499 2549 1702 2614 conscientie
1723 2548 1760 2613 ad
1771 2568 1820 2612 re·

203 2692 206 2699 ,
246 2645 336 2702 opere
358 2649 417 2690 nori
439 2630 599 2693 debitoex
626 2628 756 2707 iustitia,
781 2628 828 2691 sed
849 2648 888 2691 eir
909 2628 1013 2690 Chaii·
1049 2627 1242 2690 stitutionem
1262 2631 1489 2704 accepti‚cum
1510 2631 1541 2691 iii
1573 2631 1629 2692 tali
1657 2632 1727 2692 calu
1745 2646 1819 2691 vere

212 2768 215 2776 ,
249 2724 314 2769 tate
336 2707 389 2772 vel
407 2709 466 2773 alia
485 2713 603 2774 virtute
621 2713 770 2787 reciperet
791 2707 953 2783 aliquando
973 2704 1015 2768 se·
1050 2707 1087 2771 ad
1111 2707 1168 2768 hoc
1190 2727 1254 2769 tion
1276 2724 1440 2770 teneatur.
1462 2704 1819 2784 Qiiadonarioprorsur
1897 2715 1901 2724 '

247 2784 377 2848 cundum
401 2788 517 2865 aliquos
544 2792 641 2857 teneri
659 2787 757 2863 potest
778 2788 813 2850 ad
845 2787 1012 2850 rellitutio·
1051 2785 1228 2851 voluntarie
1249 2790 1405 2863 gratuita,
1425 2785 1467 2848 cll
1484 2786 1574 2850 iulius
1593 2788 1704 2850 titulus
1715 2805 1752 2850 ut
1768 2806 1820 2849 re·

248 2883 336 2941 nem,
358 2866 520 2943 aliquando
540 2890 602 2931 nou
621 2916 629 2945 ,
650 2869 684 2933 dt
715 2865 877 2930 secundum
899 2867 1013 2941 aliquos
1050 2869 1188 2929 tineatur
1208 2864 1459 2941 quodspontanee
1479 2865 1656 2944 &gratuite
1675 2865 1820 2944 largitum

210 2964 213 2970 ·
247 2965 408 3088 numquam
429 2952 543 3013 teneri.
566 2950 681 3012 Dicunt
702 2950 784 3009 enini
805 2941 1013 3011 audorester·
1050 2941 1128 3020 fuit,
1146 2944 1309 3009 dummodo
1329 2964 1433 3007 tamen
1454 2965 1517 3008 non
1537 2944 1680 3010 inhabilis
1695 2945 1820 3009 elietcx

249 3029 301 3089 tiae
334 3031 484 3093 cotentiae
507 3050 543 3093 ac
563 3025 709 3091 susliiient
729 3025 918 3103 quodlolum
940 3046 1014 3088 ven·
1051 3021 1244 3100 dispositione
1273 3026 1344 3102 legii
1369 3022 1505 3100 positivae
1534 3025 1571 3087 ad
1602 3025 1820 3101 acquirendum

242 3105 316 3188 ‘dere
333 3110 411 3183 quod
433 3107 474 3172 eil
491 3108 627 3172 debitum
647 3128 686 3171 eit
702 3105 835 3182 iustitia,
858 3104 908 3168 vel
930 3105 1013 3183 spiri·
1050 3106 1215 3170 dominium
1241 3108 1283 3168 rei
1313 3109 1408 3169 etiam
1433 3103 1561 3184 gratiose
1591 3128 1626 3170 ac
1652 3105 1820 3167 liberaliter

209 3243 212 3251 .
253 3185 338 3248 tuale
366 3237 375 3266 ,
412 3206 520 3265 utpote
548 3208 608 3253 non
640 3189 749 3262 praetio
782 3184 958 3251 aestimabile
980 3206 1014 3250 ac
1049 3185 1190 3260 donatae,
1210 3180 1376 3248 cuiusmodi
1399 3185 1441 3248 est
1468 3186 1559 3249 iudex
1586 3190 1671 3250 circa
1694 3203 1820 3248 munera

249 3264 316 3328 ideo
338 3268 544 3343 invendibile,
562 3273 606 3333 uti
631 3266 651 3328 si
681 3270 746 3344 quis
763 3274 913 3344 reciperet
935 3284 1013 3330 tam·
1052 3272 1153 3343 magni
1171 3265 1276 3328 saltem
1293 3268 1458 3341 momenti,
1475 3269 1615 3342 quamvis
1642 3262 1820 3328 voluntarie

247 3363 332 3418 quam
349 3351 491 3425 praetium
509 3352 695 3425 paecuniam,
715 3364 769 3410 aut
790 3348 859 3422 quid
877 3348 1013 3423 aequiva·
1049 3345 1082 3410 ὅ(
1102 3349 1240 3424 gratuito
1260 3345 1359 3408 eidem
1375 3367 1392 3409 a
1407 3344 1528 3409 Cliente
1543 3342 1690 3418 exhibita,
1712 3341 1820 3417 accol-

248 3422 310 3487 leus
329 3447 381 3502 pro
397 3427 482 3491 milla
500 3428 665 3504 audienda,
688 3426 768 3492 allus
790 3427 877 3505 sidci,
899 3449 934 3491 ac
952 3427 1011 3501 spei
1049 3427 1132 3489 lata.
1148 3428 1179 3488 P.
1203 3427 1340 3488 Antoine
1359 3447 1429 3488 cum
1450 3425 1536 3490 aliisi.

247 3506 429 3570 exercendos
450 3556 457 3584 ,
481 3525 515 3572 ut
536 3512 674 3584 ieiunet,
695 3528 734 3571 ne
756 3505 785 3573 se
805 3507 955 3583 inebriet,
978 3522 1012 3569 ut
1087 3505 1179 3579 Quod
1196 3505 1217 3566 si
1234 3509 1299 3581 quis
1322 3508 1474 3580 acceperit
1494 3505 1608 3581 aliquid
1628 3521 1681 3581 pro
1703 3502 1819 3568 aulone

246 3584 415 3664 ministret,
436 3610 469 3651 ac
491 3591 619 3662 recipiat
635 3584 923 3665 sacramenta,parit
939 3585 1014 3651 obli·
1050 3605 1104 3649 aut
1127 3583 1284 3649 omissione
1304 3605 1373 3657 quae
1399 3584 1490 3648 cedat
1518 3589 1549 3647 in
1570 3581 1666 3646 solum
1686 3602 1818 3646 commo·

247 3668 402 3740 gationem
425 3666 644 3742 restitutionis,
661 3667 779 3730 tametsi
796 3689 871 3743 oput
892 3685 1012 3744 propter
1048 3668 1119 3729 dum
1134 3665 1314 3741 accipientis
1337 3663 1386 3726 vel
1403 3664 1439 3727 ad
1460 3664 1594 3735 cultum,
1616 3663 1649 3726 δι
1670 3662 1819 3724 honorem

245 3743 324 3882 dm
346 3761 506 3821 acceptum
526 3744 591 3820 est,
613 3745 727 3809 nonsit
750 3745 881 3809 debitum
897 3767 936 3810 ex
964 3749 1011 3810 iu·
1049 3747 1123 3824 Dei,
1145 3762 1220 3822 puta
1251 3766 1285 3811 ut
1306 3745 1423 3805 millam
1448 3743 1553 3806 audiat
1573 3790 1581 3818 ,
1604 3739 1820 3805 eleemosinam

270 3825 327 3886 itia
341 3871 350 3899 ,
366 3824 413 3885 led
429 3842 467 3886 eir
498 3822 668 3897 charitate,
691 3823 742 3897 vel
764 3828 1012 3904 religione,quia
1048 3827 1235 3903 elargiatur,
1256 3820 1369 3890 desinat
1387 3824 1647 3900 peccare,ieiunia
1665 3836 1817 3901 praecepta

246 3897 286 3963 err
308 3923 385 3977 opus
401 3902 616 3980 invendibile,
638 3903 674 3969 ὃς
691 3902 831 3967 venditio
854 3906 887 3967 iri
910 3905 1013 3982 aliquo
1049 3909 1180 3979 servet,
1205 3926 1266 3967 non
1295 3903 1324 3964 le
1345 3902 1473 3964 inebriet
1500 3902 1561 3965 dte.
1584 3900 1666 3964 licite
1682 3904 1816 3964 retinere

244 3999 282 4049 ‚tit
294 3979 348 4043 bis
362 3979 476 4045 casibus
487 3981 666 4061 simoniaca,
688 3982 741 4046 uili
761 3980 1012 4048 forsaninomoi-
1049 3986 1145 4065 potest
1169 3983 1332 4048 dummodo
1353 3982 1458 4046 datum
1475 4003 1536 4043 non
1547 3982 1725 4044 intendatur
1738 3998 1817 4043 tam·

246 4056 298 4124 but
320 4109 329 4138 ‚
355 4059 463 4126 loret.
489 4063 551 4126 Alii
579 4084 654 4127 vero
674 4067 723 4139 qui
756 4064 862 4128 dicunt
887 4080 1012 4143 accepta
1048 4088 1139 4145 quam
1160 4069 1327 4141 praerium,
1349 4066 1393 4124 ita
1417 4080 1452 4123 ut
1473 4058 1529 4124 fiat
1558 4081 1633 4124 vera
1660 4059 1694 4125 ἃ
1716 4056 1815 4123 untia

246 4153 400 4215 tamquam
421 4145 723 4221 praetiumprooperc
738 4142 818 4208 bono
839 4146 926 4210 alteri
937 4166 1012 4220 prae-
1047 4150 1165 4225 emptio
1184 4142 1280 4208 stride
1300 4144 1336 4207 ad
1358 4142 1421 4205 tale
1441 4162 1518 4218 opus
1538 4141 1674 4204 oblivaiis
1690 4161 1698 4202 :
1715 4136 1749 4203 bt
1766 4159 1815 4201 ra·

246 4215 358 4312 (laudo.
372 4220 674 4292 interdumobnoitia
695 4224 757 4289 else
773 4223 961 4291 restitutioni
981 4246 1013 4288 a·
1048 4229 1094 4291 tio
1114 4224 1176 4298 cll,
1193 4230 1280 4300 quia,
1299 4222 1356 4286 boc
1373 4217 1515 4308 praejtiso,
1534 4189 1618 4296 quod
1633 4221 1817 4282 eidonatum

247 4296 391 4439 ltqluando
412 4300 483 4365 huic
505 4306 589 4366 oneri
607 4305 741 4369 obnoxia
757 4324 819 4368 non
834 4307 923 4379 esse,
948 4324 1011 4369 non
1046 4303 1126 4380 fuit,
1139 4327 1179 4369 ex
1194 4303 1316 4381 caussa,
1341 4300 1390 4364 vel
1412 4300 1463 4364 lub
1485 4300 1684 4377 conditione,
1703 4297 1815 4362 voluti·

245 4377 274 4440 di
301 4382 430 4457 inguunt
447 4386 528 4445 inter
543 4402 633 4458 opera
653 4385 755 4448 debita
779 4404 819 4447 ex
843 4383 956 4449 iustitia
976 4385 1012 4450 δι
1047 4386 1125 4451 tarie
1140 4387 1286 4457 omnino,
1306 4403 1342 4445 ac
1364 4380 1531 4444 liberaliter
1553 4378 1704 4443 douatum
1721 4374 1780 4441 suit
1803 4420 1815 4439 .

246 4454 348 4522 debita
365 4481 404 4524 cit
420 4460 486 4524 sola
510 4462 671 4527 Cliaritate
700 4462 750 4527 seu
772 4465 832 4528 alia
862 4468 981 4529 virtute
1002 4514 1009 4542 ,
1046 4467 1147 4530 Nemo
1167 4468 1250 4527 enim
1268 4462 1304 4525 ab
1320 4461 1397 4537 alio,
1415 4458 1564 4536 artiones,
1586 4456 1816 4522 velomillionet

249 4532 295 4599 std
312 4541 394 4603 inter
409 4545 501 4619 magis
523 4541 556 4604 dt
578 4547 676 4605 minus
684 4565 810 4622 gravem
820 4548 1009 4627 eitigtnriam
1044 4548 1153 4610 liberas
1174 4543 1207 4607 &
1223 4542 1318 4605 solum
1337 4539 1388 4617 ipsi
1410 4544 1509 4619 agenti
1532 4540 1625 4601 utiles
1640 4543 1731 4602 emit.
1751 4538 1814 4611 Qui

247 4615 406 4682 charitatis
427 4622 565 4698 proximo
585 4620 797 4700 subveniendi,
813 4624 846 4689 dt
862 4637 1011 4701 quatenus
1046 4646 1150 4696 rameri
1170 4621 1283 4697 aliquid
1303 4625 1417 4697 recepit
1440 4639 1478 4680 ne
1498 4616 1593 4681 scelus
1613 4619 1690 4694 quod
1711 4617 1815 4694 petle-

196 4749 200 4755 .
248 4696 436 4762 intervenire
456 4699 545 4764 debet
570 4701 672 4778 labor,
694 4701 846 4780 sumptui,
867 4706 916 4767 vel
937 4711 1013 4782 peri·
1046 4727 1093 4790 gea
1110 4704 1209 4782 puniri
1227 4699 1303 4765 solet
1322 4702 1672 4776 committeret,cogitur
1690 4700 1721 4759 in
1738 4695 1817 4758 iudi·

248 4777 348 4840 culum
369 4781 399 4841 iii
420 4778 590 4844 huiusmodi
619 4787 717 4857 operit
744 4787 930 4849 executione
952 4785 1012 4862 ,ἀ
1046 4781 1096 4854 cio
1122 4784 1161 4846 ad
1188 4778 1439 4853 restitutionem,
1471 4778 1505 4844 ἃ
1533 4777 1595 4853 poll
1627 4776 1816 4867 sententiam

249 4851 311 4921 liaec
333 4862 436 4922 verior
455 4860 577 4924 videtur
598 4883 635 4924 ac
656 4881 690 4927 ut
712 4865 806 4940 magis
818 4867 929 4928 rationi
938 4886 1014 4928 cori·
1046 4863 1169 4944 quando
1185 4857 1261 4924 iusta
1277 4859 1382 4938 sit,ac
1402 4858 1519 4937 legibus
1541 4854 1710 4923 conformis
1727 4851 1815 4918 telli-

249 4931 319 5000 sona
351 4937 532 5014 probabilior
558 4987 567 5002 .
594 4941 685 5005 Unde
713 4941 875 5006 secundum
907 4943 1015 5008 horum
1049 4962 1137 5010 tuere
1155 4956 1297 5004 tenetur.

251 5010 433 5081 sententiam
451 5022 597 5095 recipiens
617 5024 800 5101 pecuniam,
819 5021 1016 5102 lcuaequiva·
1088 5021 1177 5087 Nota
1198 5021 1279 5097 quod
1299 5017 1602 5096 recipienr,quando
1627 5016 1747 5079 donum
1769 5030 1815 5077 re·

249 5090 312 5159 lciit
330 5111 366 5158 ut
384 5102 555 5186 proximum
566 5104 677 5177 eripiat
701 5122 739 5165 cit
758 5100 945 5184 naufragio,
964 5103 1017 5170 do·
1048 5117 1174 5182 ceptum
1201 5097 1319 5166 efficiat
1344 5116 1380 5163 ut
1408 5097 1486 5162 ailio
1506 5097 1608 5174 aliqua
1630 5094 1734 5159 debita
1752 5111 1815 5157 non

326 5177 424 5257 ladit.
443 5177 542 5257 Theos.
558 5182 676 5248 ‘Morad
697 5179 854 5256 Tomlll.
1401 5174 1427 5240 F
1467 5191 1484 5253 3
1548 5197 1550 5202 '
1722 5192 1780 5251 9⁰·
