4425 6000
453 527 531 629 384
659 530 830 605 Tener.
859 554 915 605 ne
939 529 1200 608 ‘rincum
1230 528 1453 606 Deeatoor
1484 530 1583 609 Car.
1610 536 1714 612 vib
1788 563 1792 568 ·

401 627 565 697 do.caiur
579 645 685 696 tamen
705 626 846 707 fortuiti,
874 630 1044 713 improvisi,
1064 630 1097 698 &
1118 652 1164 697 re·
1196 649 1298 704 vero,
1324 629 1422 695 subdit
1451 632 1479 695 S.
1515 631 1625 699 Dotior
1682 638 1813 715 potestas
1841 638 1969 717 publice

403 712 541 790 pentini,
569 727 646 788 puta
673 706 882 789 naufragium,
906 708 1042 776 incursui
1065 712 1162 775 latro·
1195 714 1398 774 committitur
1426 713 1462 776 ad
1489 712 1546 778 boc
1571 733 1606 778 ut
1632 686 1691 781 lint
1715 719 1839 786 iustitiae
1861 722 1962 786 cusio-

400 810 494 867 num,
514 788 575 857 &o
596 811 663 868 quae
684 792 868 869 impotentes
894 790 1023 855 reddunt
1045 791 1081 854 ad
1107 788 1162 856 fol·
1195 792 1266 866 der,
1284 790 1407 867 ideoque
1428 795 1470 854 eir
1491 795 1644 859 violentia
1660 817 1722 861 non
1744 801 1816 865 licet
1838 800 1892 863 nisi
1914 802 1963 864 ie·

400 870 555 948 vandum,
579 890 596 934 a
620 870 678 936 tali
702 869 792 948 culpa
811 869 980 947 excusant,
999 870 1162 936 dummodo
1194 869 1324 933 cundum
1340 870 1463 936 iustitiae
1480 890 1635 938 tenorem.
1661 876 1776 944 idcirco
1797 883 1842 945 ait
1859 883 1890 941 iii
1912 901 1961 942 re·

397 952 501 1015 debita
521 948 691 1028 fateamur,
714 954 875 1027 omniaque
893 948 970 1014 bona
991 949 1091 1015 nollra
1113 950 1159 1014 ul·
1196 946 1291 1027 spons.
1306 950 1342 1012 ad
1363 965 1390 1028 3.
1411 950 1432 1013 si
1454 953 1567 1029 aliquid
1593 954 1728 1021 indebite
1750 973 1961 1037 extorqueant

398 1050 459 1107 quc
482 1029 520 1094 ad
541 1029 684 1095 ultimum
703 1030 904 1107 quadrantem
923 1030 1107 1107 indicemus,
1127 1028 1160 1095 ἀ
1196 1049 1247 1106 per
1268 1028 1470 1107 violentiam,
1491 1036 1598 1109 rapina
1617 1035 1660 1098 est
1695 1038 1729 1103 ἃ
1745 1041 1960 1104 latrocinium.

396 1109 531 1174 indicata
554 1107 710 1174 servemur
741 1108 778 1200 ad
802 1108 990 1175 creditorum
1017 1108 1159 1173 l'ecurita·
1234 1110 1336 1173 Praeda
1357 1105 1436 1174 faeta
1453 1117 1483 1173 in
1498 1111 1578 1176 bello
1597 1084 1807 1194 iniufio,.non
1825 1141 1902 1185 vero
1925 1123 1961 1185 iit

396 1210 481 1268 rem,
505 1209 578 1254 nam
597 1189 709 1266 aliquid
729 1188 907 1255 subtrabens
933 1186 1096 1266 aribonis,
1126 1187 1160 1250 si·
1193 1187 1275 1252 bello
1298 1185 1397 1266 iusto,
1418 1194 1524 1266 rapina
1544 1192 1611 1270 ell3
1631 1197 1674 1260 ita
1691 1198 1720 1260 S.
1743 1199 1859 1265 Dostor
1881 1220 1910 1262 2.
1928 1220 1975 1265 at-

318 1293 324 1306 ·
396 1269 476 1335 milit
497 1267 538 1333 cll
561 1272 703 1348 neganti.
732 1269 884 1349 Raptorer
905 1266 975 1332 sunt
992 1271 1105 1346 pariter
1125 1288 1159 1331 o-
1212 1264 1361 1332 uelitis.
1383 1287 1442 1333 art.
1460 1270 1488 1333 8.
1507 1271 1544 1335 ad
1565 1291 1592 1333 1.
1617 1272 1740 1353 lnsuper
1769 1283 1811 1344 rei
1840 1286 1972 1357 rapio&

395 1369 482 1413 mnes
502 1351 554 1426 qui
582 1346 687 1413 fraude
714 1349 829 1414 cedunt
852 1346 961 1423 bonis,
991 1352 1086 1412 etiam
1115 1343 1158 1411 se·
1193 1290 1262 1412 inne
1283 1348 1396 1411 milites
1436 1355 1485 1426 qui
1507 1348 1569 1416 fine
1590 1354 1736 1433 Principis
1759 1360 1839 1424 iussu
1859 1365 1956 1425 etiam

394 1427 524 1493 cundum
547 1428 628 1508 leger
647 1429 755 1494 civilet
774 1450 842 1505 quae
867 1425 1044 1493 aceffionir
1066 1428 1158 1492 bene·
1192 1432 1223 1489 in
1261 1427 1341 1490 bello
1370 1398 1448 1494 iuflo
1478 1429 1583 1495 domus
1615 1435 1811 1518 incendunt,
1842 1443 1957 1517 praeder

393 1510 466 1574 icio
485 1507 554 1573 illos
577 1507 765 1587 excludunt,
788 1510 860 1586 quia
880 1504 982 1585 fraus,
1012 1506 1045 1572 dc
1071 1508 1158 1573 dolus
1193 1525 1301 1585 agunt,
1325 1525 1413 1586 agros
1442 1512 1652 1586 populantur.
1681 1516 1770 1593 Quod
1798 1517 1821 1580 fi
1853 1521 1954 1585 rulliei

391 1591 505 1654 nemini
527 1592 758 1666 patrocinatur.
1192 1590 1281 1652 unius
1309 1591 1402 1663 partis
1431 1588 1643 1670 belligerantis
1669 1596 1700 1658 in
1729 1594 1868 1662 bossilem
1891 1620 1955 1667 mo·

431 1666 611 1733 Notandum
626 1687 702 1733 vtro
717 1667 815 1745 quoad
830 1667 917 1733 bonis
931 1666 1075 1732 cedentes
1094 1665 1157 1731 abf-
1191 1668 1261 1729 dum
1292 1664 1414 1731 rullicos
1448 1670 1571 1733 alterius
1599 1676 1692 1746 partis
1724 1676 1952 1759 damnificent,

391 1768 452 1826 que
471 1743 597 1824 fraude,
625 1766 644 1811 a
670 1744 783 1813 debitis
811 1764 970 1825 propterea
990 1747 1023 1812 ἀ
1042 1748 1155 1826 obliga·
1191 1766 1258 1823 pars
1279 1742 1393 1811 offensa
1414 1746 1558 1814 similibus
1579 1747 1720 1833 offensis,
1744 1757 1838 1822 aliam
1858 1758 1952 1824 offen·

389 1831 474 1892 tione
494 1826 630 1893 solvendi
652 1846 714 1890 non
732 1825 876 1904 liberari,
899 1825 920 1888 si
941 1825 978 1889 ad
999 1828 1156 1893 meliorem
1189 1826 1259 1889 dere
1279 1824 1394 1903 poteli,
1411 1824 1524 1893 scilicet
1546 1830 1699 1907 spoliando
1726 1855 1835 1901 eorum
1857 1858 1954 1921 arva,

389 1905 549 1973 fortunam
579 1908 778 1985 pervenerint
806 1907 881 1985 Leg.
911 1906 963 1984 qui
990 1903 1071 1971 lonis
1102 1911 1152 1972 tit.
1189 1906 1248 1970 &c
1274 1902 1367 1980 usque
1393 1905 1429 1969 ad
1449 1907 1628 1973 damnorum
1647 1916 1952 1991 compensationem.-

389 2006 436 2067 7¹·
455 1986 507 2065 qur'
526 1985 605 2051 bonis
620 1986 721 2052 cedere
737 1984 847 2067 poffunt
872 1983 935 2050 &o
967 1986 1009 2049 Et
1039 1988 1083 2052 ita
1105 1988 1153 2050 de·
1191 2006 1261 2047 nain
1282 1981 1426 2049 fervente
1445 1986 1527 2052 bello
1555 2010 1623 2067 pars
1644 2011 1776 2070 utraque
1797 1997 1951 2073 praefumi.

386 2069 489 2131 crevit
508 2064 573 2130 Gre
591 2070 673 2131 orius
689 2063 743 2130 lx.
766 2071 797 2128 in
819 2064 988 2145 Extravag.
1003 2084 1063 2146 cap.
1079 2069 1154 2131 Odo-
1190 2082 1242 2150 tur
1269 2061 1445 2129 consensum
1470 2067 1576 2132 babere
1603 2069 1644 2132 sui
1668 2074 1873 2148 Principis·ad
1903 2083 1948 2143 ica

386 2146 480 2211 ardus
503 2146 541 2212 de
553 2086 774 2226 >bitrionem
802 2144 887 2208 Nam
916 2143 945 2207 bi
973 2149 1153 2212 eximuntur
1188 2144 1238 2207 lua
1256 2145 1439 2221 repetenda,
1460 2168 1527 2221 quae
1545 2148 1607 2211 alio
1624 2150 1713 2216 niodo
1730 2154 1899 2233 vindicari,
1915 2175 1953 2223 ae

384 2230 539 2293 duntaxat
559 2227 656 2291 donec
681 2224 752 2288 sunt
775 2226 960 2303 impotenter
977 2223 1015 2289 ad
1031 2223 1153 2290 solven·
1187 2226 1355 2301 recuperari
1387 2243 1540 2301 nequeunt
1559 2251 1573 2304 ·,
1590 2229 1668 2292 unde
1698 2233 1743 2297 ius
1777 2232 1948 2311 reprefalia·

295 2327 303 2344 a
384 2308 477 2386 dum,
502 2305 540 2371 ab
566 2307 650 2370 omni
670 2323 762 2382 poena
788 2300 944 2380 utriusque
964 2303 1023 2368 fori
1042 2324 1152 2372 contra
1187 2325 1254 2366 rum
1280 2300 1430 2367 indultum
1455 2304 1524 2383 efl;
1554 2329 1622 2383 quar
1650 2326 1724 2375 tunc
1745 2310 1841 2377 solum
1862 2314 1949 2382 iullae

384 2385 554 2463 debitores,
573 2405 636 2449 non
655 2403 729 2448 veto
744 2386 921 2448 eximuntur
938 2381 976 2447 ab
989 2403 1082 2450 onere
1094 2385 1151 2451 sol·
1186 2380 1271 2461 funt,
1293 2403 1328 2446 ac
1349 2382 1463 2462 licitae,
1480 2388 1604 2462 quando
1629 2388 1812 2457 audloritate
1837 2395 1949 2459 Princi-

383 2468 495 2541 vendi,
521 2463 541 2527 si
562 2462 725 2543 aliquando
758 2480 900 2542 potentes
930 2461 1029 2526 fiant·
1057 2464 1091 2531 ἃ
1115 2468 1151 2528 de
1186 2464 1230 2541 pis
1245 2463 1283 2525 ob
1311 2460 1418 2531 iustam
1441 2467 1592 2540 caussam,
1613 2467 1748 2545 retiaque
1775 2476 1951 2541 intentione

382 2546 439 2612 lioc
465 2545 584 2608 meliori
607 2543 696 2607 modo
716 2562 776 2618 quo
798 2540 897 2619 potest
918 2545 989 2607 talis
1006 2510 1080 2608 dare
1100 2544 1150 2609 de·
1184 2559 1397 2620 exercentur,
1420 2561 1455 2608 ut
1476 2564 1515 2607 ert
1538 2565 1600 2611 cart.
1631 2548 1771 2615 Dominus
1801 2552 1879 2633 caus.
1898 2567 1945 2635 η.

379 2626 430 2690 bet
458 2625 633 2689 cautionem
657 2620 762 2687 falcem
791 2623 1012 2700 iureiurando,
1044 2644 1150 2701 nempe
1184 2622 1279 2700 quest.
1300 2640 1329 2684 a.

379 2704 410 2768 fe
443 2702 617 2769 soluturum
649 2700 671 2764 si
704 2699 898 2778 imposterum
930 2702 967 2766 ad
1004 2702 1060 2767 hoc
1096 2724 1150 2781 po·
1223 2702 1271 2764 Ad
1297 2702 1354 2766 boc
1379 2722 1485 2780 vero,
1510 2721 1545 2768 ut
1568 2707 1850 2784 repreliliaeruilae
1873 2709 1945 2792 sint,

378 2803 447 2851 tens
467 2782 542 2849 fiat.
1183 2779 1255 2845 aliae
1272 2802 1389 2859 quoque
1406 2785 1597 2849 conditiones
1616 2808 1796 2854 concurrere
1822 2793 1943 2871 debent,

419 2867 465 2931 Ra
490 2882 573 2930 tores
594 2861 664 2927 funt
685 2862 791 2927 itidem
814 2863 864 2939 qui
885 2860 956 2928 dolo
981 2864 1148 2942 impetrant
1188 2859 1331 2924 videlicet
1353 2882 1393 2925 ne
1413 2859 1563 2929 saeviatur
1585 2868 1616 2927 in
1638 2864 1779 2943 personas
1799 2873 1945 2937 innocen·

376 2949 450 3013 remi
478 2964 580 3010 ionem
607 2945 703 3021 partis
729 2942 861 3010 debitia
889 2943 1088 3011 creditoribus
1111 2942 1149 3007 si·
1183 2955 1269 3018 tum,
1290 2961 1361 3005 cum
1377 2960 1524 3021 repugnet
1541 2948 1673 3010 naturali
1693 2952 1838 3024 aequitati
1855 2952 1944 3017 aliurn

375 3026 520 3094 molendo
543 3022 574 3086 se
597 3043 661 3089 non
682 3021 795 3089 babere
820 3022 899 3086 unde
918 3024 1073 3104 integrum
1092 3022 1148 3091 sol·
1182 3041 1237 3097 pro
1259 3022 1319 3086 alio
1348 3024 1381 3084 in
1402 3020 1528 3100 persona
1576 3030 1730 3103 ergravari
1748 3049 1755 3064 ·
1776 3049 1816 3093 ne
1836 3050 1945 3096 exten·

375 3125 473 3184 varit,
493 3103 528 3170 ἀ
546 3119 667 3179 partem
687 3100 842 3168 soluturos
865 3101 885 3166 fi
908 3120 1029 3181 partem
1049 3105 1147 3170 credi·
1181 3100 1295 3166 dantur
1320 3099 1358 3164 ad
1383 3101 1525 3182 clericos,
1611 3076 1827 3175 ecclesiallieas
1852 3109 1945 3188 perso·

287 3184 295 3196 ”
374 3208 457 3254 toret
475 3179 969 3267 remittant,dumsatirsintad
986 3200 1087 3249 totum
1103 3207 1146 3252 ες
1180 3200 1235 3244 nas
1265 3179 1464 3258 quascumque
1519 3183 1568 3246 vel
1598 3203 1704 3250 eorum
1731 3185 1844 3269 bona;
1876 3210 1943 3253 nam

373 3270 505 3333 alienum
534 3261 717 3327 solvendum
729 3304 736 3322 .
749 3339 755 3354 ⁸
768 3261 894 3328 Etenim
923 3263 978 3329 tali
1009 3263 1147 3332 artificio
1180 3259 1237 3353 ¹¹9⁶
1257 3263 1394 3326 vetitum
1409 3259 1451 3323 ell
1465 3230 1523 3350 frib
1544 3282 1634 3353 prena
1651 3273 1941 3334 excommunicatio·

297 3414 301 3421 ,
374 3351 420 3411 vir
446 3341 580 3409 infertur
607 3339 774 3419 creditori,
804 3343 875 3419 quia
895 3342 989 3409 aliter
1010 3345 1146 3410 creditor
1180 3359 1305 3415 notan·
1322 3342 1387 3424 Erss
1407 3355 1649 3420 oppignoranonrr
1666 3348 1719 3413 tit.
1741 3348 1778 3414 de
1797 3349 1936 3427 r'iri'urii's,
1975 3399 1977 3404 ,

371 3428 447 3492 esset
461 3418 664 3497 stantun&
680 3421 859 3486 nullatenus
876 3422 1073 3490 remissurus:
1091 3446 1146 3490 un·
1179 3418 1212 3486 &
1233 3419 1269 3484 de
1288 3421 1386 3484 mand.

371 3507 407 3571 de
437 3509 469 3569 in
496 3502 564 3570 foro
587 3498 787 3568 conscientiae
819 3517 971 3571 tenentur
999 3504 1036 3570 ad
1065 3507 1145 3571 inte·
1217 3498 1299 3564 lteni
1321 3503 1365 3564 rei
1400 3503 1516 3577 rapinae
1546 3501 1706 3571 censentur
1731 3509 1870 3587 militet,
1895 3508 1941 3586 qui

367 3606 455 3660 grum
488 3584 627 3648 debitum
657 3577 865 3648 solvendum.
893 3582 960 3651 lmo
987 3583 1008 3646 fi
1038 3605 1144 3650 eorum
1179 3578 1322 3654 rusticos,
1344 3598 1397 3646 aut
1417 3585 1522 3660 cives,
1544 3585 1623 3659 apud
1651 3604 1725 3661 nior
1754 3610 1941 3654 commorari·

367 3662 451 3734 fruor
481 3666 673 3743 detegatur,
695 3665 792 3728 etiam
822 3663 855 3726 in
876 3660 945 3730 foro
962 3663 1053 3729 civili
1075 3668 1142 3743 cogi
1178 3675 1249 3738 tur,
1270 3658 1333 3724 sive
1350 3662 1382 3723 in
1401 3659 1609 3735 itinetc,sive
1627 3667 1658 3726 in
1680 3666 1698 3728 h
1722 3669 1870 3733 emalibur
1887 3668 1940 3733 fla·

367 3745 489 3822 possunt
514 3746 550 3808 ad
575 3746 694 3819 integre
714 3741 912 3823 solvendum,
933 3744 1012 3807 nihil
1032 3746 1061 3807 ei
1083 3741 1141 3807 fuf-
1178 3737 1340 3816 tionibus,
1371 3758 1425 3805 aut
1453 3738 1595 3816 praefidiis
1620 3689 1772 3810 holiiiiter
1795 3766 1939 3827 verrant,

366 3823 506 3905 fragante
533 3813 750 3905 chventione
781 3818 859 3886 fadla
880 3845 949 3887 cuni
968 3823 1144 3900 creditore,
1176 3837 1227 3881 eos
1257 3818 1411 3895 spoliando
1433 3839 1541 3883 eorum
1565 3821 1678 3903 bonis,
1711 3844 1786 3902 puta
1815 3829 1939 3904 pecunia

365 3923 477 3982 utpote
497 3922 564 3981 quae
591 3899 669 3963 doio
692 3898 753 3967 sirit
784 3919 930 3966 extorta.
960 3904 1046 3968 Alias
1066 3923 1143 3967 vero
1176 3895 1236 3962 &n
1250 3898 1301 3962 vel
1322 3917 1435 3976 praeter
1456 3896 1524 3976 ipsis
1533 3899 1736 3969 constiturum
1755 3924 1938 3984 extorquere·

364 3980 562 4050 dicendumsi
583 3978 722 4046 creditor
740 3979 884 4045 misertus
903 3979 1051 4046 debitoris
1073 4003 1142 4060 par·
1177 3977 1216 4040 do
1237 4024 1245 4053 ,
1266 3999 1336 4040 nam
1360 3998 1412 4054 per
1445 3982 1509 4040 vim
1535 3974 1705 4061 auferunt,
1733 3985 1784 4048 vel
1815 3991 1938 4065 exigunt

237 4054 240 4060 ’
339 4082 428 4140 ,rein
448 4061 541 4128 debiti
563 4062 746 4134 accipiendo
772 4061 865 4151 aliam
889 4077 1007 4137 partem
1036 4059 1142 4137 sponte
1175 4056 1253 4131 quod
1273 4054 1340 4133 ipsis
1365 4055 1406 4121 cll
1433 4056 1626 4137 indebitum,
1653 4061 1855 4141 divinumque
1875 4069 1938 4130 vio·

362 4142 529 4219 remiserit,
557 4156 592 4205 ut
616 4159 656 4228 err
685 4142 760 4219 Leg.
786 4152 872 4205 inire
895 4140 982 4207 illum
1005 4139 1084 4205 ditm
1107 4139 1139 4205 is.
1176 4135 1243 4200 lant
1260 4154 1464 4216 praeceptum,
1487 4138 1568 4214 quod
1586 4141 1680 4206 Lucae
1707 4157 1734 4220 3.
1763 4141 1938 4223 legimutli·

362 4245 409 4289 rr.
433 4224 480 4290 iii.
500 4225 538 4287 dt
557 4224 670 4301 passis.
1196 4213 1359 4281 nificatum
1383 4215 1534 4280 militibus
1560 4238 1575 4279 a
1601 4219 1629 4280 S.
1656 4220 1739 4291 loan.
1761 4222 1852 4300 Bapt.
1884 4225 1936 4288 Rei

400 4306 551 4382 Rapinam
565 4303 775 4366 committunt
798 4320 860 4363 nori
878 4318 1005 4366 tantum
1020 4302 1137 4379 privari
1175 4237 1246 4386 funt
1274 4299 1369 4360 etiam
1393 4299 1508 4384 rapinae
1536 4299 1638 4388 culpe
1676 4300 1779 4364 Duces
1809 4306 1862 4378 qui
1888 4307 1937 4369 boc

359 4382 514 4462 homines,
540 4402 649 4446 verum
672 4384 775 4444 etiam
795 4382 969 4459 Principes,
994 4384 1047 4458 qui
1067 4386 1140 4445 cori·
1173 4371 1382 4452 dissimulant,
1403 4395 1437 4440 ac
1456 4377 1543 4440 licuti
1560 4396 1655 4443 etiam
1671 4380 1786 4447 milites
1803 4384 1841 4446 ad
1858 4383 1934 4447 relli-

357 4482 408 4529 tra
438 4467 484 4527 itis
512 4461 625 4538 aliquid
659 4457 812 4525 auferunt
844 4480 861 4522 a
889 4461 1049 4536 subditir,
1075 4459 1140 4523 sive
1175 4458 1331 4546 tutionem
1355 4472 1523 4547 tenentur.

355 4542 537 4621 clientibus,
560 4539 607 4605 vel
629 4538 668 4603 ab
691 4540 875 4603 extraneis.
909 4540 955 4604 lta
984 4542 1071 4604 docet
1101 4543 1138 4601 D.
1214 4534 1342 4610 Rapinae
1372 4533 1538 4611 culpabiles
1568 4534 1636 4603 furit
1660 4537 1761 4604 Duces
1787 4540 1938 4621 legionen

355 4623 413 4688 Tb.
430 4642 458 4685 a.
481 4642 509 4685 2.
532 4619 628 4700 quest.
654 4622 706 4681 66.
728 4632 788 4683 arr.
808 4617 835 4681 8.
861 4639 933 4683 nam
957 4620 1056 4696 quoad
1076 4621 1139 4694 pri·
1173 4611 1207 4679 dc
1226 4614 1421 4690 cohortium,
1437 4613 1558 4691 quando
1577 4616 1690 4681 milites
1729 4618 1857 4686 rusticos
1894 4621 1937 4685 ci·

352 4719 446 4769 vator
471 4702 557 4766 nulla
581 4701 683 4763 datur
718 4697 837 4762 coasiio
866 4715 976 4763 contra
1007 4698 1139 4771 aliquem
1174 4713 1226 4758 ves
1240 4738 1251 4770 ,
1269 4694 1544 4788 Principem,.au·t
1573 4667 1802 4774 Rempublicarn
1824 4670 1938 4766 defran-

351 4781 408 4846 nisi
423 4801 477 4860 pet
495 4781 647 4859 publicam
674 4775 881 4857 potestatem,
897 4782 942 4842 ait
958 4778 987 4838 S.
1001 4775 1139 4854 Dodior,·
1173 4774 1269 4849 dant,
1289 4771 1323 4838 ἃ
1346 4772 1532 4838 restitutioni
1551 4770 1620 4840 furit
1641 4777 1767 4842 obnoxii
1784 4781 1940 4846 ctiamda·

351 4862 481 4941 ideoque
513 4861 703 4933 ubicumque
736 4860 877 4932 privatur
906 4857 1018 4933 aliquid
1046 4857 1137 4919 alteri
1173 4872 1312 4916 mnorum
1332 4852 1582 4940 consequentium
1603 4852 1666 4918 sive
1682 4857 1834 4928 militibus
1855 4858 1938 4938 ipsit,

350 4939 453 5007 aufert
470 4961 522 5018 per
538 4938 760 5011 violentiam,
778 4935 897 4999 etiamsi
914 4935 991 4999 illud
1007 4940 1035 4998 ei
1057 4935 1137 4998 debi·
1173 4931 1236 4996 sive
1265 4930 1380 4997 rusticis
1423 4951 1476 4996 aut
1500 4930 1636 5008 civibus,
1656 4938 1728 5009 quia
1747 4940 1851 5004 milite
1881 4936 1938 5011 spir

352 5039 420 5085 tum
434 5018 491 5097 fit,
509 5021 573 5098 agit
589 5015 729 5093 illicite,
761 5014 946 5095 &rapinam
966 5017 1136 5079 committit
1171 5008 1350 5076 defraudato
1381 4980 1532 5104 liipendiis
1562 5008 1759 5095 spoliantur,
1782 5017 1818 5089 ἀ
1842 5019 1936 5096 oppri-

350 5119 413 5173 nen
433 5097 517 5182 secur
541 5115 575 5168 ac
601 5094 765 5179 niblicur
797 5095 923 5174 predo.
949 5092 1138 5177 Principibut
1171 5109 1318 5161 uruntur.
1334 5089 1939 5177 lttmraprnamconimittunt,quieuro
1986 5148 1989 5163 .,
