<?xml version="1.0" encoding="UTF-8"?>
<!DOCTYPE html PUBLIC "-//W3C//DTD XHTML 1.0 Transitional//EN"
    "http://www.w3.org/TR/xhtml1/DTD/xhtml1-transitional.dtd">
<html xmlns="http://www.w3.org/1999/xhtml" xml:lang="en" lang="en">
 <head>
  <title>
</title>
<meta http-equiv="Content-Type" content="text/html;charset=utf-8" />
  <meta name='ocr-system' content='tesseract 3.04.00' />
  <meta name='ocr-capabilities' content='ocr_page ocr_carea ocr_par ocr_line ocrx_word'/>
</head>
<body>
  <div class='ocr_page' id='page_1' title='image "./institutionesth00boragoog_0398.png"; bbox 0 0 4425 6000; ppageno 0'>
   <div class='ocr_carea' id='block_1_1' title="bbox 177 491 1933 5246">
    <p class='ocr_par' dir='ltr' id='par_1_1' title="bbox 239 491 1940 1492">
     <span class='ocr_line' id='line_1_1' title="bbox 260 491 1825 613; baseline 0.004 -33"><span class='ocrx_word' id='word_1_1' title='bbox 260 597 279 606; x_wconf 16' lang='grc' dir='ltr'>Ι,</span> <span class='ocrx_word' id='word_1_2' title='bbox 349 598 376 612; x_wconf 28' lang='grc' dir='ltr'><strong>μ</strong></span> <span class='ocrx_word' id='word_1_3' title='bbox 443 605 446 612; x_wconf 16' lang='lat'>³</span> <span class='ocrx_word' id='word_1_4' title='bbox 504 500 672 581; x_wconf 73' lang='lat' dir='ltr'>Titler.</span> <span class='ocrx_word' id='word_1_5' title='bbox 699 513 757 581; x_wconf 68' lang='grc' dir='ltr'>οε</span> <span class='ocrx_word' id='word_1_6' title='bbox 784 495 1044 587; x_wconf 71' lang='lat' dir='ltr'>erecrrrrs·</span> <span class='ocrx_word' id='word_1_7' title='bbox 1070 491 1298 587; x_wconf 69' lang='lat' dir='ltr'>fiacnaodr</span> <span class='ocrx_word' id='word_1_8' title='bbox 1329 497 1434 587; x_wconf 63' lang='lat' dir='ltr'>Cart</span> <span class='ocrx_word' id='word_1_9' title='bbox 1459 499 1569 588; x_wconf 73' lang='lat' dir='ltr'>viru</span> <span class='ocrx_word' id='word_1_10' title='bbox 1679 514 1758 613; x_wconf 77' lang='lat'>387</span> <span class='ocrx_word' id='word_1_11' title='bbox 1823 499 1825 503; x_wconf 64' lang='grc'><strong>’</strong></span> 
     </span>
     <span class='ocr_line' id='line_1_2' title="bbox 244 598 1822 697; baseline 0.006 -26"><span class='ocrx_word' id='word_1_12' title='bbox 244 598 379 674; x_wconf 59' lang='lat' dir='ltr'>nunes</span> <span class='ocrx_word' id='word_1_13' title='bbox 393 619 496 697; x_wconf 27' lang='lat' dir='ltr'>&#39;tardap</span> <span class='ocrx_word' id='word_1_14' title='bbox 518 603 858 697; x_wconf 73' lang='lat' dir='ltr'>llndeEcclesrasticir.</span> <span class='ocrx_word' id='word_1_15' title='bbox 875 607 1005 697; x_wconf 85' lang='lat' dir='ltr'>dicitur:</span> <span class='ocrx_word' id='word_1_16' title='bbox 1080 610 1185 685; x_wconf 85' lang='lat' dir='ltr'>Quaeri</span> <span class='ocrx_word' id='word_1_17' title='bbox 1203 610 1252 692; x_wconf 77' lang='lat' dir='ltr'>hic</span> <span class='ocrx_word' id='word_1_18' title='bbox 1267 611 1364 690; x_wconf 80' lang='lat' dir='ltr'>posset</span> <span class='ocrx_word' id='word_1_19' title='bbox 1384 632 1423 675; x_wconf 93' lang='lat' dir='ltr'>an</span> <span class='ocrx_word' id='word_1_20' title='bbox 1445 614 1586 678; x_wconf 73' lang='lat' dir='ltr'>veritatis</span> <span class='ocrx_word' id='word_1_21' title='bbox 1611 632 1695 680; x_wconf 81' lang='lat' dir='ltr'>amor</span> <span class='ocrx_word' id='word_1_22' title='bbox 1724 614 1822 682; x_wconf 81' lang='lat' dir='ltr'>velit·-</span> 
     </span>
     <span class='ocr_line' id='line_1_3' title="bbox 244 683 1821 776; baseline 0.004 -22"><span class='ocrx_word' id='word_1_23' title='bbox 244 685 299 754; x_wconf 77' lang='lat' dir='ltr'>Ne</span> <span class='ocrx_word' id='word_1_24' title='bbox 314 685 413 768; x_wconf 81' lang='lat' dir='ltr'>fue&#39;rrs</span> <span class='ocrx_word' id='word_1_25' title='bbox 432 689 578 768; x_wconf 79' lang='lat' dir='ltr'>hypocrita</span> <span class='ocrx_word' id='word_1_26' title='bbox 607 706 639 750; x_wconf 84' lang='lat' dir='ltr'>m</span> <span class='ocrx_word' id='word_1_27' title='bbox 659 683 810 765; x_wconf 74' lang='lat' dir='ltr'>conspeiiu&#39;</span> <span class='ocrx_word' id='word_1_28' title='bbox 827 687 977 752; x_wconf 81' lang='lat' dir='ltr'>hommum</span> <span class='ocrx_word' id='word_1_29' title='bbox 996 715 1008 752; x_wconf 67' lang='grc'>.’</span> <span class='ocrx_word' id='word_1_30' title='bbox 1040 692 1079 755; x_wconf 82' lang='lat' dir='ltr'>ut&#39;</span> <span class='ocrx_word' id='word_1_31' title='bbox 1100 690 1242 767; x_wconf 87' lang='lat' dir='ltr'>quidquid</span> <span class='ocrx_word' id='word_1_32' title='bbox 1269 692 1392 769; x_wconf 89' lang='lat' dir='ltr'>quilque</span> <span class='ocrx_word' id='word_1_33' title='bbox 1412 691 1504 757; x_wconf 86' lang='lat' dir='ltr'>haber</span> <span class='ocrx_word' id='word_1_34' title='bbox 1527 697 1559 760; x_wconf 91' lang='lat' dir='ltr'>in</span> <span class='ocrx_word' id='word_1_35' title='bbox 1588 698 1716 776; x_wconf 80' lang='lat' dir='ltr'>minio,</span> <span class='ocrx_word' id='word_1_36' title='bbox 1746 703 1821 760; x_wconf 85' lang='lat' dir='ltr'>aut&#39;</span> 
     </span>
     <span class='ocr_line' id='line_1_4' title="bbox 242 766 1848 855; baseline 0.003 -23"><span class='ocrx_word' id='word_1_37' title='bbox 242 770 324 833; x_wconf 83' lang='lat' dir='ltr'>Cum</span> <span class='ocrx_word' id='word_1_38' title='bbox 347 784 452 834; x_wconf 91' lang='lat' dir='ltr'>autem</span> <span class='ocrx_word' id='word_1_39' title='bbox 471 768 567 834; x_wconf 93' lang='lat' dir='ltr'>solum</span> <span class='ocrx_word' id='word_1_40' title='bbox 588 768 748 851; x_wconf 82' lang='lat' dir='ltr'><strong>hypocrita</strong></span> <span class='ocrx_word' id='word_1_41' title='bbox 775 766 812 832; x_wconf 82' lang='lat' dir='ltr'>stt</span> <span class='ocrx_word' id='word_1_42' title='bbox 838 769 982 833; x_wconf 80' lang='lat' dir='ltr'>dicendus</span> <span class='ocrx_word' id='word_1_43' title='bbox 998 801 1010 847; x_wconf 89' lang='lat'>‚·</span> <span class='ocrx_word' id='word_1_44' title='bbox 1039 767 1197 849; x_wconf 69' lang='lat' dir='ltr'>cognoscit</span> <span class='ocrx_word' id='word_1_45' title='bbox 1214 775 1291 855; x_wconf 12' lang='lat' dir='ltr'>*veri</span> <span class='ocrx_word' id='word_1_46' title='bbox 1317 801 1330 849; x_wconf 87' lang='lat'>,·</span> <span class='ocrx_word' id='word_1_47' title='bbox 1352 773 1419 837; x_wconf 81' lang='lat' dir='ltr'>aliis</span> <span class='ocrx_word' id='word_1_48' title='bbox 1441 768 1612 838; x_wconf 76' lang='lat' dir='ltr'>manifestet</span> <span class='ocrx_word' id='word_1_49' title='bbox 1627 806 1641 854; x_wconf 85' lang='lat'>,·</span> <span class='ocrx_word' id='word_1_50' title='bbox 1663 772 1697 841; x_wconf 80' lang='lat' dir='ltr'>dt</span> <span class='ocrx_word' id='word_1_51' title='bbox 1724 773 1805 853; x_wconf 63' lang='lat' dir='ltr'>respa</span> <span class='ocrx_word' id='word_1_52' title='bbox 1843 824 1848 832; x_wconf 91' lang='lat'>.</span> 
     </span>
     <span class='ocr_line' id='line_1_5' title="bbox 243 846 1806 932; baseline 0.002 -20"><span class='ocrx_word' id='word_1_53' title='bbox 243 852 295 926; x_wconf 83' lang='lat' dir='ltr'>qui</span> <span class='ocrx_word' id='word_1_54' title='bbox 317 848 355 913; x_wconf 86' lang='lat' dir='ltr'>ad</span> <span class='ocrx_word' id='word_1_55' title='bbox 382 849 439 915; x_wconf 88' lang='lat' dir='ltr'>hoc</span> <span class='ocrx_word' id='word_1_56' title='bbox 471 847 668 913; x_wconf 75' lang='lat' dir='ltr'>trutinarem</span> <span class='ocrx_word' id='word_1_57' title='bbox 693 846 811 912; x_wconf 82' lang='lat' dir='ltr'>simulat</span> <span class='ocrx_word' id='word_1_58' title='bbox 822 878 835 924; x_wconf 40' lang='lat'>,¹</span> <span class='ocrx_word' id='word_1_59' title='bbox 849 863 888 911; x_wconf 91' lang='lat' dir='ltr'>ut</span> <span class='ocrx_word' id='word_1_60' title='bbox 915 869 1010 923; x_wconf 86' lang='lat' dir='ltr'>quam·</span> <span class='ocrx_word' id='word_1_61' title='bbox 1038 850 1119 927; x_wconf 90' lang='lat' dir='ltr'>quod</span> <span class='ocrx_word' id='word_1_62' title='bbox 1144 850 1216 915; x_wconf 90' lang='lat' dir='ltr'>licet</span> <span class='ocrx_word' id='word_1_63' title='bbox 1241 856 1393 916; x_wconf 82' lang='lat' dir='ltr'>veracitas</span> <span class='ocrx_word' id='word_1_64' title='bbox 1419 850 1459 917; x_wconf 88' lang='lat' dir='ltr'>srt</span> <span class='ocrx_word' id='word_1_65' title='bbox 1490 854 1640 930; x_wconf 85' lang='lat' dir='ltr'>habitur,</span> <span class='ocrx_word' id='word_1_66' title='bbox 1667 876 1728 932; x_wconf 88' lang='lat' dir='ltr'>quo</span> <span class='ocrx_word' id='word_1_67' title='bbox 1748 857 1806 919; x_wconf 88' lang='lat' dir='ltr'>ali·</span> 
     </span>
     <span class='ocr_line' id='line_1_6' title="bbox 242 925 1888 1011; baseline 0.004 -19"><span class='ocrx_word' id='word_1_68' title='bbox 242 949 308 995; x_wconf 90' lang='lat' dir='ltr'>non</span> <span class='ocrx_word' id='word_1_69' title='bbox 326 928 419 995; x_wconf 89' lang='lat' dir='ltr'>habet</span> <span class='ocrx_word' id='word_1_70' title='bbox 437 962 441 973; x_wconf 92' lang='lat'><em>·</em></span> <span class='ocrx_word' id='word_1_71' title='bbox 456 927 600 994; x_wconf 86' lang='lat' dir='ltr'>videatur</span> <span class='ocrx_word' id='word_1_72' title='bbox 621 925 729 992; x_wconf 86' lang='lat' dir='ltr'>habere</span> <span class='ocrx_word' id='word_1_73' title='bbox 747 959 760 1004; x_wconf 45' lang='grc' dir='ltr'>,ν</span> <span class='ocrx_word' id='word_1_74' title='bbox 785 929 855 992; x_wconf 91' lang='lat' dir='ltr'>ideo</span> <span class='ocrx_word' id='word_1_75' title='bbox 874 947 934 992; x_wconf 90' lang='lat' dir='ltr'>non</span> <span class='ocrx_word' id='word_1_76' title='bbox 961 927 1005 993; x_wconf 82' lang='lat' dir='ltr'>eli</span> <span class='ocrx_word' id='word_1_77' title='bbox 1037 931 1104 1007; x_wconf 82' lang='lat' dir='ltr'>quir</span> <span class='ocrx_word' id='word_1_78' title='bbox 1125 932 1157 992; x_wconf 93' lang='lat' dir='ltr'>in</span> <span class='ocrx_word' id='word_1_79' title='bbox 1175 932 1243 996; x_wconf 91' lang='lat' dir='ltr'>vita</span> <span class='ocrx_word' id='word_1_80' title='bbox 1261 969 1272 1011; x_wconf 28' lang='lat' dir='ltr'>‚v</span> <span class='ocrx_word' id='word_1_81' title='bbox 1290 930 1324 995; x_wconf 78' lang='lat' dir='ltr'>dc</span> <span class='ocrx_word' id='word_1_82' title='bbox 1347 929 1484 997; x_wconf 78' lang='lat' dir='ltr'>sermone</span> <span class='ocrx_word' id='word_1_83' title='bbox 1507 933 1606 998; x_wconf 88' lang='lat' dir='ltr'>talem</span> <span class='ocrx_word' id='word_1_84' title='bbox 1627 934 1656 997; x_wconf 93' lang='lat' dir='ltr'>se</span> <span class='ocrx_word' id='word_1_85' title='bbox 1678 936 1804 999; x_wconf 87' lang='lat' dir='ltr'>demoo-</span> <span class='ocrx_word' id='word_1_86' title='bbox 1855 984 1858 990; x_wconf 92' lang='lat'>.</span> <span class='ocrx_word' id='word_1_87' title='bbox 1884 987 1888 996; x_wconf 94' lang='lat'>.</span> 
     </span>
     <span class='ocr_line' id='line_1_7' title="bbox 239 978 1806 1101; baseline 0.003 -28"><span class='ocrx_word' id='word_1_88' title='bbox 239 1008 407 1073; x_wconf 81' lang='lat' dir='ltr'>censendus</span> <span class='ocrx_word' id='word_1_89' title='bbox 428 978 608 1091; x_wconf 59' lang='lat' dir='ltr'>lipr&#39;pocrita,v</span> <span class='ocrx_word' id='word_1_90' title='bbox 626 1009 677 1083; x_wconf 89' lang='lat' dir='ltr'>qui</span> <span class='ocrx_word' id='word_1_91' title='bbox 694 1006 852 1101; x_wconf 72' lang='lat' dir='ltr'>sanslitate</span> <span class='ocrx_word' id='word_1_92' title='bbox 870 1028 980 1073; x_wconf 86' lang='lat' dir='ltr'>carens</span> <span class='ocrx_word' id='word_1_93' title='bbox 995 1040 1009 1089; x_wconf 45' lang='lat' dir='ltr'>‚v</span> <span class='ocrx_word' id='word_1_94' title='bbox 1038 1008 1115 1074; x_wconf 81' lang='lat' dir='ltr'>litat</span> <span class='ocrx_word' id='word_1_95' title='bbox 1134 1014 1230 1085; x_wconf 81' lang='lat' dir='ltr'>qualis</span> <span class='ocrx_word' id='word_1_96' title='bbox 1255 1009 1324 1089; x_wconf 86' lang='lat' dir='ltr'>est,·</span> <span class='ocrx_word' id='word_1_97' title='bbox 1342 1031 1403 1076; x_wconf 92' lang='lat' dir='ltr'>non</span> <span class='ocrx_word' id='word_1_98' title='bbox 1424 1029 1547 1078; x_wconf 90' lang='lat' dir='ltr'>tenetur</span> <span class='ocrx_word' id='word_1_99' title='bbox 1568 1031 1673 1078; x_wconf 87' lang='lat' dir='ltr'>tamen</span> <span class='ocrx_word' id='word_1_100' title='bbox 1699 1016 1737 1080; x_wconf 92' lang='lat' dir='ltr'>ad</span> <span class='ocrx_word' id='word_1_101' title='bbox 1759 1033 1806 1078; x_wconf 91' lang='lat' dir='ltr'>ta·</span> 
     </span>
     <span class='ocr_line' id='line_1_8' title="bbox 240 1085 1805 1171; baseline 0.007 -22"><span class='ocrx_word' id='word_1_102' title='bbox 240 1090 318 1152; x_wconf 84' lang='lat' dir='ltr'>alios</span> <span class='ocrx_word' id='word_1_103' title='bbox 337 1090 375 1153; x_wconf 93' lang='lat' dir='ltr'>de</span> <span class='ocrx_word' id='word_1_104' title='bbox 395 1092 527 1166; x_wconf 79' lang='lat' dir='ltr'>peccatis</span> <span class='ocrx_word' id='word_1_105' title='bbox 549 1087 762 1167; x_wconf 83' lang='lat' dir='ltr'>reprehendit,</span> <span class='ocrx_word' id='word_1_106' title='bbox 781 1108 832 1166; x_wconf 84' lang='lat' dir='ltr'>qur</span> <span class='ocrx_word' id='word_1_107' title='bbox 857 1085 908 1151; x_wconf 87' lang='lat' dir='ltr'>sua</span> <span class='ocrx_word' id='word_1_108' title='bbox 936 1109 1003 1164; x_wconf 91' lang='lat' dir='ltr'>pec·</span> <span class='ocrx_word' id='word_1_109' title='bbox 1038 1089 1098 1153; x_wconf 92' lang='lat' dir='ltr'>lem</span> <span class='ocrx_word' id='word_1_110' title='bbox 1122 1089 1419 1171; x_wconf 86' lang='lat' dir='ltr'>manifestationem,</span> <span class='ocrx_word' id='word_1_111' title='bbox 1439 1109 1475 1157; x_wconf 92' lang='lat' dir='ltr'>ut</span> <span class='ocrx_word' id='word_1_112' title='bbox 1505 1095 1697 1158; x_wconf 81' lang='lat' dir='ltr'>mendacium</span> <span class='ocrx_word' id='word_1_113' title='bbox 1725 1091 1805 1160; x_wconf 65' lang='lat' dir='ltr'>effer.</span> 
     </span>
     <span class='ocr_line' id='line_1_9' title="bbox 240 1165 1806 1254; baseline 0.003 -21"><span class='ocrx_word' id='word_1_114' title='bbox 240 1178 310 1233; x_wconf 81' lang='lat' dir='ltr'>c‘ata</span> <span class='ocrx_word' id='word_1_115' title='bbox 336 1170 472 1234; x_wconf 86' lang='lat' dir='ltr'>occultat</span> <span class='ocrx_word' id='word_1_116' title='bbox 503 1184 543 1231; x_wconf 55' lang='lat' dir='ltr'>nc¹</span> <span class='ocrx_word' id='word_1_117' title='bbox 573 1170 638 1232; x_wconf 87' lang='lat' dir='ltr'>aliis</span> <span class='ocrx_word' id='word_1_118' title='bbox 659 1166 790 1233; x_wconf 84' lang='lat' dir='ltr'>scandali</span> <span class='ocrx_word' id='word_1_119' title='bbox 817 1165 1004 1233; x_wconf 82' lang='lat' dir='ltr'>occasionem</span> <span class='ocrx_word' id='word_1_120' title='bbox 1036 1173 1098 1249; x_wconf 78' lang='lat' dir='ltr'>giat</span> <span class='ocrx_word' id='word_1_121' title='bbox 1120 1201 1132 1246; x_wconf 91' lang='lat'>‚·</span> <span class='ocrx_word' id='word_1_122' title='bbox 1153 1175 1225 1247; x_wconf 88' lang='lat' dir='ltr'>quia</span> <span class='ocrx_word' id='word_1_123' title='bbox 1246 1171 1328 1236; x_wconf 89' lang='lat' dir='ltr'>aliud</span> <span class='ocrx_word' id='word_1_124' title='bbox 1349 1170 1390 1234; x_wconf 84' lang='lat' dir='ltr'>esi</span> <span class='ocrx_word' id='word_1_125' title='bbox 1415 1174 1559 1251; x_wconf 88' lang='lat' dir='ltr'>mentiri,</span> <span class='ocrx_word' id='word_1_126' title='bbox 1581 1174 1593 1251; x_wconf 95' lang='lat'>(</span> <span class='ocrx_word' id='word_1_127' title='bbox 1613 1178 1658 1240; x_wconf 88' lang='lat' dir='ltr'>ait</span> <span class='ocrx_word' id='word_1_128' title='bbox 1674 1174 1704 1237; x_wconf 87' lang='lat' dir='ltr'>S.</span> <span class='ocrx_word' id='word_1_129' title='bbox 1721 1173 1806 1254; x_wconf 77' lang='lat' dir='ltr'>Aug.-</span> 
     </span>
     <span class='ocr_line' id='line_1_10' title="bbox 239 1245 1805 1331; baseline 0.006 -21"><span class='ocrx_word' id='word_1_130' title='bbox 239 1249 393 1325; x_wconf 82' lang='lat' dir='ltr'>praebeat.</span> <span class='ocrx_word' id='word_1_131' title='bbox 415 1250 466 1315; x_wconf 88' lang='lat' dir='ltr'>vel</span> <span class='ocrx_word' id='word_1_132' title='bbox 482 1247 503 1311; x_wconf 88' lang='lat' dir='ltr'>st</span> <span class='ocrx_word' id='word_1_133' title='bbox 520 1245 561 1312; x_wconf 85' lang='lat' dir='ltr'>eli</span> <span class='ocrx_word' id='word_1_134' title='bbox 572 1245 689 1325; x_wconf 89' lang='lat' dir='ltr'>pallor,</span> <span class='ocrx_word' id='word_1_135' title='bbox 707 1250 1002 1327; x_wconf 71' lang='lat' dir='ltr'>concionatot;&amp;c.</span> <span class='ocrx_word' id='word_1_136' title='bbox 1035 1252 1066 1312; x_wconf 88' lang='lat' dir='ltr'>in</span> <span class='ocrx_word' id='word_1_137' title='bbox 1085 1249 1186 1327; x_wconf 86' lang='lat' dir='ltr'>psalm</span> <span class='ocrx_word' id='word_1_138' title='bbox 1206 1252 1256 1328; x_wconf 81' lang='lat'>5.)</span> <span class='ocrx_word' id='word_1_139' title='bbox 1280 1252 1361 1315; x_wconf 89' lang='lat' dir='ltr'>aliud</span> <span class='ocrx_word' id='word_1_140' title='bbox 1378 1272 1487 1317; x_wconf 89' lang='lat' dir='ltr'>vetum</span> <span class='ocrx_word' id='word_1_141' title='bbox 1504 1259 1682 1320; x_wconf 83' lang='lat' dir='ltr'>occultare.</span> <span class='ocrx_word' id='word_1_142' title='bbox 1707 1253 1805 1331; x_wconf 86' lang='lat' dir='ltr'>Siqui-</span> 
     </span>
     <span class='ocr_line' id='line_1_11' title="bbox 239 1325 1818 1408; baseline 0.005 -18"><span class='ocrx_word' id='word_1_143' title='bbox 239 1339 328 1395; x_wconf 77' lang='lat' dir='ltr'>curet</span> <span class='ocrx_word' id='word_1_144' title='bbox 348 1331 405 1395; x_wconf 88' lang='lat' dir='ltr'>tali</span> <span class='ocrx_word' id='word_1_145' title='bbox 425 1346 554 1395; x_wconf 86' lang='lat' dir='ltr'>externa</span> <span class='ocrx_word' id='word_1_146' title='bbox 570 1325 785 1405; x_wconf 86' lang='lat' dir='ltr'>compofitione</span> <span class='ocrx_word' id='word_1_147' title='bbox 804 1330 952 1407; x_wconf 86' lang='lat' dir='ltr'>virtutis,</span> <span class='ocrx_word' id='word_1_148' title='bbox 967 1336 1004 1395; x_wconf 79' lang='lat' dir='ltr'>ut&#39;</span> <span class='ocrx_word' id='word_1_149' title='bbox 1035 1329 1105 1393; x_wconf 91' lang='lat' dir='ltr'>dem</span> <span class='ocrx_word' id='word_1_150' title='bbox 1125 1331 1206 1394; x_wconf 91' lang='lat' dir='ltr'>aliud</span> <span class='ocrx_word' id='word_1_151' title='bbox 1226 1330 1270 1394; x_wconf 87' lang='lat' dir='ltr'>est</span> <span class='ocrx_word' id='word_1_152' title='bbox 1296 1329 1406 1395; x_wconf 85' lang='lat' dir='ltr'>sallum</span> <span class='ocrx_word' id='word_1_153' title='bbox 1429 1333 1530 1396; x_wconf 89' lang='lat' dir='ltr'>dicere</span> <span class='ocrx_word' id='word_1_154' title='bbox 1548 1356 1559 1408; x_wconf 88' lang='lat'>,·</span> <span class='ocrx_word' id='word_1_155' title='bbox 1588 1334 1670 1397; x_wconf 90' lang='lat' dir='ltr'>aliud</span> <span class='ocrx_word' id='word_1_156' title='bbox 1694 1351 1818 1401; x_wconf 82' lang='lat' dir='ltr'>vetum¹</span> 
     </span>
     <span class='ocr_line' id='line_1_12' title="bbox 239 1405 1803 1492; baseline 0.006 -23"><span class='ocrx_word' id='word_1_157' title='bbox 239 1405 312 1473; x_wconf 80' lang='lat' dir='ltr'>fides</span> <span class='ocrx_word' id='word_1_158' title='bbox 331 1410 391 1474; x_wconf 81' lang='lat' dir='ltr'>suis·</span> <span class='ocrx_word' id='word_1_159' title='bbox 408 1407 652 1474; x_wconf 72' lang='lat' dir='ltr'>instructionibus</span> <span class='ocrx_word' id='word_1_160' title='bbox 666 1407 842 1483; x_wconf 86' lang='lat' dir='ltr'>praellct‘ur.</span> <span class='ocrx_word' id='word_1_161' title='bbox 1038 1421 1142 1474; x_wconf 88' lang='lat' dir='ltr'>tacere</span> <span class='ocrx_word' id='word_1_162' title='bbox 1159 1440 1171 1472; x_wconf 90' lang='lat'>.·</span> <span class='ocrx_word' id='word_1_163' title='bbox 1188 1413 1379 1487; x_wconf 85' lang='lat' dir='ltr'>Praeceptum</span> <span class='ocrx_word' id='word_1_164' title='bbox 1401 1415 1483 1475; x_wconf 92' lang='lat' dir='ltr'>enim</span> <span class='ocrx_word' id='word_1_165' title='bbox 1506 1409 1543 1475; x_wconf 92' lang='lat' dir='ltr'>de</span> <span class='ocrx_word' id='word_1_166' title='bbox 1561 1418 1694 1479; x_wconf 91' lang='lat' dir='ltr'>veritate</span> <span class='ocrx_word' id='word_1_167' title='bbox 1718 1432 1803 1492; x_wconf 85' lang='lat' dir='ltr'>pate·</span> 
     </span>
    </p>

    <p class='ocr_par' dir='ltr' id='par_1_2' title="bbox 177 1486 1917 1570">
     <span class='ocr_line' id='line_1_13' title="bbox 177 1486 1917 1570; baseline 0.003 -17"><span class='ocrx_word' id='word_1_168' title='bbox 177 1489 226 1567; x_wconf 63' lang='lat'>&#39;¹3³6</span> <span class='ocrx_word' id='word_1_169' title='bbox 281 1490 427 1555; x_wconf 80' lang='lat' dir='ltr'>Adulatio</span> <span class='ocrx_word' id='word_1_170' title='bbox 447 1494 563 1568; x_wconf 88' lang='lat' dir='ltr'>pariter</span> <span class='ocrx_word' id='word_1_171' title='bbox 590 1491 744 1553; x_wconf 85' lang='lat' dir='ltr'>rationem</span> <span class='ocrx_word' id='word_1_172' title='bbox 765 1488 856 1552; x_wconf 86' lang='lat' dir='ltr'>habet</span> <span class='ocrx_word' id='word_1_173' title='bbox 878 1486 1003 1553; x_wconf 64' lang='lat' dir='ltr'>mentiar</span> <span class='ocrx_word' id='word_1_174' title='bbox 1037 1486 1176 1554; x_wconf 86' lang='lat' dir='ltr'>facienda</span> <span class='ocrx_word' id='word_1_175' title='bbox 1193 1489 1417 1556; x_wconf 88' lang='lat' dir='ltr'>affirmativum</span> <span class='ocrx_word' id='word_1_176' title='bbox 1436 1492 1499 1568; x_wconf 83' lang='lat' dir='ltr'>eli,</span> <span class='ocrx_word' id='word_1_177' title='bbox 1520 1493 1646 1570; x_wconf 87' lang='lat' dir='ltr'>ideoque</span> <span class='ocrx_word' id='word_1_178' title='bbox 1665 1513 1729 1558; x_wconf 91' lang='lat' dir='ltr'>non</span> <span class='ocrx_word' id='word_1_179' title='bbox 1751 1492 1805 1557; x_wconf 87' lang='lat' dir='ltr'>ob-</span> <span class='ocrx_word' id='word_1_180' title='bbox 1915 1562 1917 1565; x_wconf 64' lang='grc'>,</span> 
     </span>
    </p>

    <p class='ocr_par' dir='ltr' id='par_1_3' title="bbox 177 1566 1807 1650">
     <span class='ocr_line' id='line_1_14' title="bbox 177 1566 1807 1650; baseline 0.003 -19"><span class='ocrx_word' id='word_1_181' title='bbox 177 1570 225 1607; x_wconf 70' lang='lat'><strong>&#39;‘¹‘&#39;</strong></span> <span class='ocrx_word' id='word_1_182' title='bbox 240 1569 278 1631; x_wconf 90' lang='lat' dir='ltr'>cii</span> <span class='ocrx_word' id='word_1_183' title='bbox 297 1606 310 1647; x_wconf 86' lang='lat'>‚·</span> <span class='ocrx_word' id='word_1_184' title='bbox 336 1592 405 1636; x_wconf 86' lang='lat' dir='ltr'>cum</span> <span class='ocrx_word' id='word_1_185' title='bbox 433 1568 596 1650; x_wconf 83' lang='lat' dir='ltr'>peripsam</span> <span class='ocrx_word' id='word_1_186' title='bbox 628 1569 808 1632; x_wconf 75' lang='lat' dir='ltr'>excedamus</span> <span class='ocrx_word' id='word_1_187' title='bbox 832 1572 863 1631; x_wconf 92' lang='lat' dir='ltr'>in</span> <span class='ocrx_word' id='word_1_188' title='bbox 885 1568 1002 1646; x_wconf 90' lang='lat' dir='ltr'>laude,</span> <span class='ocrx_word' id='word_1_189' title='bbox 1037 1570 1130 1647; x_wconf 81' lang='lat' dir='ltr'>ligans</span> <span class='ocrx_word' id='word_1_190' title='bbox 1152 1566 1288 1646; x_wconf 81' lang='lat' dir='ltr'>semper,</span> <span class='ocrx_word' id='word_1_191' title='bbox 1302 1569 1336 1637; x_wconf 80' lang='lat' dir='ltr'>dt</span> <span class='ocrx_word' id='word_1_192' title='bbox 1358 1594 1411 1648; x_wconf 89' lang='lat' dir='ltr'>pro</span> <span class='ocrx_word' id='word_1_193' title='bbox 1435 1568 1569 1649; x_wconf 82' lang='lat' dir='ltr'>semper,</span> <span class='ocrx_word' id='word_1_194' title='bbox 1592 1572 1641 1636; x_wconf 91' lang='lat' dir='ltr'>sed</span> <span class='ocrx_word' id='word_1_195' title='bbox 1662 1591 1738 1637; x_wconf 92' lang='lat' dir='ltr'>tunc</span> <span class='ocrx_word' id='word_1_196' title='bbox 1758 1571 1807 1636; x_wconf 82' lang='lat' dir='ltr'>so-·</span> 
     </span>
    </p>

    <p class='ocr_par' dir='ltr' id='par_1_4' title="bbox 178 1646 1802 1737">
     <span class='ocr_line' id='line_1_15' title="bbox 178 1646 1802 1737; baseline 0 -22"><span class='ocrx_word' id='word_1_197' title='bbox 178 1700 207 1737; x_wconf 35' lang='lat'>,¹</span> <span class='ocrx_word' id='word_1_198' title='bbox 241 1651 292 1715; x_wconf 86' lang='lat' dir='ltr'>vel</span> <span class='ocrx_word' id='word_1_199' title='bbox 319 1652 543 1728; x_wconf 79' lang='lat' dir='ltr'>complacentia</span> <span class='ocrx_word' id='word_1_200' title='bbox 563 1668 634 1725; x_wconf 85' lang='lat' dir='ltr'>erga</span> <span class='ocrx_word' id='word_1_201' title='bbox 665 1649 858 1727; x_wconf 85' lang='lat' dir='ltr'>proximum,</span> <span class='ocrx_word' id='word_1_202' title='bbox 878 1646 911 1713; x_wconf 72' lang='grc' dir='ltr'><strong>ἃ</strong></span> <span class='ocrx_word' id='word_1_203' title='bbox 936 1650 1001 1714; x_wconf 85' lang='lat' dir='ltr'>haec</span> <span class='ocrx_word' id='word_1_204' title='bbox 1035 1651 1096 1712; x_wconf 93' lang='lat' dir='ltr'>lum</span> <span class='ocrx_word' id='word_1_205' title='bbox 1113 1651 1231 1725; x_wconf 89' lang='lat' dir='ltr'>quando</span> <span class='ocrx_word' id='word_1_206' title='bbox 1253 1653 1281 1713; x_wconf 91' lang='lat' dir='ltr'>id</span> <span class='ocrx_word' id='word_1_207' title='bbox 1301 1654 1398 1729; x_wconf 77' lang='lat' dir='ltr'>exigit</span> <span class='ocrx_word' id='word_1_208' title='bbox 1412 1653 1487 1716; x_wconf 88' lang='lat' dir='ltr'>ordo</span> <span class='ocrx_word' id='word_1_209' title='bbox 1505 1650 1802 1717; x_wconf 76' lang='lat' dir='ltr'>virtutit.Etallus</span> 
     </span>
    </p>

    <p class='ocr_par' dir='ltr' id='par_1_5' title="bbox 178 1727 1806 1816">
     <span class='ocr_line' id='line_1_16' title="bbox 178 1727 1806 1816; baseline -0.004 -16"><span class='ocrx_word' id='word_1_210' title='bbox 178 1748 209 1800; x_wconf 77' lang='lat' dir='ltr'>ec</span> <span class='ocrx_word' id='word_1_211' title='bbox 238 1735 336 1797; x_wconf 91' lang='lat' dir='ltr'>etiam</span> <span class='ocrx_word' id='word_1_212' title='bbox 352 1731 395 1816; x_wconf 86' lang='lat' dir='ltr'>est</span> <span class='ocrx_word' id='word_1_213' title='bbox 416 1728 531 1809; x_wconf 80' lang='lat' dir='ltr'>semper</span> <span class='ocrx_word' id='word_1_214' title='bbox 551 1727 707 1807; x_wconf 86' lang='lat' dir='ltr'>culpabilis</span> <span class='ocrx_word' id='word_1_215' title='bbox 719 1761 731 1806; x_wconf 94' lang='lat'>‚·</span> <span class='ocrx_word' id='word_1_216' title='bbox 750 1745 858 1806; x_wconf 87' lang='lat' dir='ltr'>utpote</span> <span class='ocrx_word' id='word_1_217' title='bbox 881 1750 947 1805; x_wconf 85' lang='lat' dir='ltr'>quae</span> <span class='ocrx_word' id='word_1_218' title='bbox 964 1727 1000 1794; x_wconf 88' lang='lat' dir='ltr'>stt</span> <span class='ocrx_word' id='word_1_219' title='bbox 1034 1733 1213 1795; x_wconf 83' lang='lat' dir='ltr'>veracitatis</span> <span class='ocrx_word' id='word_1_220' title='bbox 1228 1732 1264 1795; x_wconf 87' lang='lat' dir='ltr'>ad</span> <span class='ocrx_word' id='word_1_221' title='bbox 1275 1732 1375 1797; x_wconf 86' lang='lat' dir='ltr'>locut</span> <span class='ocrx_word' id='word_1_222' title='bbox 1388 1731 1684 1807; x_wconf 81' lang='lat' dir='ltr'>sitvirtus‚requirit</span> <span class='ocrx_word' id='word_1_223' title='bbox 1694 1732 1806 1808; x_wconf 69' lang='lat' dir='ltr'>solump</span> 
     </span>
    </p>

    <p class='ocr_par' dir='ltr' id='par_1_6' title="bbox 177 1810 1817 1890">
     <span class='ocr_line' id='line_1_17' title="bbox 177 1810 1817 1890; baseline 0.002 -18"><span class='ocrx_word' id='word_1_224' title='bbox 177 1812 355 1878; x_wconf 65' lang='lat' dir='ltr'>:imoccasto</span> <span class='ocrx_word' id='word_1_225' title='bbox 374 1815 475 1877; x_wconf 90' lang='lat' dir='ltr'>damni</span> <span class='ocrx_word' id='word_1_226' title='bbox 496 1810 659 1887; x_wconf 86' lang='lat' dir='ltr'>spiritualis</span> <span class='ocrx_word' id='word_1_227' title='bbox 679 1812 808 1886; x_wconf 84' lang='lat' dir='ltr'>proximi</span> <span class='ocrx_word' id='word_1_228' title='bbox 822 1843 833 1888; x_wconf 88' lang='lat'>,·</span> <span class='ocrx_word' id='word_1_229' title='bbox 851 1828 925 1890; x_wconf 89' lang='lat' dir='ltr'>puta</span> <span class='ocrx_word' id='word_1_230' title='bbox 945 1829 1002 1875; x_wconf 71' lang='lat' dir='ltr'>va·&#39;</span> <span class='ocrx_word' id='word_1_231' title='bbox 1032 1812 1113 1886; x_wconf 89' lang='lat' dir='ltr'>quod</span> <span class='ocrx_word' id='word_1_232' title='bbox 1139 1831 1178 1875; x_wconf 82' lang='lat' dir='ltr'>ex</span> <span class='ocrx_word' id='word_1_233' title='bbox 1206 1827 1281 1875; x_wconf 88' lang='lat' dir='ltr'>tunc</span> <span class='ocrx_word' id='word_1_234' title='bbox 1304 1810 1339 1876; x_wconf 77' lang='lat' dir='ltr'>dt</span> <span class='ocrx_word' id='word_1_235' title='bbox 1368 1810 1407 1877; x_wconf 86' lang='lat' dir='ltr'>stc</span> <span class='ocrx_word' id='word_1_236' title='bbox 1438 1811 1651 1876; x_wconf 82' lang='lat' dir='ltr'>manifestetur</span> <span class='ocrx_word' id='word_1_237' title='bbox 1683 1813 1817 1878; x_wconf 70' lang='lat' dir='ltr'>veritat?</span> 
     </span>
    </p>

    <p class='ocr_par' dir='ltr' id='par_1_7' title="bbox 177 1887 1802 1991">
     <span class='ocr_line' id='line_1_18' title="bbox 177 1887 1802 1991; baseline 0.001 -39"><span class='ocrx_word' id='word_1_238' title='bbox 177 1887 208 1991; x_wconf 53' lang='grc' dir='ltr'>ἱ·</span> <span class='ocrx_word' id='word_1_239' title='bbox 238 1905 289 1956; x_wconf 71' lang='lat' dir='ltr'>nae</span> <span class='ocrx_word' id='word_1_240' title='bbox 309 1895 414 1974; x_wconf 83' lang='lat' dir='ltr'>gloriae</span> <span class='ocrx_word' id='word_1_241' title='bbox 435 1890 640 1958; x_wconf 52' lang='lat' dir='ltr'>&amp;tamenim</span> <span class='ocrx_word' id='word_1_242' title='bbox 658 1888 751 1954; x_wconf 86' lang='lat' dir='ltr'>verba</span> <span class='ocrx_word' id='word_1_243' title='bbox 779 1890 999 1968; x_wconf 87' lang='lat' dir='ltr'>adulatorum,</span> <span class='ocrx_word' id='word_1_244' title='bbox 1031 1890 1153 1966; x_wconf 90' lang='lat' dir='ltr'>quando</span> <span class='ocrx_word' id='word_1_245' title='bbox 1168 1888 1479 1969; x_wconf 75' lang='lat' dir='ltr'>,dequomodoredlae</span> <span class='ocrx_word' id='word_1_246' title='bbox 1489 1894 1603 1955; x_wconf 86' lang='lat' dir='ltr'>rationi</span> <span class='ocrx_word' id='word_1_247' title='bbox 1615 1889 1658 1952; x_wconf 86' lang='lat' dir='ltr'>ell</span> <span class='ocrx_word' id='word_1_248' title='bbox 1673 1892 1802 1955; x_wconf 89' lang='lat' dir='ltr'>consen·</span> 
     </span>
    </p>

    <p class='ocr_par' dir='ltr' id='par_1_8' title="bbox 177 1956 1815 2766">
     <span class='ocr_line' id='line_1_19' title="bbox 177 1956 1800 2057; baseline 0.001 -25"><span class='ocrx_word' id='word_1_249' title='bbox 177 1956 218 2051; x_wconf 70' lang='lat'>.⁸&#39;</span> <span class='ocrx_word' id='word_1_250' title='bbox 237 1971 312 2038; x_wconf 89' lang='lat' dir='ltr'>licet</span> <span class='ocrx_word' id='word_1_251' title='bbox 332 1977 456 2050; x_wconf 91' lang='lat' dir='ltr'>mollia,</span> <span class='ocrx_word' id='word_1_252' title='bbox 479 1970 595 2034; x_wconf 87' lang='lat' dir='ltr'>feriunt</span> <span class='ocrx_word' id='word_1_253' title='bbox 616 1989 720 2034; x_wconf 90' lang='lat' dir='ltr'>tamen</span> <span class='ocrx_word' id='word_1_254' title='bbox 743 1972 889 2033; x_wconf 89' lang='lat' dir='ltr'>interiora</span> <span class='ocrx_word' id='word_1_255' title='bbox 899 2003 910 2031; x_wconf 92' lang='lat'>.·</span> <span class='ocrx_word' id='word_1_256' title='bbox 931 1968 999 2032; x_wconf 89' lang='lat' dir='ltr'>Un·</span> <span class='ocrx_word' id='word_1_257' title='bbox 1032 1987 1181 2034; x_wconf 67' lang='lat' dir='ltr'>taneum.⁴</span> <span class='ocrx_word' id='word_1_258' title='bbox 1200 1972 1304 2046; x_wconf 84' lang='lat' dir='ltr'>Quare</span> <span class='ocrx_word' id='word_1_259' title='bbox 1330 1971 1423 2034; x_wconf 90' lang='lat' dir='ltr'>homo</span> <span class='ocrx_word' id='word_1_260' title='bbox 1446 1991 1512 2033; x_wconf 86' lang='lat' dir='ltr'>non</span> <span class='ocrx_word' id='word_1_261' title='bbox 1532 1988 1657 2057; x_wconf 82' lang='lat' dir='ltr'>tantum</span> <span class='ocrx_word' id='word_1_262' title='bbox 1675 1971 1800 2048; x_wconf 81' lang='lat' dir='ltr'>potest,</span> 
     </span>
     <span class='ocr_line' id='line_1_20' title="bbox 236 2048 1804 2133; baseline -0.001 -19"><span class='ocrx_word' id='word_1_263' title='bbox 236 2053 332 2117; x_wconf 90' lang='lat' dir='ltr'>dede</span> <span class='ocrx_word' id='word_1_264' title='bbox 352 2054 413 2117; x_wconf 81' lang='lat' dir='ltr'>hot</span> <span class='ocrx_word' id='word_1_265' title='bbox 439 2056 518 2115; x_wconf 85' lang='lat' dir='ltr'>vitio</span> <span class='ocrx_word' id='word_1_266' title='bbox 539 2052 662 2125; x_wconf 74' lang='lat' dir='ltr'>loquens</span> <span class='ocrx_word' id='word_1_267' title='bbox 686 2049 834 2133; x_wconf 79' lang='lat' dir='ltr'>Dominus</span> <span class='ocrx_word' id='word_1_268' title='bbox 856 2071 913 2127; x_wconf 91' lang='lat' dir='ltr'>per.</span> <span class='ocrx_word' id='word_1_269' title='bbox 927 2053 998 2113; x_wconf 87' lang='lat' dir='ltr'>Pro·</span> <span class='ocrx_word' id='word_1_270' title='bbox 1032 2052 1095 2112; x_wconf 92' lang='lat' dir='ltr'>imo</span> <span class='ocrx_word' id='word_1_271' title='bbox 1115 2048 1204 2116; x_wconf 88' lang='lat' dir='ltr'>debet</span> <span class='ocrx_word' id='word_1_272' title='bbox 1220 2051 1377 2115; x_wconf 92' lang='lat' dir='ltr'>occultate</span> <span class='ocrx_word' id='word_1_273' title='bbox 1406 2054 1574 2115; x_wconf 87' lang='lat' dir='ltr'>veritatem</span> <span class='ocrx_word' id='word_1_274' title='bbox 1592 2049 1642 2113; x_wconf 83' lang='lat' dir='ltr'>irbi</span> <span class='ocrx_word' id='word_1_275' title='bbox 1665 2069 1804 2127; x_wconf 84' lang='lat' dir='ltr'>notam,-</span> 
     </span>
     <span class='ocr_line' id='line_1_21' title="bbox 229 2127 1800 2209; baseline 0 -16"><span class='ocrx_word' id='word_1_276' title='bbox 229 2133 376 2209; x_wconf 87' lang='lat' dir='ltr'>phetam,</span> <span class='ocrx_word' id='word_1_277' title='bbox 397 2135 443 2195; x_wconf 86' lang='lat' dir='ltr'>ait</span> <span class='ocrx_word' id='word_1_278' title='bbox 462 2144 475 2193; x_wconf 77' lang='grc'>.·’</span> <span class='ocrx_word' id='word_1_279' title='bbox 498 2130 605 2209; x_wconf 71' lang='lat' dir='ltr'>Popula</span> <span class='ocrx_word' id='word_1_280' title='bbox 635 2150 734 2205; x_wconf 83' lang='lat' dir='ltr'>meus,</span> <span class='ocrx_word' id='word_1_281' title='bbox 752 2149 801 2205; x_wconf 86' lang='lat' dir='ltr'>qur</span> <span class='ocrx_word' id='word_1_282' title='bbox 834 2127 1000 2208; x_wconf 68' lang='lat' dir='ltr'>beatificant</span> <span class='ocrx_word' id='word_1_283' title='bbox 1013 2156 1016 2160; x_wconf 91' lang='lat'>·</span> <span class='ocrx_word' id='word_1_284' title='bbox 1030 2132 1151 2205; x_wconf 80' lang='lat' dir='ltr'>quoties</span> <span class='ocrx_word' id='word_1_285' title='bbox 1169 2150 1209 2195; x_wconf 84' lang='lat' dir='ltr'>erc</span> <span class='ocrx_word' id='word_1_286' title='bbox 1228 2134 1294 2193; x_wconf 84' lang='lat' dir='ltr'>eius</span> <span class='ocrx_word' id='word_1_287' title='bbox 1313 2127 1559 2193; x_wconf 77' lang='lat' dir='ltr'>manifestatione</span> <span class='ocrx_word' id='word_1_288' title='bbox 1575 2131 1800 2207; x_wconf 75' lang='lat' dir='ltr'>praviorqmm</span> 
     </span>
     <span class='ocr_line' id='line_1_22' title="bbox 230 2206 1815 2290; baseline 0 -15"><span class='ocrx_word' id='word_1_289' title='bbox 230 2231 305 2290; x_wconf 82' lang='lat' dir='ltr'>vot,</span> <span class='ocrx_word' id='word_1_290' title='bbox 315 2211 463 2290; x_wconf 76' lang='lat' dir='ltr'>seducunt</span> <span class='ocrx_word' id='word_1_291' title='bbox 482 2232 548 2288; x_wconf 79' lang='lat' dir='ltr'>uos,</span> <span class='ocrx_word' id='word_1_292' title='bbox 567 2208 609 2275; x_wconf 60' lang='grc' dir='ltr'>(Τ</span> <span class='ocrx_word' id='word_1_293' title='bbox 625 2206 747 2285; x_wconf 70' lang='lat' dir='ltr'>[mitur</span> <span class='ocrx_word' id='word_1_294' title='bbox 759 2209 870 2285; x_wconf 78' lang='lat' dir='ltr'>pedum</span> <span class='ocrx_word' id='word_1_295' title='bbox 889 2210 1001 2289; x_wconf 64' lang='lat' dir='ltr'>vestro-¹</span> <span class='ocrx_word' id='word_1_296' title='bbox 1030 2227 1070 2269; x_wconf 83' lang='lat' dir='ltr'>ert</span> <span class='ocrx_word' id='word_1_297' title='bbox 1086 2210 1151 2272; x_wconf 85' lang='lat' dir='ltr'>eius</span> <span class='ocrx_word' id='word_1_298' title='bbox 1172 2212 1334 2273; x_wconf 83' lang='lat' dir='ltr'>reticentia</span> <span class='ocrx_word' id='word_1_299' title='bbox 1356 2211 1412 2270; x_wconf 89' lang='lat' dir='ltr'>Dei</span> <span class='ocrx_word' id='word_1_300' title='bbox 1431 2243 1443 2285; x_wconf 89' lang='lat'>,·</span> <span class='ocrx_word' id='word_1_301' title='bbox 1462 2210 1511 2271; x_wconf 86' lang='lat' dir='ltr'>vel</span> <span class='ocrx_word' id='word_1_302' title='bbox 1534 2210 1663 2283; x_wconf 86' lang='lat' dir='ltr'>proximi</span> <span class='ocrx_word' id='word_1_303' title='bbox 1683 2212 1815 2286; x_wconf 81' lang='lat' dir='ltr'>iniuria,</span> 
     </span>
     <span class='ocr_line' id='line_1_23' title="bbox 218 2282 1803 2367; baseline -0.002 -14"><span class='ocrx_word' id='word_1_304' title='bbox 218 2313 325 2355; x_wconf 83' lang='lat' dir='ltr'>·rrrm.</span> <span class='ocrx_word' id='word_1_305' title='bbox 348 2292 423 2355; x_wconf 90' lang='lat' dir='ltr'>Non</span> <span class='ocrx_word' id='word_1_306' title='bbox 440 2295 541 2353; x_wconf 83' lang='lat' dir='ltr'>omnis</span> <span class='ocrx_word' id='word_1_307' title='bbox 561 2308 666 2353; x_wconf 88' lang='lat' dir='ltr'>tamen</span> <span class='ocrx_word' id='word_1_308' title='bbox 696 2290 835 2352; x_wconf 89' lang='lat' dir='ltr'>adulatio</span> <span class='ocrx_word' id='word_1_309' title='bbox 855 2287 899 2351; x_wconf 87' lang='lat' dir='ltr'>est</span> <span class='ocrx_word' id='word_1_310' title='bbox 919 2309 997 2351; x_wconf 92' lang='lat' dir='ltr'>mor·</span> <span class='ocrx_word' id='word_1_311' title='bbox 1031 2282 1191 2362; x_wconf 91' lang='lat' dir='ltr'>sequatur.</span> <span class='ocrx_word' id='word_1_312' title='bbox 1224 2289 1382 2352; x_wconf 83' lang='lat' dir='ltr'>Naturalis</span> <span class='ocrx_word' id='word_1_313' title='bbox 1410 2292 1493 2349; x_wconf 92' lang='lat' dir='ltr'>enim</span> <span class='ocrx_word' id='word_1_314' title='bbox 1522 2290 1649 2362; x_wconf 85' lang='lat' dir='ltr'>aequitas</span> <span class='ocrx_word' id='word_1_315' title='bbox 1673 2290 1769 2367; x_wconf 71' lang='lat' dir='ltr'>exigit</span> <span class='ocrx_word' id='word_1_316' title='bbox 1788 2325 1803 2366; x_wconf 83' lang='lat'>,·</span> 
     </span>
     <span class='ocr_line' id='line_1_24' title="bbox 235 2365 1796 2451; baseline -0.003 -16"><span class='ocrx_word' id='word_1_317' title='bbox 235 2371 304 2435; x_wconf 74' lang='lat' dir='ltr'>t&#39;ale‘</span> <span class='ocrx_word' id='word_1_318' title='bbox 321 2379 503 2451; x_wconf 87' lang='lat' dir='ltr'>peccatum,</span> <span class='ocrx_word' id='word_1_319' title='bbox 524 2369 573 2434; x_wconf 81' lang='lat' dir='ltr'>se&#39;d</span> <span class='ocrx_word' id='word_1_320' title='bbox 593 2365 712 2444; x_wconf 89' lang='lat' dir='ltr'>solum,·</span> <span class='ocrx_word' id='word_1_321' title='bbox 730 2370 775 2431; x_wconf 89' lang='lat' dir='ltr'>ait</span> <span class='ocrx_word' id='word_1_322' title='bbox 796 2367 834 2429; x_wconf 87' lang='lat' dir='ltr'>D.</span> <span class='ocrx_word' id='word_1_323' title='bbox 858 2368 994 2430; x_wconf 75' lang='lat' dir='ltr'>Th.a&#39;.a.</span> <span class='ocrx_word' id='word_1_324' title='bbox 1030 2383 1064 2428; x_wconf 93' lang='lat' dir='ltr'>ut</span> <span class='ocrx_word' id='word_1_325' title='bbox 1086 2365 1176 2431; x_wconf 87' lang='lat' dir='ltr'>homo</span> <span class='ocrx_word' id='word_1_326' title='bbox 1200 2387 1255 2430; x_wconf 91' lang='lat' dir='ltr'>nec</span> <span class='ocrx_word' id='word_1_327' title='bbox 1284 2366 1351 2432; x_wconf 86' lang='lat' dir='ltr'>Deo</span> <span class='ocrx_word' id='word_1_328' title='bbox 1372 2416 1380 2444; x_wconf 94' lang='lat'><strong>‚</strong></span> <span class='ocrx_word' id='word_1_329' title='bbox 1400 2387 1455 2430; x_wconf 89' lang='lat' dir='ltr'>nec</span> <span class='ocrx_word' id='word_1_330' title='bbox 1477 2371 1636 2444; x_wconf 85' lang='lat' dir='ltr'>proximo,</span> <span class='ocrx_word' id='word_1_331' title='bbox 1658 2388 1714 2432; x_wconf 90' lang='lat' dir='ltr'>nec</span> <span class='ocrx_word' id='word_1_332' title='bbox 1744 2366 1796 2431; x_wconf 87' lang='lat' dir='ltr'>libi</span> 
     </span>
     <span class='ocr_line' id='line_1_25' title="bbox 234 2445 1799 2532; baseline -0.003 -18"><span class='ocrx_word' id='word_1_333' title='bbox 234 2451 331 2532; x_wconf 78' lang='lat' dir='ltr'>quaefl.</span> <span class='ocrx_word' id='word_1_334' title='bbox 349 2470 415 2527; x_wconf 87' lang='lat'><em>115.</em></span> <span class='ocrx_word' id='word_1_335' title='bbox 432 2462 490 2513; x_wconf 79' lang='lat' dir='ltr'>art.</span> <span class='ocrx_word' id='word_1_336' title='bbox 509 2455 536 2510; x_wconf 69' lang='grc' dir='ltr'>ι’.</span> <span class='ocrx_word' id='word_1_337' title='bbox 555 2450 675 2524; x_wconf 91' lang='lat' dir='ltr'>quando</span> <span class='ocrx_word' id='word_1_338' title='bbox 693 2446 839 2510; x_wconf 88' lang='lat' dir='ltr'>charitati</span> <span class='ocrx_word' id='word_1_339' title='bbox 859 2452 997 2527; x_wconf 83' lang='lat' dir='ltr'>graviter</span> <span class='ocrx_word' id='word_1_340' title='bbox 1029 2449 1166 2523; x_wconf 72' lang='lat' dir='ltr'>graviter</span> <span class='ocrx_word' id='word_1_341' title='bbox 1183 2464 1310 2525; x_wconf 76' lang='lat' dir='ltr'>noceat,</span> <span class='ocrx_word' id='word_1_342' title='bbox 1331 2450 1381 2511; x_wconf 87' lang='lat' dir='ltr'>vel</span> <span class='ocrx_word' id='word_1_343' title='bbox 1402 2445 1510 2510; x_wconf 90' lang='lat' dir='ltr'>saltem</span> <span class='ocrx_word' id='word_1_344' title='bbox 1527 2494 1536 2520; x_wconf 87' lang='lat'><em>,</em></span> <span class='ocrx_word' id='word_1_345' title='bbox 1552 2446 1799 2524; x_wconf 87' lang='lat' dir='ltr'>utmalumquod-</span> 
     </span>
     <span class='ocr_line' id='line_1_26' title="bbox 235 2522 1799 2606; baseline -0.003 -11"><span class='ocrx_word' id='word_1_346' title='bbox 235 2528 429 2606; x_wconf 82' lang='lat' dir='ltr'>adversatur,</span> <span class='ocrx_word' id='word_1_347' title='bbox 448 2530 528 2606; x_wconf 85' lang='lat' dir='ltr'>quod</span> <span class='ocrx_word' id='word_1_348' title='bbox 545 2526 707 2603; x_wconf 86' lang='lat' dir='ltr'>tripliciter</span> <span class='ocrx_word' id='word_1_349' title='bbox 724 2528 790 2589; x_wconf 83' lang='lat' dir='ltr'>fieri</span> <span class='ocrx_word' id='word_1_350' title='bbox 817 2523 938 2603; x_wconf 90' lang='lat' dir='ltr'>potell,</span> <span class='ocrx_word' id='word_1_351' title='bbox 961 2544 1013 2597; x_wconf 62' lang='lat' dir='ltr'>ut;</span> <span class='ocrx_word' id='word_1_352' title='bbox 1030 2525 1177 2600; x_wconf 80' lang='lat' dir='ltr'>praevidct</span> <span class='ocrx_word' id='word_1_353' title='bbox 1198 2547 1237 2589; x_wconf 85' lang='lat' dir='ltr'>ex</span> <span class='ocrx_word' id='word_1_354' title='bbox 1261 2522 1378 2589; x_wconf 75' lang='lat' dir='ltr'>ast&#39;ione</span> <span class='ocrx_word' id='word_1_355' title='bbox 1399 2526 1450 2590; x_wconf 91' lang='lat' dir='ltr'>lua</span> <span class='ocrx_word' id='word_1_356' title='bbox 1473 2544 1524 2602; x_wconf 91' lang='lat' dir='ltr'>per</span> <span class='ocrx_word' id='word_1_357' title='bbox 1550 2528 1689 2589; x_wconf 85' lang='lat' dir='ltr'>accidens</span> <span class='ocrx_word' id='word_1_358' title='bbox 1713 2526 1799 2598; x_wconf 73' lang='lat' dir='ltr'>secu-j</span> 
     </span>
     <span class='ocr_line' id='line_1_27' title="bbox 233 2602 1632 2686; baseline -0.004 -14"><span class='ocrx_word' id='word_1_359' title='bbox 233 2610 313 2674; x_wconf 88' lang='lat' dir='ltr'>idern</span> <span class='ocrx_word' id='word_1_360' title='bbox 333 2610 445 2686; x_wconf 84' lang='lat' dir='ltr'>docet,</span> <span class='ocrx_word' id='word_1_361' title='bbox 468 2618 492 2671; x_wconf 81' lang='lat' dir='ltr'>r&#39;.</span> <span class='ocrx_word' id='word_1_362' title='bbox 519 2611 641 2671; x_wconf 88' lang='lat' dir='ltr'>ratione</span> <span class='ocrx_word' id='word_1_363' title='bbox 663 2602 751 2682; x_wconf 84' lang='lat' dir='ltr'>ipsius</span> <span class='ocrx_word' id='word_1_364' title='bbox 775 2611 912 2669; x_wconf 85' lang='lat' dir='ltr'>matcriae</span> <span class='ocrx_word' id='word_1_365' title='bbox 928 2638 942 2685; x_wconf 41' lang='lat' dir='ltr'>‚r</span> <span class='ocrx_word' id='word_1_366' title='bbox 959 2623 994 2670; x_wconf 90' lang='lat' dir='ltr'>ut</span> <span class='ocrx_word' id='word_1_367' title='bbox 1009 2610 1013 2647; x_wconf 86' lang='lat'><strong>¹</strong></span> <span class='ocrx_word' id='word_1_368' title='bbox 1030 2621 1152 2683; x_wconf 50' lang='lat' dir='ltr'>turump</span> <span class='ocrx_word' id='word_1_369' title='bbox 1171 2608 1251 2669; x_wconf 92' lang='lat' dir='ltr'>bono</span> <span class='ocrx_word' id='word_1_370' title='bbox 1270 2609 1378 2669; x_wconf 89' lang='lat' dir='ltr'>maiori</span> <span class='ocrx_word' id='word_1_371' title='bbox 1402 2609 1632 2680; x_wconf 86' lang='lat' dir='ltr'>compensetur.</span> 
     </span>
     <span class='ocr_line' id='line_1_28' title="bbox 229 2683 1795 2766; baseline -0.002 -13"><span class='ocrx_word' id='word_1_372' title='bbox 229 2688 301 2753; x_wconf 89' lang='lat' dir='ltr'>dum</span> <span class='ocrx_word' id='word_1_373' title='bbox 320 2692 385 2766; x_wconf 80' lang='lat' dir='ltr'>quie</span> <span class='ocrx_word' id='word_1_374' title='bbox 406 2688 509 2751; x_wconf 91' lang='lat' dir='ltr'>laudat</span> <span class='ocrx_word' id='word_1_375' title='bbox 531 2688 658 2751; x_wconf 88' lang='lat' dir='ltr'>alicuius</span> <span class='ocrx_word' id='word_1_376' title='bbox 668 2684 800 2749; x_wconf 89' lang='lat' dir='ltr'>mortale</span> <span class='ocrx_word' id='word_1_377' title='bbox 813 2703 993 2762; x_wconf 87' lang='lat' dir='ltr'>peccatum,</span> <span class='ocrx_word' id='word_1_378' title='bbox 1046 2683 1201 2763; x_wconf 81' lang='lat' dir='ltr'>’Colliges</span> <span class='ocrx_word' id='word_1_379' title='bbox 1222 2690 1315 2763; x_wconf 80' lang='lat' dir='ltr'>igitur</span> <span class='ocrx_word' id='word_1_380' title='bbox 1332 2705 1359 2748; x_wconf 87' lang='lat' dir='ltr'>r.</span> <span class='ocrx_word' id='word_1_381' title='bbox 1380 2686 1598 2750; x_wconf 83' lang='lat' dir='ltr'>occultandam</span> <span class='ocrx_word' id='word_1_382' title='bbox 1617 2685 1677 2749; x_wconf 85' lang='lat' dir='ltr'>csse</span> <span class='ocrx_word' id='word_1_383' title='bbox 1701 2687 1795 2751; x_wconf 88' lang='lat' dir='ltr'>coele·</span> 
     </span>
    </p>

    <p class='ocr_par' dir='ltr' id='par_1_9' title="bbox 177 2754 1797 3323">
     <span class='ocr_line' id='line_1_29' title="bbox 177 2754 1797 2842; baseline 0 -14"><span class='ocrx_word' id='word_1_384' title='bbox 177 2754 188 2810; x_wconf 78' lang='lat' dir='ltr'>l</span> <span class='ocrx_word' id='word_1_385' title='bbox 231 2773 260 2829; x_wconf 70' lang='lat' dir='ltr'>a.</span> <span class='ocrx_word' id='word_1_386' title='bbox 282 2771 402 2832; x_wconf 84' lang='lat' dir='ltr'>ratione</span> <span class='ocrx_word' id='word_1_387' title='bbox 423 2770 600 2833; x_wconf 83' lang='lat' dir='ltr'>intentionis</span> <span class='ocrx_word' id='word_1_388' title='bbox 611 2803 622 2842; x_wconf 90' lang='lat'>‚·</span> <span class='ocrx_word' id='word_1_389' title='bbox 640 2766 709 2827; x_wconf 92' lang='lat' dir='ltr'>dum</span> <span class='ocrx_word' id='word_1_390' title='bbox 726 2768 790 2840; x_wconf 81' lang='lat' dir='ltr'>quit</span> <span class='ocrx_word' id='word_1_391' title='bbox 810 2766 901 2829; x_wconf 89' lang='lat' dir='ltr'>alicui</span> <span class='ocrx_word' id='word_1_392' title='bbox 920 2766 995 2829; x_wconf 89' lang='lat' dir='ltr'>adu·</span> <span class='ocrx_word' id='word_1_393' title='bbox 1027 2760 1104 2823; x_wconf 88' lang='lat' dir='ltr'>llem</span> <span class='ocrx_word' id='word_1_394' title='bbox 1124 2768 1289 2828; x_wconf 87' lang='lat' dir='ltr'>veritatem</span> <span class='ocrx_word' id='word_1_395' title='bbox 1298 2800 1310 2841; x_wconf 53' lang='grc' dir='ltr'>,ι</span> <span class='ocrx_word' id='word_1_396' title='bbox 1328 2787 1398 2828; x_wconf 90' lang='lat' dir='ltr'>cum</span> <span class='ocrx_word' id='word_1_397' title='bbox 1417 2764 1604 2842; x_wconf 79' lang='lat' dir='ltr'>praevidetur</span> <span class='ocrx_word' id='word_1_398' title='bbox 1620 2765 1658 2826; x_wconf 92' lang='lat' dir='ltr'>ab</span> <span class='ocrx_word' id='word_1_399' title='bbox 1674 2767 1797 2830; x_wconf 69' lang='lat' dir='ltr'>andito·</span> 
     </span>
     <span class='ocr_line' id='line_1_30' title="bbox 232 2842 1795 2921; baseline 0.002 -12"><span class='ocrx_word' id='word_1_400' title='bbox 232 2848 316 2912; x_wconf 89' lang='lat' dir='ltr'>latur</span> <span class='ocrx_word' id='word_1_401' title='bbox 336 2867 372 2913; x_wconf 92' lang='lat' dir='ltr'>ut</span> <span class='ocrx_word' id='word_1_402' title='bbox 389 2844 602 2911; x_wconf 84' lang='lat' dir='ltr'>fraudulenter</span> <span class='ocrx_word' id='word_1_403' title='bbox 620 2845 649 2906; x_wconf 91' lang='lat' dir='ltr'>ei</span> <span class='ocrx_word' id='word_1_404' title='bbox 678 2862 788 2907; x_wconf 88' lang='lat' dir='ltr'>noceat</span> <span class='ocrx_word' id='word_1_405' title='bbox 812 2845 862 2906; x_wconf 91' lang='lat' dir='ltr'>vel</span> <span class='ocrx_word' id='word_1_406' title='bbox 886 2862 994 2921; x_wconf 51' lang='lat' dir='ltr'>corpo-¹</span> <span class='ocrx_word' id='word_1_407' title='bbox 1029 2842 1108 2903; x_wconf 87' lang='lat' dir='ltr'>ribus</span> <span class='ocrx_word' id='word_1_408' title='bbox 1125 2844 1308 2920; x_wconf 90' lang='lat' dir='ltr'>deridenda,</span> <span class='ocrx_word' id='word_1_409' title='bbox 1332 2863 1366 2908; x_wconf 91' lang='lat' dir='ltr'>ut</span> <span class='ocrx_word' id='word_1_410' title='bbox 1383 2844 1534 2907; x_wconf 69' lang='lat' dir='ltr'>Matthaei</span> <span class='ocrx_word' id='word_1_411' title='bbox 1545 2863 1576 2920; x_wconf 77' lang='lat'>7.</span> <span class='ocrx_word' id='word_1_412' title='bbox 1597 2844 1701 2908; x_wconf 74' lang='lat' dir='ltr'>Nolite</span> <span class='ocrx_word' id='word_1_413' title='bbox 1721 2847 1795 2912; x_wconf 78' lang='lat' dir='ltr'>dare</span> 
     </span>
     <span class='ocr_line' id='line_1_31' title="bbox 223 2916 1792 3007; baseline -0.002 -17"><span class='ocrx_word' id='word_1_414' title='bbox 223 2927 354 3003; x_wconf 63' lang='lat' dir='ltr'>meliten,</span> <span class='ocrx_word' id='word_1_415' title='bbox 377 2927 427 2991; x_wconf 75' lang='lat' dir='ltr'>v‘el</span> <span class='ocrx_word' id='word_1_416' title='bbox 447 2924 645 3003; x_wconf 85' lang='lat' dir='ltr'>spiritualiter</span> <span class='ocrx_word' id='word_1_417' title='bbox 654 2960 665 3001; x_wconf 90' lang='lat'>,·</span> <span class='ocrx_word' id='word_1_418' title='bbox 684 2934 710 3003; x_wconf 73' lang='grc' dir='ltr'>ς’.</span> <span class='ocrx_word' id='word_1_419' title='bbox 722 2944 773 3001; x_wconf 89' lang='lat' dir='ltr'>per</span> <span class='ocrx_word' id='word_1_420' title='bbox 793 2916 1159 3000; x_wconf 62' lang='lat' dir='ltr'>occasionem,·1san3um</span> <span class='ocrx_word' id='word_1_421' title='bbox 1174 2922 1294 2985; x_wconf 80' lang='lat' dir='ltr'>canibus</span> <span class='ocrx_word' id='word_1_422' title='bbox 1308 2919 1371 2989; x_wconf 64' lang='lat' dir='ltr'>&amp;a</span> <span class='ocrx_word' id='word_1_423' title='bbox 1394 2923 1469 2988; x_wconf 73' lang='lat' dir='ltr'>&amp;S</span> <span class='ocrx_word' id='word_1_424' title='bbox 1489 2922 1549 2985; x_wconf 85' lang='lat' dir='ltr'>Th.</span> <span class='ocrx_word' id='word_1_425' title='bbox 1567 2944 1595 2984; x_wconf 90' lang='lat'>2.</span> <span class='ocrx_word' id='word_1_426' title='bbox 1613 2944 1641 2984; x_wconf 86' lang='lat' dir='ltr'>a.</span> <span class='ocrx_word' id='word_1_427' title='bbox 1652 2928 1747 3007; x_wconf 74' lang='lat' dir='ltr'>quaest.</span> <span class='ocrx_word' id='word_1_428' title='bbox 1762 2942 1792 3006; x_wconf 78' lang='grc' dir='ltr'>ς.</span> 
     </span>
     <span class='ocr_line' id='line_1_32' title="bbox 229 3002 1794 3087; baseline -0.002 -16"><span class='ocrx_word' id='word_1_429' title='bbox 229 3013 305 3087; x_wconf 84' lang='lat' dir='ltr'>puta</span> <span class='ocrx_word' id='word_1_430' title='bbox 325 3008 450 3085; x_wconf 79' lang='lat' dir='ltr'>quando</span> <span class='ocrx_word' id='word_1_431' title='bbox 465 3009 530 3072; x_wconf 83' lang='lat' dir='ltr'>laus</span> <span class='ocrx_word' id='word_1_432' title='bbox 551 3006 734 3071; x_wconf 78' lang='lat' dir='ltr'>adulationis</span> <span class='ocrx_word' id='word_1_433' title='bbox 763 3003 800 3067; x_wconf 86' lang='lat' dir='ltr'>fit</span> <span class='ocrx_word' id='word_1_434' title='bbox 825 3006 914 3068; x_wconf 91' lang='lat' dir='ltr'>alteri</span> <span class='ocrx_word' id='word_1_435' title='bbox 944 3025 993 3068; x_wconf 89' lang='lat' dir='ltr'>oc·</span> <span class='ocrx_word' id='word_1_436' title='bbox 1007 3004 1011 3047; x_wconf 68' lang='lat' dir='ltr'>l</span> <span class='ocrx_word' id='word_1_437' title='bbox 1026 3013 1083 3063; x_wconf 76' lang='lat' dir='ltr'>art.</span> <span class='ocrx_word' id='word_1_438' title='bbox 1095 3004 1177 3066; x_wconf 72' lang='lat' dir='ltr'>aad</span> <span class='ocrx_word' id='word_1_439' title='bbox 1197 3020 1225 3080; x_wconf 84' lang='lat'>3.·</span> <span class='ocrx_word' id='word_1_440' title='bbox 1245 3010 1288 3067; x_wconf 86' lang='lat' dir='ltr'>ait</span> <span class='ocrx_word' id='word_1_441' title='bbox 1302 3026 1313 3062; x_wconf 89' lang='lat'><em>:</em></span> <span class='ocrx_word' id='word_1_442' title='bbox 1334 3009 1364 3078; x_wconf 77' lang='lat' dir='ltr'>st</span> <span class='ocrx_word' id='word_1_443' title='bbox 1386 3002 1514 3067; x_wconf 70' lang='lat' dir='ltr'>turbatio</span> <span class='ocrx_word' id='word_1_444' title='bbox 1534 3004 1700 3081; x_wconf 67' lang='lat' dir='ltr'>infidelium</span> <span class='ocrx_word' id='word_1_445' title='bbox 1714 3009 1794 3069; x_wconf 78' lang='lat' dir='ltr'>oria-</span> 
     </span>
     <span class='ocr_line' id='line_1_33' title="bbox 227 3080 1793 3169; baseline -0.001 -18"><span class='ocrx_word' id='word_1_446' title='bbox 227 3085 311 3152; x_wconf 61' lang='lat' dir='ltr'>casto*</span> <span class='ocrx_word' id='word_1_447' title='bbox 336 3089 477 3165; x_wconf 77' lang='lat' dir='ltr'>peccandi</span> <span class='ocrx_word' id='word_1_448' title='bbox 499 3089 599 3151; x_wconf 87' lang='lat' dir='ltr'>etiam</span> <span class='ocrx_word' id='word_1_449' title='bbox 623 3091 734 3163; x_wconf 82' lang='lat' dir='ltr'>prtet&#39;et</span> <span class='ocrx_word' id='word_1_450' title='bbox 760 3085 926 3148; x_wconf 85' lang='lat' dir='ltr'>adulatoris</span> <span class='ocrx_word' id='word_1_451' title='bbox 946 3088 992 3147; x_wconf 90' lang='lat' dir='ltr'>in·</span> <span class='ocrx_word' id='word_1_452' title='bbox 1026 3092 1077 3169; x_wconf 70' lang='lat' dir='ltr'>int</span> <span class='ocrx_word' id='word_1_453' title='bbox 1091 3084 1135 3169; x_wconf 27' lang='lat' dir='ltr'>&#39;de</span> <span class='ocrx_word' id='word_1_454' title='bbox 1150 3082 1309 3164; x_wconf 76' lang='lat' dir='ltr'>tonfeffrone</span> <span class='ocrx_word' id='word_1_455' title='bbox 1318 3080 1392 3160; x_wconf 77' lang='lat' dir='ltr'>fidei</span> <span class='ocrx_word' id='word_1_456' title='bbox 1407 3082 1562 3165; x_wconf 80' lang='lat' dir='ltr'>manifesta</span> <span class='ocrx_word' id='word_1_457' title='bbox 1576 3083 1677 3162; x_wconf 73' lang='lat' dir='ltr'>absque</span> <span class='ocrx_word' id='word_1_458' title='bbox 1692 3088 1793 3164; x_wconf 79' lang='lat' dir='ltr'>aliqua</span> 
     </span>
     <span class='ocr_line' id='line_1_34' title="bbox 227 3161 1792 3245; baseline -0.001 -14"><span class='ocrx_word' id='word_1_459' title='bbox 227 3168 428 3232; x_wconf 78' lang='lat' dir='ltr'>tentionem.</span> <span class='ocrx_word' id='word_1_460' title='bbox 460 3167 496 3230; x_wconf 86' lang='lat' dir='ltr'>ln</span> <span class='ocrx_word' id='word_1_461' title='bbox 527 3169 586 3230; x_wconf 77' lang='lat' dir='ltr'>hoc·</span> <span class='ocrx_word' id='word_1_462' title='bbox 610 3174 716 3229; x_wconf 90' lang='lat' dir='ltr'>tameri</span> <span class='ocrx_word' id='word_1_463' title='bbox 740 3163 1010 3240; x_wconf 68' lang='lat' dir='ltr'>consideranduml</span> <span class='ocrx_word' id='word_1_464' title='bbox 1025 3161 1158 3225; x_wconf 78' lang='lat' dir='ltr'>utilitate</span> <span class='ocrx_word' id='word_1_465' title='bbox 1172 3165 1270 3241; x_wconf 72' lang='lat' dir='ltr'>fidei,</span> <span class='ocrx_word' id='word_1_466' title='bbox 1282 3164 1339 3226; x_wconf 77' lang='lat' dir='ltr'>vel</span> <span class='ocrx_word' id='word_1_467' title='bbox 1349 3164 1511 3241; x_wconf 81' lang='lat' dir='ltr'>fidelium,</span> <span class='ocrx_word' id='word_1_468' title='bbox 1530 3178 1589 3228; x_wconf 80' lang='lat' dir='ltr'>nori</span> <span class='ocrx_word' id='word_1_469' title='bbox 1602 3166 1640 3245; x_wconf 75' lang='lat' dir='ltr'>est</span> <span class='ocrx_word' id='word_1_470' title='bbox 1659 3165 1792 3229; x_wconf 78' lang='lat' dir='ltr'>laudabi-</span> 
     </span>
     <span class='ocr_line' id='line_1_35' title="bbox 225 3240 1669 3323; baseline -0.001 -15"><span class='ocrx_word' id='word_1_471' title='bbox 225 3255 301 3310; x_wconf 81' lang='lat' dir='ltr'>t&#39;rum</span> <span class='ocrx_word' id='word_1_472' title='bbox 320 3248 435 3314; x_wconf 84' lang='lat' dir='ltr'>occafio</span> <span class='ocrx_word' id='word_1_473' title='bbox 452 3248 524 3312; x_wconf 81' lang='lat' dir='ltr'>data</span> <span class='ocrx_word' id='word_1_474' title='bbox 541 3245 603 3323; x_wconf 78' lang='lat' dir='ltr'>stt&#39;,</span> <span class='ocrx_word' id='word_1_475' title='bbox 622 3246 672 3309; x_wconf 86' lang='lat' dir='ltr'>vel</span> <span class='ocrx_word' id='word_1_476' title='bbox 700 3263 843 3321; x_wconf 86' lang='lat' dir='ltr'>accepta,</span> <span class='ocrx_word' id='word_1_477' title='bbox 863 3241 899 3308; x_wconf 72' lang='grc' dir='ltr'>ὃ(</span> <span class='ocrx_word' id='word_1_478' title='bbox 919 3266 991 3319; x_wconf 84' lang='lat' dir='ltr'>qua·</span> <span class='ocrx_word' id='word_1_479' title='bbox 1024 3241 1059 3305; x_wconf 78' lang='lat' dir='ltr'>le.</span> <span class='ocrx_word' id='word_1_480' title='bbox 1071 3240 1103 3302; x_wconf 84' lang='lat' dir='ltr'>t&#39;n</span> <span class='ocrx_word' id='word_1_481' title='bbox 1120 3243 1176 3305; x_wconf 78' lang='lat' dir='ltr'>tali</span> <span class='ocrx_word' id='word_1_482' title='bbox 1198 3242 1264 3322; x_wconf 74' lang='lat' dir='ltr'>casu</span> <span class='ocrx_word' id='word_1_483' title='bbox 1280 3244 1374 3319; x_wconf 75' lang='lat' dir='ltr'>fidem</span> <span class='ocrx_word' id='word_1_484' title='bbox 1392 3243 1506 3322; x_wconf 79' lang='lat' dir='ltr'>publice</span> <span class='ocrx_word' id='word_1_485' title='bbox 1523 3245 1669 3323; x_wconf 81' lang='lat' dir='ltr'>confiteri.</span> 
     </span>
    </p>

    <p class='ocr_par' dir='ltr' id='par_1_10' title="bbox 180 3320 1839 4276">
     <span class='ocr_line' id='line_1_36' title="bbox 180 3320 1793 3404; baseline 0.001 -18"><span class='ocrx_word' id='word_1_486' title='bbox 180 3334 183 3339; x_wconf 83' lang='lat'><em>&#39;</em></span> <span class='ocrx_word' id='word_1_487' title='bbox 227 3325 263 3387; x_wconf 85' lang='lat' dir='ltr'>lis&#39;</span> <span class='ocrx_word' id='word_1_488' title='bbox 285 3328 371 3391; x_wconf 86' lang='lat' dir='ltr'>ruina</span> <span class='ocrx_word' id='word_1_489' title='bbox 399 3325 592 3402; x_wconf 79' lang='lat' dir='ltr'>subsequatur</span> <span class='ocrx_word' id='word_1_490' title='bbox 610 3367 622 3401; x_wconf 60' lang='lat'>,›</span> <span class='ocrx_word' id='word_1_491' title='bbox 639 3323 690 3390; x_wconf 90' lang='lat' dir='ltr'>vel</span> <span class='ocrx_word' id='word_1_492' title='bbox 711 3323 854 3388; x_wconf 89' lang='lat' dir='ltr'>secutura</span> <span class='ocrx_word' id='word_1_493' title='bbox 878 3328 994 3400; x_wconf 57' lang='lat' dir='ltr'>pravis</span> <span class='ocrx_word' id='word_1_494' title='bbox 1065 3320 1196 3399; x_wconf 77' lang='lat' dir='ltr'>Colliges</span> <span class='ocrx_word' id='word_1_495' title='bbox 1215 3342 1244 3383; x_wconf 88' lang='lat'>2.</span> <span class='ocrx_word' id='word_1_496' title='bbox 1269 3326 1486 3388; x_wconf 80' lang='lat' dir='ltr'>occultandam·</span> <span class='ocrx_word' id='word_1_497' title='bbox 1509 3326 1571 3403; x_wconf 83' lang='lat' dir='ltr'>else</span> <span class='ocrx_word' id='word_1_498' title='bbox 1596 3329 1793 3404; x_wconf 62' lang='lat' dir='ltr'>veritatem,</span> 
     </span>
     <span class='ocr_line' id='line_1_37' title="bbox 216 3400 1789 3489; baseline -0.004 -13"><span class='ocrx_word' id='word_1_499' title='bbox 216 3404 288 3476; x_wconf 65' lang='lat' dir='ltr'>deri</span> <span class='ocrx_word' id='word_1_500' title='bbox 310 3411 462 3483; x_wconf 82' lang='lat' dir='ltr'>potuerit.</span> <span class='ocrx_word' id='word_1_501' title='bbox 493 3409 521 3469; x_wconf 91' lang='lat' dir='ltr'>Si</span> <span class='ocrx_word' id='word_1_502' title='bbox 543 3425 620 3470; x_wconf 85' lang='lat' dir='ltr'>vero</span> <span class='ocrx_word' id='word_1_503' title='bbox 649 3405 756 3489; x_wconf 81' lang='lat' dir='ltr'>aliquis</span> <span class='ocrx_word' id='word_1_504' title='bbox 780 3426 819 3466; x_wconf 87' lang='lat' dir='ltr'>cx</span> <span class='ocrx_word' id='word_1_505' title='bbox 840 3401 903 3469; x_wconf 89' lang='lat' dir='ltr'>sola</span> <span class='ocrx_word' id='word_1_506' title='bbox 925 3408 990 3468; x_wconf 89' lang='lat' dir='ltr'>avi·</span> <span class='ocrx_word' id='word_1_507' title='bbox 1022 3400 1142 3476; x_wconf 88' lang='lat' dir='ltr'>quando</span> <span class='ocrx_word' id='word_1_508' title='bbox 1157 3421 1194 3465; x_wconf 90' lang='lat' dir='ltr'>ea</span> <span class='ocrx_word' id='word_1_509' title='bbox 1217 3403 1303 3466; x_wconf 84' lang='lat' dir='ltr'>nobis</span> <span class='ocrx_word' id='word_1_510' title='bbox 1319 3407 1414 3480; x_wconf 83' lang='lat' dir='ltr'>gratis</span> <span class='ocrx_word' id='word_1_511' title='bbox 1434 3424 1561 3488; x_wconf 80' lang='lat' dir='ltr'>noceret</span> <span class='ocrx_word' id='word_1_512' title='bbox 1573 3427 1586 3479; x_wconf 92' lang='grc'>,·-</span> <span class='ocrx_word' id='word_1_513' title='bbox 1607 3404 1719 3471; x_wconf 88' lang='lat' dir='ltr'>idcirco</span> <span class='ocrx_word' id='word_1_514' title='bbox 1736 3429 1789 3482; x_wconf 88' lang='lat' dir='ltr'>po·</span> 
     </span>
     <span class='ocr_line' id='line_1_38' title="bbox 222 3480 1788 3561; baseline 0.002 -15"><span class='ocrx_word' id='word_1_515' title='bbox 222 3480 328 3549; x_wconf 78' lang='lat' dir='ltr'>ditate</span> <span class='ocrx_word' id='word_1_516' title='bbox 347 3487 425 3551; x_wconf 71' lang='lat' dir='ltr'>alios&#39;</span> <span class='ocrx_word' id='word_1_517' title='bbox 446 3486 608 3550; x_wconf 69' lang='lat' dir='ltr'>delctlandi</span> <span class='ocrx_word' id='word_1_518' title='bbox 628 3519 642 3561; x_wconf 79' lang='lat'>,-</span> <span class='ocrx_word' id='word_1_519' title='bbox 663 3484 715 3546; x_wconf 89' lang='lat' dir='ltr'>seu</span> <span class='ocrx_word' id='word_1_520' title='bbox 738 3484 774 3546; x_wconf 92' lang='lat' dir='ltr'>ad</span> <span class='ocrx_word' id='word_1_521' title='bbox 795 3484 908 3546; x_wconf 91' lang='lat' dir='ltr'>malum</span> <span class='ocrx_word' id='word_1_522' title='bbox 936 3487 989 3546; x_wconf 92' lang='lat' dir='ltr'>ali·</span> <span class='ocrx_word' id='word_1_523' title='bbox 1022 3485 1088 3542; x_wconf 78' lang='lat' dir='ltr'>tuit¹</span> <span class='ocrx_word' id='word_1_524' title='bbox 1114 3482 1234 3545; x_wconf 84' lang='lat' dir='ltr'>Samuel</span> <span class='ocrx_word' id='word_1_525' title='bbox 1260 3483 1419 3547; x_wconf 84' lang='lat' dir='ltr'>occultare</span> <span class='ocrx_word' id='word_1_526' title='bbox 1445 3484 1675 3548; x_wconf 87' lang='lat' dir='ltr'>Beetlehemitis</span> <span class='ocrx_word' id='word_1_527' title='bbox 1703 3485 1788 3549; x_wconf 92' lang='lat' dir='ltr'>suurn</span> 
     </span>
     <span class='ocr_line' id='line_1_39' title="bbox 221 3558 1788 3643; baseline 0.001 -16"><span class='ocrx_word' id='word_1_528' title='bbox 221 3565 302 3639; x_wconf 75' lang='lat' dir='ltr'>duod</span> <span class='ocrx_word' id='word_1_529' title='bbox 323 3567 524 3641; x_wconf 73' lang='lat' dir='ltr'>evitandum,</span> <span class='ocrx_word' id='word_1_530' title='bbox 543 3565 593 3627; x_wconf 89' lang='lat' dir='ltr'>vel</span> <span class='ocrx_word' id='word_1_531' title='bbox 615 3561 732 3625; x_wconf 85' lang='lat' dir='ltr'>bonum</span> <span class='ocrx_word' id='word_1_532' title='bbox 748 3558 989 3638; x_wconf 87' lang='lat' dir='ltr'>consequendum</span> <span class='ocrx_word' id='word_1_533' title='bbox 1023 3559 1191 3623; x_wconf 86' lang='lat' dir='ltr'>adventum</span> <span class='ocrx_word' id='word_1_534' title='bbox 1211 3583 1266 3637; x_wconf 92' lang='lat' dir='ltr'>pro</span> <span class='ocrx_word' id='word_1_535' title='bbox 1284 3563 1459 3638; x_wconf 83' lang='lat' dir='ltr'>inungendo</span> <span class='ocrx_word' id='word_1_536' title='bbox 1479 3564 1581 3627; x_wconf 87' lang='lat' dir='ltr'>David</span> <span class='ocrx_word' id='word_1_537' title='bbox 1600 3568 1632 3626; x_wconf 92' lang='lat' dir='ltr'>in</span> <span class='ocrx_word' id='word_1_538' title='bbox 1661 3584 1788 3643; x_wconf 76' lang='lat' dir='ltr'>regem,</span> 
     </span>
     <span class='ocr_line' id='line_1_40' title="bbox 222 3637 1793 3727; baseline 0.001 -22"><span class='ocrx_word' id='word_1_539' title='bbox 222 3645 255 3704; x_wconf 82' lang='lat' dir='ltr'>in</span> <span class='ocrx_word' id='word_1_540' title='bbox 271 3644 455 3709; x_wconf 84' lang='lat' dir='ltr'>necessitate</span> <span class='ocrx_word' id='word_1_541' title='bbox 472 3642 562 3707; x_wconf 90' lang='lat' dir='ltr'>alicui</span> <span class='ocrx_word' id='word_1_542' title='bbox 580 3641 720 3704; x_wconf 83' lang='lat' dir='ltr'>adulatus</span> <span class='ocrx_word' id='word_1_543' title='bbox 737 3637 855 3717; x_wconf 88' lang='lat' dir='ltr'>fuerit,-</span> <span class='ocrx_word' id='word_1_544' title='bbox 868 3661 928 3704; x_wconf 92' lang='lat' dir='ltr'>non</span> <span class='ocrx_word' id='word_1_545' title='bbox 946 3641 987 3703; x_wconf 84' lang='lat' dir='ltr'>est</span> <span class='ocrx_word' id='word_1_546' title='bbox 1022 3643 1096 3727; x_wconf 83' lang='lat' dir='ltr'>quia·</span> <span class='ocrx_word' id='word_1_547' title='bbox 1114 3640 1277 3717; x_wconf 72' lang='lat' dir='ltr'>evulgatio</span> <span class='ocrx_word' id='word_1_548' title='bbox 1303 3639 1391 3704; x_wconf 82' lang='lat' dir='ltr'>huius</span> <span class='ocrx_word' id='word_1_549' title='bbox 1415 3650 1563 3706; x_wconf 77' lang='lat' dir='ltr'>veritatis</span> <span class='ocrx_word' id='word_1_550' title='bbox 1586 3643 1664 3705; x_wconf 92' lang='lat' dir='ltr'>nihil</span> <span class='ocrx_word' id='word_1_551' title='bbox 1689 3645 1759 3708; x_wconf 90' lang='lat' dir='ltr'>boni</span> <span class='ocrx_word' id='word_1_552' title='bbox 1779 3681 1793 3723; x_wconf 85' lang='grc'>,-</span> 
     </span>
     <span class='ocr_line' id='line_1_41' title="bbox 220 3716 1787 3799; baseline -0.001 -12"><span class='ocrx_word' id='word_1_553' title='bbox 220 3731 336 3787; x_wconf 71' lang='lat' dir='ltr'>eontra</span> <span class='ocrx_word' id='word_1_554' title='bbox 351 3723 557 3799; x_wconf 66' lang='lat' dir='ltr'>charitatem,</span> <span class='ocrx_word' id='word_1_555' title='bbox 574 3724 702 3797; x_wconf 77' lang='lat' dir='ltr'>ideoque</span> <span class='ocrx_word' id='word_1_556' title='bbox 722 3718 763 3780; x_wconf 86' lang='lat' dir='ltr'>cll</span> <span class='ocrx_word' id='word_1_557' title='bbox 783 3720 870 3794; x_wconf 89' lang='lat' dir='ltr'>culpa</span> <span class='ocrx_word' id='word_1_558' title='bbox 891 3719 988 3783; x_wconf 81' lang='lat' dir='ltr'>solum</span> <span class='ocrx_word' id='word_1_559' title='bbox 1022 3735 1085 3777; x_wconf 85' lang='lat' dir='ltr'>uno</span> <span class='ocrx_word' id='word_1_560' title='bbox 1101 3716 1262 3791; x_wconf 83' lang='lat' dir='ltr'>plurimum</span> <span class='ocrx_word' id='word_1_561' title='bbox 1282 3720 1352 3781; x_wconf 86' lang='lat' dir='ltr'>mali</span> <span class='ocrx_word' id='word_1_562' title='bbox 1371 3725 1545 3797; x_wconf 80' lang='lat' dir='ltr'>pepen&#39;ss&#39;er.</span> <span class='ocrx_word' id='word_1_563' title='bbox 1562 3721 1593 3783; x_wconf 87' lang='lat' dir='ltr'>Si</span> <span class='ocrx_word' id='word_1_564' title='bbox 1605 3741 1787 3788; x_wconf 88' lang='lat' dir='ltr'>autemnon</span> 
     </span>
     <span class='ocr_line' id='line_1_42' title="bbox 219 3795 1786 3883; baseline 0 -18"><span class='ocrx_word' id='word_1_565' title='bbox 219 3803 373 3865; x_wconf 74' lang='lat' dir='ltr'>venialis.</span> <span class='ocrx_word' id='word_1_566' title='bbox 396 3801 460 3866; x_wconf 92' lang='lat' dir='ltr'>Imo</span> <span class='ocrx_word' id='word_1_567' title='bbox 477 3800 498 3863; x_wconf 90' lang='lat' dir='ltr'>st</span> <span class='ocrx_word' id='word_1_568' title='bbox 515 3805 581 3878; x_wconf 83' lang='lat' dir='ltr'>quis</span> <span class='ocrx_word' id='word_1_569' title='bbox 598 3800 730 3872; x_wconf 84' lang='lat' dir='ltr'>aliquem</span> <span class='ocrx_word' id='word_1_570' title='bbox 746 3795 893 3883; x_wconf 74' lang='lat' dir='ltr'>deledlare</span> <span class='ocrx_word' id='word_1_571' title='bbox 911 3800 988 3862; x_wconf 85' lang='lat' dir='ltr'>velit</span> <span class='ocrx_word' id='word_1_572' title='bbox 1022 3798 1183 3871; x_wconf 70' lang='lat' dir='ltr'>agiturne</span> <span class='ocrx_word' id='word_1_573' title='bbox 1199 3801 1311 3860; x_wconf 91' lang='lat' dir='ltr'>iniuria</span> <span class='ocrx_word' id='word_1_574' title='bbox 1330 3805 1452 3876; x_wconf 82' lang='lat' dir='ltr'>proprie</span> <span class='ocrx_word' id='word_1_575' title='bbox 1473 3803 1548 3865; x_wconf 74' lang='lat' dir='ltr'>ditia</span> <span class='ocrx_word' id='word_1_576' title='bbox 1560 3838 1571 3875; x_wconf 42' lang='grc' dir='ltr'>,ι</span> <span class='ocrx_word' id='word_1_577' title='bbox 1589 3801 1636 3863; x_wconf 87' lang='lat' dir='ltr'>sed</span> <span class='ocrx_word' id='word_1_578' title='bbox 1662 3817 1786 3867; x_wconf 84' lang='lat' dir='ltr'>tantum</span> 
     </span>
     <span class='ocr_line' id='line_1_43' title="bbox 219 3876 1786 3958; baseline 0.001 -13"><span class='ocrx_word' id='word_1_579' title='bbox 219 3880 397 3958; x_wconf 88' lang='lat' dir='ltr'>laudando,</span> <span class='ocrx_word' id='word_1_580' title='bbox 414 3891 503 3947; x_wconf 82' lang='lat' dir='ltr'>uter</span> <span class='ocrx_word' id='word_1_581' title='bbox 524 3881 581 3945; x_wconf 92' lang='lat' dir='ltr'>hoc</span> <span class='ocrx_word' id='word_1_582' title='bbox 601 3901 671 3944; x_wconf 88' lang='lat' dir='ltr'>eum</span> <span class='ocrx_word' id='word_1_583' title='bbox 696 3878 870 3943; x_wconf 87' lang='lat' dir='ltr'>consoletur</span> <span class='ocrx_word' id='word_1_584' title='bbox 893 3882 987 3951; x_wconf 81' lang='lat' dir='ltr'>nein</span> <span class='ocrx_word' id='word_1_585' title='bbox 1021 3876 1058 3936; x_wconf 88' lang='lat' dir='ltr'>de</span> <span class='ocrx_word' id='word_1_586' title='bbox 1078 3877 1212 3953; x_wconf 88' lang='lat' dir='ltr'>damno,</span> <span class='ocrx_word' id='word_1_587' title='bbox 1227 3879 1305 3954; x_wconf 92' lang='lat' dir='ltr'>quod</span> <span class='ocrx_word' id='word_1_588' title='bbox 1326 3885 1392 3955; x_wconf 87' lang='lat' dir='ltr'>quis</span> <span class='ocrx_word' id='word_1_589' title='bbox 1412 3885 1475 3956; x_wconf 87' lang='lat' dir='ltr'>pati</span> <span class='ocrx_word' id='word_1_590' title='bbox 1492 3882 1587 3957; x_wconf 88' lang='lat' dir='ltr'>pollet</span> <span class='ocrx_word' id='word_1_591' title='bbox 1610 3881 1671 3945; x_wconf 87' lang='lat' dir='ltr'>line</span> <span class='ocrx_word' id='word_1_592' title='bbox 1689 3883 1786 3948; x_wconf 89' lang='lat' dir='ltr'>cuius·</span> 
     </span>
     <span class='ocr_line' id='line_1_44' title="bbox 219 3957 1785 4039; baseline 0.003 -15"><span class='ocrx_word' id='word_1_593' title='bbox 219 3958 469 4027; x_wconf 78' lang='lat' dir='ltr'>tribulationibus¹</span> <span class='ocrx_word' id='word_1_594' title='bbox 490 3960 632 4037; x_wconf 82' lang='lat' dir='ltr'>deficiat,</span> <span class='ocrx_word' id='word_1_595' title='bbox 655 3961 705 4024; x_wconf 86' lang='lat' dir='ltr'>v&#39;el</span> <span class='ocrx_word' id='word_1_596' title='bbox 725 3962 805 4024; x_wconf 91' lang='lat' dir='ltr'>utin</span> <span class='ocrx_word' id='word_1_597' title='bbox 820 3958 902 4021; x_wconf 89' lang='lat' dir='ltr'>bono</span> <span class='ocrx_word' id='word_1_598' title='bbox 918 3978 986 4034; x_wconf 92' lang='lat' dir='ltr'>pro·</span> <span class='ocrx_word' id='word_1_599' title='bbox 1020 3976 1077 4030; x_wconf 89' lang='lat' dir='ltr'>que</span> <span class='ocrx_word' id='word_1_600' title='bbox 1097 3957 1291 4034; x_wconf 82' lang='lat' dir='ltr'>praeiudicio,</span> <span class='ocrx_word' id='word_1_601' title='bbox 1313 3980 1387 4023; x_wconf 92' lang='lat' dir='ltr'>tunc</span> <span class='ocrx_word' id='word_1_602' title='bbox 1405 3959 1501 4036; x_wconf 88' lang='lat' dir='ltr'>potest</span> <span class='ocrx_word' id='word_1_603' title='bbox 1510 4001 1523 4039; x_wconf 89' lang='lat'>,-</span> <span class='ocrx_word' id='word_1_604' title='bbox 1540 3962 1587 4026; x_wconf 89' lang='lat' dir='ltr'>sed</span> <span class='ocrx_word' id='word_1_605' title='bbox 1606 3972 1710 4026; x_wconf 86' lang='lat' dir='ltr'>tamen</span> <span class='ocrx_word' id='word_1_606' title='bbox 1722 3985 1785 4028; x_wconf 91' lang='lat' dir='ltr'>non</span> 
     </span>
     <span class='ocr_line' id='line_1_45' title="bbox 217 4035 1784 4124; baseline 0.003 -21"><span class='ocrx_word' id='word_1_607' title='bbox 217 4039 310 4103; x_wconf 73' lang='lat' dir='ltr'>ficere</span> <span class='ocrx_word' id='word_1_608' title='bbox 337 4040 488 4124; x_wconf 77' lang='lat' dir='ltr'>studeat,</span> <span class='ocrx_word' id='word_1_609' title='bbox 518 4042 584 4106; x_wconf 79' lang='lat' dir='ltr'>airis·</span> <span class='ocrx_word' id='word_1_610' title='bbox 613 4041 721 4106; x_wconf 87' lang='lat' dir='ltr'>debitis</span> <span class='ocrx_word' id='word_1_611' title='bbox 751 4040 986 4102; x_wconf 80' lang='lat' dir='ltr'>circumstantiis</span> <span class='ocrx_word' id='word_1_612' title='bbox 1020 4035 1145 4100; x_wconf 87' lang='lat' dir='ltr'>debetur</span> <span class='ocrx_word' id='word_1_613' title='bbox 1175 4040 1292 4101; x_wconf 85' lang='lat' dir='ltr'>veritas</span> <span class='ocrx_word' id='word_1_614' title='bbox 1315 4039 1440 4118; x_wconf 81' lang='lat' dir='ltr'>detegi.</span> <span class='ocrx_word' id='word_1_615' title='bbox 1468 4043 1517 4105; x_wconf 86' lang='lat' dir='ltr'>Sic</span> <span class='ocrx_word' id='word_1_616' title='bbox 1536 4057 1706 4119; x_wconf 85' lang='lat' dir='ltr'>mercator,</span> <span class='ocrx_word' id='word_1_617' title='bbox 1732 4048 1784 4121; x_wconf 92' lang='lat' dir='ltr'>qui</span> 
     </span>
     <span class='ocr_line' id='line_1_46' title="bbox 220 4114 1783 4210; baseline 0.003 -28"><span class='ocrx_word' id='word_1_618' title='bbox 220 4121 371 4200; x_wconf 83' lang='lat' dir='ltr'>servatis,</span> <span class='ocrx_word' id='word_1_619' title='bbox 391 4122 447 4187; x_wconf 91' lang='lat' dir='ltr'>hoc</span> <span class='ocrx_word' id='word_1_620' title='bbox 476 4121 641 4200; x_wconf 88' lang='lat' dir='ltr'>pertinebit</span> <span class='ocrx_word' id='word_1_621' title='bbox 668 4123 704 4184; x_wconf 89' lang='lat' dir='ltr'>ad</span> <span class='ocrx_word' id='word_1_622' title='bbox 725 4121 860 4187; x_wconf 85' lang='lat' dir='ltr'>officium</span> <span class='ocrx_word' id='word_1_623' title='bbox 884 4125 986 4185; x_wconf 89' lang='lat' dir='ltr'>amici·</span> <span class='ocrx_word' id='word_1_624' title='bbox 1020 4121 1108 4181; x_wconf 85' lang='lat' dir='ltr'>novit</span> <span class='ocrx_word' id='word_1_625' title='bbox 1118 4117 1209 4210; x_wconf 72' lang='lat' dir='ltr'>⁸brevi</span> <span class='ocrx_word' id='word_1_626' title='bbox 1235 4114 1371 4185; x_wconf 83' lang='lat' dir='ltr'>suturam</span> <span class='ocrx_word' id='word_1_627' title='bbox 1397 4125 1542 4185; x_wconf 89' lang='lat' dir='ltr'>mercium</span> <span class='ocrx_word' id='word_1_628' title='bbox 1569 4129 1708 4200; x_wconf 90' lang='lat' dir='ltr'>copiam,</span> <span class='ocrx_word' id='word_1_629' title='bbox 1729 4143 1783 4188; x_wconf 89' lang='lat' dir='ltr'>aut</span> 
     </span>
     <span class='ocr_line' id='line_1_47' title="bbox 220 4197 1839 4276; baseline 0.002 -14"><span class='ocrx_word' id='word_1_630' title='bbox 220 4203 292 4262; x_wconf 83' lang='lat' dir='ltr'>tiae.</span> <span class='ocrx_word' id='word_1_631' title='bbox 313 4199 361 4264; x_wconf 85' lang='lat' dir='ltr'>lta</span> <span class='ocrx_word' id='word_1_632' title='bbox 380 4203 520 4267; x_wconf 80' lang='lat' dir='ltr'>laudatus</span> <span class='ocrx_word' id='word_1_633' title='bbox 535 4203 567 4264; x_wconf 56' lang='lat' dir='ltr'>s.›</span> <span class='ocrx_word' id='word_1_634' title='bbox 583 4202 642 4264; x_wconf 86' lang='lat' dir='ltr'>Th.</span> <span class='ocrx_word' id='word_1_635' title='bbox 661 4201 700 4265; x_wconf 91' lang='lat' dir='ltr'>ibi</span> <span class='ocrx_word' id='word_1_636' title='bbox 717 4212 773 4266; x_wconf 82' lang='lat' dir='ltr'>art.</span> <span class='ocrx_word' id='word_1_637' title='bbox 796 4220 821 4262; x_wconf 84' lang='lat' dir='ltr'>t·</span> <span class='ocrx_word' id='word_1_638' title='bbox 909 4238 917 4253; x_wconf 44' lang='lat' dir='ltr'>x</span> <span class='ocrx_word' id='word_1_639' title='bbox 1020 4197 1273 4276; x_wconf 47' lang='lat' dir='ltr'>penuriamqsrbi</span> <span class='ocrx_word' id='word_1_640' title='bbox 1302 4198 1388 4262; x_wconf 91' lang='lat' dir='ltr'>suum</span> <span class='ocrx_word' id='word_1_641' title='bbox 1417 4200 1513 4275; x_wconf 85' lang='lat' dir='ltr'>potest</span> <span class='ocrx_word' id='word_1_642' title='bbox 1542 4200 1662 4267; x_wconf 82' lang='lat' dir='ltr'>servare</span> <span class='ocrx_word' id='word_1_643' title='bbox 1687 4206 1784 4267; x_wconf 87' lang='lat' dir='ltr'>lecte·</span> <span class='ocrx_word' id='word_1_644' title='bbox 1836 4206 1839 4215; x_wconf 91' lang='lat'>&#39;</span> 
     </span>
    </p>

    <p class='ocr_par' dir='ltr' id='par_1_11' title="bbox 177 4277 1849 4599">
     <span class='ocr_line' id='line_1_48' title="bbox 177 4277 1849 4358; baseline 0.002 -17"><span class='ocrx_word' id='word_1_645' title='bbox 177 4283 215 4319; x_wconf 77' lang='lat'>⁸¹¹·</span> <span class='ocrx_word' id='word_1_646' title='bbox 263 4277 410 4344; x_wconf 71' lang='lat' dir='ltr'>iactantia</span> <span class='ocrx_word' id='word_1_647' title='bbox 432 4288 505 4345; x_wconf 84' lang='lat' dir='ltr'>it&#39;em</span> <span class='ocrx_word' id='word_1_648' title='bbox 525 4285 702 4345; x_wconf 79' lang='lat' dir='ltr'>continetur</span> <span class='ocrx_word' id='word_1_649' title='bbox 725 4286 755 4344; x_wconf 93' lang='lat' dir='ltr'>in</span> <span class='ocrx_word' id='word_1_650' title='bbox 783 4278 880 4347; x_wconf 85' lang='lat' dir='ltr'>specie</span> <span class='ocrx_word' id='word_1_651' title='bbox 900 4301 983 4344; x_wconf 78' lang='lat' dir='ltr'>nien·</span> <span class='ocrx_word' id='word_1_652' title='bbox 1020 4296 1113 4340; x_wconf 87' lang='lat' dir='ltr'>tum.</span> <span class='ocrx_word' id='word_1_653' title='bbox 1138 4277 1186 4340; x_wconf 87' lang='lat' dir='ltr'>Sic</span> <span class='ocrx_word' id='word_1_654' title='bbox 1207 4278 1438 4354; x_wconf 88' lang='lat' dir='ltr'>medicus,cui</span> <span class='ocrx_word' id='word_1_655' title='bbox 1459 4280 1636 4346; x_wconf 70' lang='lat' dir='ltr'>uotum&#39;ell</span> <span class='ocrx_word' id='word_1_656' title='bbox 1656 4283 1785 4358; x_wconf 82' lang='lat' dir='ltr'>aliquod</span> <span class='ocrx_word' id='word_1_657' title='bbox 1844 4334 1849 4345; x_wconf 94' lang='lat'>.</span> 
     </span>
     <span class='ocr_line' id='line_1_49' title="bbox 220 4355 1782 4441; baseline 0.004 -19"><span class='ocrx_word' id='word_1_658' title='bbox 220 4357 325 4441; x_wconf 86' lang='lat' dir='ltr'>dacii,</span> <span class='ocrx_word' id='word_1_659' title='bbox 354 4381 413 4436; x_wconf 90' lang='lat' dir='ltr'>quo</span> <span class='ocrx_word' id='word_1_660' title='bbox 436 4366 501 4437; x_wconf 87' lang='lat' dir='ltr'>quir</span> <span class='ocrx_word' id='word_1_661' title='bbox 528 4367 664 4440; x_wconf 83' lang='lat' dir='ltr'>exterius</span> <span class='ocrx_word' id='word_1_662' title='bbox 691 4359 720 4424; x_wconf 86' lang='lat' dir='ltr'>se</span> <span class='ocrx_word' id='word_1_663' title='bbox 743 4358 867 4424; x_wconf 90' lang='lat' dir='ltr'>exhibet</span> <span class='ocrx_word' id='word_1_664' title='bbox 896 4359 983 4439; x_wconf 89' lang='lat' dir='ltr'>supra</span> <span class='ocrx_word' id='word_1_665' title='bbox 1003 4355 1145 4431; x_wconf 82' lang='lat' dir='ltr'>speciale</span> <span class='ocrx_word' id='word_1_666' title='bbox 1171 4357 1325 4420; x_wconf 83' lang='lat' dir='ltr'>occultum</span> <span class='ocrx_word' id='word_1_667' title='bbox 1353 4359 1610 4426; x_wconf 90' lang='lat' dir='ltr'>medicamentum</span> <span class='ocrx_word' id='word_1_668' title='bbox 1633 4364 1670 4427; x_wconf 89' lang='lat' dir='ltr'>ad</span> <span class='ocrx_word' id='word_1_669' title='bbox 1701 4382 1782 4428; x_wconf 88' lang='lat' dir='ltr'>mor·</span> 
     </span>
     <span class='ocr_line' id='line_1_50' title="bbox 214 4435 1781 4519; baseline 0.003 -17"><span class='ocrx_word' id='word_1_670' title='bbox 214 4441 294 4515; x_wconf 92' lang='lat' dir='ltr'>quod</span> <span class='ocrx_word' id='word_1_671' title='bbox 315 4439 358 4502; x_wconf 90' lang='lat' dir='ltr'>esl</span> <span class='ocrx_word' id='word_1_672' title='bbox 382 4445 531 4519; x_wconf 74' lang='lat' dir='ltr'>interius,</span> <span class='ocrx_word' id='word_1_673' title='bbox 549 4440 583 4506; x_wconf 72' lang='grc' dir='ltr'>ἀ</span> <span class='ocrx_word' id='word_1_674' title='bbox 604 4440 670 4505; x_wconf 88' lang='lat' dir='ltr'>hacc</span> <span class='ocrx_word' id='word_1_675' title='bbox 691 4459 849 4519; x_wconf 87' lang='lat' dir='ltr'>peccatum</span> <span class='ocrx_word' id='word_1_676' title='bbox 865 4437 984 4517; x_wconf 79' lang='lat' dir='ltr'>ell,·u··</span> <span class='ocrx_word' id='word_1_677' title='bbox 1017 4437 1091 4499; x_wconf 89' lang='lat' dir='ltr'>bum</span> <span class='ocrx_word' id='word_1_678' title='bbox 1103 4435 1229 4512; x_wconf 83' lang='lat' dir='ltr'>aliquod·</span> <span class='ocrx_word' id='word_1_679' title='bbox 1253 4439 1484 4518; x_wconf 84' lang='lat' dir='ltr'>expellendum,</span> <span class='ocrx_word' id='word_1_680' title='bbox 1505 4440 1567 4506; x_wconf 88' lang='lat' dir='ltr'>stve</span> <span class='ocrx_word' id='word_1_681' title='bbox 1589 4443 1665 4505; x_wconf 83' lang='lat' dir='ltr'>alius</span> <span class='ocrx_word' id='word_1_682' title='bbox 1695 4463 1781 4508; x_wconf 87' lang='lat' dir='ltr'>arca·</span> 
     </span>
     <span class='ocr_line' id='line_1_51' title="bbox 214 4512 1780 4599; baseline 0.003 -17"><span class='ocrx_word' id='word_1_683' title='bbox 214 4527 268 4582; x_wconf 88' lang='lat' dir='ltr'>cet</span> <span class='ocrx_word' id='word_1_684' title='bbox 283 4540 344 4582; x_wconf 93' lang='lat' dir='ltr'>non</span> <span class='ocrx_word' id='word_1_685' title='bbox 366 4516 481 4596; x_wconf 88' lang='lat' dir='ltr'>semper</span> <span class='ocrx_word' id='word_1_686' title='bbox 502 4522 637 4585; x_wconf 79' lang='lat' dir='ltr'>lethale.</span> <span class='ocrx_word' id='word_1_687' title='bbox 1017 4539 1073 4580; x_wconf 82' lang='lat' dir='ltr'>nus</span> <span class='ocrx_word' id='word_1_688' title='bbox 1089 4515 1194 4579; x_wconf 83' lang='lat' dir='ltr'>modus</span> <span class='ocrx_word' id='word_1_689' title='bbox 1211 4519 1253 4580; x_wconf 87' lang='lat' dir='ltr'>tei</span> <span class='ocrx_word' id='word_1_690' title='bbox 1274 4512 1420 4585; x_wconf 79' lang='lat' dir='ltr'>faciendae</span> <span class='ocrx_word' id='word_1_691' title='bbox 1439 4555 1452 4599; x_wconf 89' lang='lat'>,·</span> <span class='ocrx_word' id='word_1_692' title='bbox 1470 4542 1531 4585; x_wconf 91' lang='lat' dir='ltr'>non</span> <span class='ocrx_word' id='word_1_693' title='bbox 1561 4542 1686 4586; x_wconf 91' lang='lat' dir='ltr'>tenetur</span> <span class='ocrx_word' id='word_1_694' title='bbox 1710 4523 1780 4586; x_wconf 86' lang='lat' dir='ltr'>aliis</span> 
     </span>
    </p>

    <p class='ocr_par' dir='ltr' id='par_1_12' title="bbox 209 4593 1933 5226">
     <span class='ocr_line' id='line_1_52' title="bbox 260 4593 1779 4683; baseline 0.006 -23"><span class='ocrx_word' id='word_1_695' title='bbox 260 4597 307 4661; x_wconf 84' lang='lat' dir='ltr'>Ad</span> <span class='ocrx_word' id='word_1_696' title='bbox 316 4597 542 4674; x_wconf 82' lang='lat' dir='ltr'>simulationem</span> <span class='ocrx_word' id='word_1_697' title='bbox 563 4604 697 4678; x_wconf 84' lang='lat' dir='ltr'>pertinet</span> <span class='ocrx_word' id='word_1_698' title='bbox 717 4603 816 4665; x_wconf 88' lang='lat' dir='ltr'>ironia</span> <span class='ocrx_word' id='word_1_699' title='bbox 827 4635 839 4677; x_wconf 35' lang='grc' dir='ltr'>,ι</span> <span class='ocrx_word' id='word_1_700' title='bbox 856 4601 981 4678; x_wconf 80' lang='lat' dir='ltr'>qualiic</span> <span class='ocrx_word' id='word_1_701' title='bbox 1016 4593 1207 4675; x_wconf 86' lang='lat' dir='ltr'>patefacere,</span> <span class='ocrx_word' id='word_1_702' title='bbox 1226 4594 1284 4659; x_wconf 84' lang='lat' dir='ltr'>nist</span> <span class='ocrx_word' id='word_1_703' title='bbox 1300 4599 1419 4676; x_wconf 91' lang='lat' dir='ltr'>quando</span> <span class='ocrx_word' id='word_1_704' title='bbox 1437 4619 1549 4680; x_wconf 73' lang='lat' dir='ltr'>agatur</span> <span class='ocrx_word' id='word_1_705' title='bbox 1569 4603 1607 4666; x_wconf 90' lang='lat' dir='ltr'>de</span> <span class='ocrx_word' id='word_1_706' title='bbox 1625 4601 1711 4668; x_wconf 85' lang='lat' dir='ltr'>bono¹</span> <span class='ocrx_word' id='word_1_707' title='bbox 1722 4624 1779 4683; x_wconf 87' lang='lat' dir='ltr'>pu·</span> 
     </span>
     <span class='ocr_line' id='line_1_53' title="bbox 212 4674 1713 4760; baseline -0.004 -18"><span class='ocrx_word' id='word_1_708' title='bbox 212 4687 278 4742; x_wconf 83' lang='lat' dir='ltr'>tlon</span> <span class='ocrx_word' id='word_1_709' title='bbox 302 4682 454 4755; x_wconf 88' lang='lat' dir='ltr'>accipitur</span> <span class='ocrx_word' id='word_1_710' title='bbox 487 4704 541 4760; x_wconf 89' lang='lat' dir='ltr'>pro</span> <span class='ocrx_word' id='word_1_711' title='bbox 565 4674 698 4758; x_wconf 73' lang='lat' dir='ltr'>figurata</span> <span class='ocrx_word' id='word_1_712' title='bbox 729 4680 901 4757; x_wconf 87' lang='lat' dir='ltr'>locutione,</span> <span class='ocrx_word' id='word_1_713' title='bbox 922 4705 980 4760; x_wconf 92' lang='lat' dir='ltr'>qua</span> <span class='ocrx_word' id='word_1_714' title='bbox 1015 4677 1112 4740; x_wconf 91' lang='lat' dir='ltr'>blico.</span> <span class='ocrx_word' id='word_1_715' title='bbox 1407 4722 1409 4727; x_wconf 84' lang='grc'>-</span> <span class='ocrx_word' id='word_1_716' title='bbox 1710 4747 1713 4754; x_wconf 42' lang='grc'><strong>,</strong></span> 
     </span>
     <span class='ocr_line' id='line_1_54' title="bbox 214 4757 1784 4842; baseline 0.004 -22"><span class='ocrx_word' id='word_1_717' title='bbox 214 4757 325 4835; x_wconf 88' lang='lat' dir='ltr'>aliquid</span> <span class='ocrx_word' id='word_1_718' title='bbox 346 4757 477 4826; x_wconf 89' lang='lat' dir='ltr'>irrisorie</span> <span class='ocrx_word' id='word_1_719' title='bbox 496 4765 679 4837; x_wconf 87' lang='lat' dir='ltr'>exprimitur</span> <span class='ocrx_word' id='word_1_720' title='bbox 699 4781 752 4837; x_wconf 90' lang='lat' dir='ltr'>pet</span> <span class='ocrx_word' id='word_1_721' title='bbox 775 4769 980 4840; x_wconf 88' lang='lat' dir='ltr'>contrarium,</span> <span class='ocrx_word' id='word_1_722' title='bbox 1054 4757 1186 4836; x_wconf 70' lang='lat' dir='ltr'>Colliget</span> <span class='ocrx_word' id='word_1_723' title='bbox 1201 4757 1231 4837; x_wconf 83' lang='lat'>3&#39;.</span> <span class='ocrx_word' id='word_1_724' title='bbox 1254 4759 1504 4826; x_wconf 75' lang='lat' dir='ltr'>veritatem‘elle</span> <span class='ocrx_word' id='word_1_725' title='bbox 1519 4759 1784 4842; x_wconf 59' lang='lat' dir='ltr'>supprimendamp</span> 
     </span>
     <span class='ocr_line' id='line_1_55' title="bbox 213 4835 1782 4921; baseline 0.003 -20"><span class='ocrx_word' id='word_1_726' title='bbox 213 4835 371 4914; x_wconf 69' lang='lat' dir='ltr'>se&#39;d‘prout</span> <span class='ocrx_word' id='word_1_727' title='bbox 392 4838 433 4904; x_wconf 86' lang='lat' dir='ltr'>cst</span> <span class='ocrx_word' id='word_1_728' title='bbox 454 4846 565 4921; x_wconf 85' lang='lat' dir='ltr'>specics</span> <span class='ocrx_word' id='word_1_729' title='bbox 584 4843 754 4917; x_wconf 88' lang='lat' dir='ltr'>mendacii,</span> <span class='ocrx_word' id='word_1_730' title='bbox 773 4863 832 4918; x_wconf 90' lang='lat' dir='ltr'>qua</span> <span class='ocrx_word' id='word_1_731' title='bbox 852 4846 920 4919; x_wconf 80' lang='lat' dir='ltr'>quir</span> <span class='ocrx_word' id='word_1_732' title='bbox 943 4844 980 4910; x_wconf 86' lang='lat' dir='ltr'>de</span> <span class='ocrx_word' id='word_1_733' title='bbox 1014 4838 1134 4915; x_wconf 82' lang='lat' dir='ltr'>quando</span> <span class='ocrx_word' id='word_1_734' title='bbox 1162 4835 1228 4917; x_wconf 83' lang='lat' dir='ltr'>stne</span> <span class='ocrx_word' id='word_1_735' title='bbox 1257 4843 1343 4902; x_wconf 84' lang='lat' dir='ltr'>tertii</span> <span class='ocrx_word' id='word_1_736' title='bbox 1377 4840 1490 4905; x_wconf 89' lang='lat' dir='ltr'>damno</span> <span class='ocrx_word' id='word_1_737' title='bbox 1519 4845 1572 4907; x_wconf 86' lang='lat' dir='ltr'>illa</span> <span class='ocrx_word' id='word_1_738' title='bbox 1608 4845 1697 4919; x_wconf 82' lang='lat' dir='ltr'>pandi</span> <span class='ocrx_word' id='word_1_739' title='bbox 1725 4863 1782 4906; x_wconf 56' lang='lat' dir='ltr'>ne*</span> 
     </span>
     <span class='ocr_line' id='line_1_56' title="bbox 213 4913 1777 5001; baseline 0.001 -19"><span class='ocrx_word' id='word_1_740' title='bbox 213 4916 244 4982; x_wconf 91' lang='lat' dir='ltr'>se</span> <span class='ocrx_word' id='word_1_741' title='bbox 270 4913 402 4988; x_wconf 86' lang='lat' dir='ltr'>affirmat</span> <span class='ocrx_word' id='word_1_742' title='bbox 427 4923 537 5000; x_wconf 88' lang='lat' dir='ltr'>aliquid</span> <span class='ocrx_word' id='word_1_743' title='bbox 558 4924 628 4987; x_wconf 89' lang='lat' dir='ltr'>mali</span> <span class='ocrx_word' id='word_1_744' title='bbox 639 4962 653 5001; x_wconf 92' lang='lat'>,-</span> <span class='ocrx_word' id='word_1_745' title='bbox 669 4924 755 4987; x_wconf 79' lang='lat' dir='ltr'>cuiue</span> <span class='ocrx_word' id='word_1_746' title='bbox 779 4920 830 4987; x_wconf 82' lang='lat' dir='ltr'>sibi</span> <span class='ocrx_word' id='word_1_747' title='bbox 847 4921 980 4990; x_wconf 85' lang='lat' dir='ltr'>conscius</span> <span class='ocrx_word' id='word_1_748' title='bbox 1014 4935 1125 4995; x_wconf 80' lang='lat' dir='ltr'>queat,</span> <span class='ocrx_word' id='word_1_749' title='bbox 1145 4926 1183 4981; x_wconf 85' lang='lat' dir='ltr'>ut&#39;</span> <span class='ocrx_word' id='word_1_750' title='bbox 1201 4918 1342 4983; x_wconf 87' lang='lat' dir='ltr'>Provetb.</span> <span class='ocrx_word' id='word_1_751' title='bbox 1363 4943 1390 4999; x_wconf 74' lang='lat'>4</span> <span class='ocrx_word' id='word_1_752' title='bbox 1416 4928 1548 4992; x_wconf 79' lang='lat' dir='ltr'>Remove</span> <span class='ocrx_word' id='word_1_753' title='bbox 1570 4945 1589 4986; x_wconf 82' lang='lat' dir='ltr'>a</span> <span class='ocrx_word' id='word_1_754' title='bbox 1608 4937 1688 4987; x_wconf 75' lang='lat' dir='ltr'>ieet</span> <span class='ocrx_word' id='word_1_755' title='bbox 1708 4939 1777 4999; x_wconf 79' lang='lat' dir='ltr'>pra·</span> 
     </span>
     <span class='ocr_line' id='line_1_57' title="bbox 211 4998 1933 5088; baseline 0.005 -26"><span class='ocrx_word' id='word_1_756' title='bbox 211 5001 339 5065; x_wconf 82' lang='lat' dir='ltr'>nonest</span> <span class='ocrx_word' id='word_1_757' title='bbox 377 5003 426 5065; x_wconf 84' lang='lat' dir='ltr'>vel</span> <span class='ocrx_word' id='word_1_758' title='bbox 449 5004 559 5082; x_wconf 83' lang='lat' dir='ltr'>aliquid</span> <span class='ocrx_word' id='word_1_759' title='bbox 578 5005 676 5088; x_wconf 74' lang='lat' dir='ltr'>magni</span> <span class='ocrx_word' id='word_1_760' title='bbox 693 5052 702 5082; x_wconf 91' lang='lat'><em>,</em></span> <span class='ocrx_word' id='word_1_761' title='bbox 719 5003 796 5080; x_wconf 89' lang='lat' dir='ltr'>quod</span> <span class='ocrx_word' id='word_1_762' title='bbox 812 5005 843 5065; x_wconf 93' lang='lat' dir='ltr'>in</span> <span class='ocrx_word' id='word_1_763' title='bbox 866 5002 896 5067; x_wconf 90' lang='lat' dir='ltr'>se</span> <span class='ocrx_word' id='word_1_764' title='bbox 918 5023 980 5070; x_wconf 90' lang='lat' dir='ltr'>non</span> <span class='ocrx_word' id='word_1_765' title='bbox 1013 5019 1115 5077; x_wconf 75' lang='lat' dir='ltr'>vum,</span> <span class='ocrx_word' id='word_1_766' title='bbox 1136 4999 1176 5065; x_wconf 60' lang='grc' dir='ltr'>(Τ</span> <span class='ocrx_word' id='word_1_767' title='bbox 1192 4998 1381 5064; x_wconf 64' lang='lat' dir='ltr'>detrahentia</span> <span class='ocrx_word' id='word_1_768' title='bbox 1399 5000 1475 5064; x_wconf 78' lang='lat' dir='ltr'>labia</span> <span class='ocrx_word' id='word_1_769' title='bbox 1485 5005 1545 5083; x_wconf 77' lang='lat' dir='ltr'>fini</span> <span class='ocrx_word' id='word_1_770' title='bbox 1561 5006 1663 5082; x_wconf 74' lang='lat' dir='ltr'>prorui</span> <span class='ocrx_word' id='word_1_771' title='bbox 1680 5024 1700 5066; x_wconf 78' lang='lat' dir='ltr'>a</span> <span class='ocrx_word' id='word_1_772' title='bbox 1720 5015 1777 5064; x_wconf 76' lang='lat' dir='ltr'>ie·</span> <span class='ocrx_word' id='word_1_773' title='bbox 1838 5076 1842 5085; x_wconf 51' lang='grc'><strong>,</strong></span> <span class='ocrx_word' id='word_1_774' title='bbox 1922 4999 1933 5042; x_wconf 88' lang='grc'>·’</span> 
     </span>
     <span class='ocr_line' id='line_1_58' title="bbox 209 5051 1836 5226; baseline 0 -80"><span class='ocrx_word' id='word_1_775' title='bbox 209 5051 418 5161; x_wconf 74' lang='lat' dir='ltr'>recognoscit.</span> <span class='ocrx_word' id='word_1_776' title='bbox 927 5157 930 5166; x_wconf 92' lang='lat'><em>.</em></span> <span class='ocrx_word' id='word_1_777' title='bbox 1015 5079 1158 5158; x_wconf 82' lang='lat' dir='ltr'>Idemque</span> <span class='ocrx_word' id='word_1_778' title='bbox 1174 5079 1271 5145; x_wconf 86' lang='lat' dir='ltr'>dicito</span> <span class='ocrx_word' id='word_1_779' title='bbox 1286 5081 1323 5146; x_wconf 88' lang='lat' dir='ltr'>de</span> <span class='ocrx_word' id='word_1_780' title='bbox 1337 5100 1464 5226; x_wconf 44' lang='lat' dir='ltr'>emittet</span> <span class='ocrx_word' id='word_1_781' title='bbox 1482 5084 1632 5160; x_wconf 85' lang='lat' dir='ltr'>loquendo</span> <span class='ocrx_word' id='word_1_782' title='bbox 1651 5095 1778 5160; x_wconf 85' lang='lat' dir='ltr'>poterat</span> <span class='ocrx_word' id='word_1_783' title='bbox 1826 5082 1836 5111; x_wconf 71' lang='lat'><strong><em>⁸</em></strong></span> 
     </span>
    </p>

    <p class='ocr_par' dir='ltr' id='par_1_13' title="bbox 1278 5182 1814 5246">
     <span class='ocr_line' id='line_1_59' title="bbox 1278 5182 1814 5246; baseline 0.007 -24"><span class='ocrx_word' id='word_1_784' title='bbox 1278 5199 1280 5203; x_wconf 68' lang='lat'>,</span> <span class='ocrx_word' id='word_1_785' title='bbox 1492 5182 1513 5221; x_wconf 76' lang='lat' dir='ltr'>a</span> <span class='ocrx_word' id='word_1_786' title='bbox 1673 5182 1743 5241; x_wconf 84' lang='lat' dir='ltr'>pro.</span> <span class='ocrx_word' id='word_1_787' title='bbox 1809 5239 1814 5246; x_wconf 82' lang='lat'><em>.</em></span> 
     </span>
    </p>
   </div>
   <div class='ocr_carea' id='block_1_2' title="bbox 0 0 2218 6000">
    <p class='ocr_par' dir='ltr' id='par_1_14' title="bbox 0 0 2218 6000">
     <span class='ocr_line' id='line_1_60' title="bbox 0 0 2218 6000; baseline 0 15"><span class='ocrx_word' id='word_1_788' title='bbox 0 0 2218 6000; x_wconf 95' lang='lat' dir='ltr'> </span> 
     </span>
    </p>
   </div>
  </div>
 </body>
</html>
