4425 6000
528 495 730 631 's’l'aicn
758 577 813 627 ne
844 553 1096 642 sauciaris
1127 554 1353 628 necteria
1379 552 1480 629 Cat.
1508 551 1572 628 tv.
1706 551 1784 654 cop
1846 626 1885 662 υ

262 659 335 735 quis
352 675 496 725 teneatur
518 677 572 740 per
589 656 725 721 accidens
746 654 776 717 l'e
790 655 1033 727 communicare,
1088 655 1119 717 ui
1140 651 1182 718 eli
1200 652 1350 718 Parocltue
1371 656 1468 719 totius
1484 647 1647 730 Dioecesrs,
1666 671 1730 717 non
1746 651 1836 724 satis·¹

261 758 345 818 puta
370 739 405 804 ad
424 736 591 803 vincendas
618 737 833 810 tentationes,
875 731 1033 821 prudentis
1067 677 1185 797 saceret
1222 753 1401 810 praecepto,
1425 750 1459 797 ut
1491 749 1578 808 patet
1606 751 1647 796 eit
1670 731 1846 805 dissutam

264 817 382 887 iudicio
396 817 439 883 est
457 816 701 893 relinquendum.
721 813 844 896 Sylvius
859 831 930 876 cuni
948 810 1032 872 aliis.
1067 811 1188 894 Concil.
1213 815 1439 878 sarciemus
1469 809 1623 891 utriusque
1647 807 1738 891 sexus
1756 812 1836 876 .·Et

306 907 418 966 Praeter
440 917 514 960 vero
534 894 673 958 divinum
689 907 875 970 praeoeptuin
887 890 928 952 de
943 888 1032 981 ¹sacra
1069 895 1113 956 ita
1132 891 1315 957 'declaravit
1342 889 1424 957 sacra
1438 891 1648 965 cardinalium
1663 892 1837 972 Congrege-

257 975 454 1046 'Euclratistia
474 974 639 1049 sumenda,
662 972 696 1037 δι
714 976 745 1033 in
763 974 870 1035 mortis
887 967 1033 1046 periculo,
1069 975 1114 1036 tio
1133 991 1216 1036 anno
1239 970 1327 1052 1683.
1349 970 1547 1037 satisfaceret
1568 971 1690 1047 quidem
1711 971 1841 1036 inomni-

259 1063 299 1127 &
322 1063 431 1138 pluries
448 1060 478 1119 in
500 1053 834 1135 vitaedecurlu,extat
850 1051 1032 1190 etiaerae·
1067 1051 1127 1116 alia
1146 1051 1299 1125 Ecclesia.
1319 1071 1394 1129 puta
1413 1051 1555 1117 etiamR
1593 1052 1724 1115 ulariurn
1743 1050 1781 1115 de
1800 1052 1835 1112 li·

263 1159 388 1217 ceptum
408 1133 665 1208 ecclesiasticum,
687 1150 748 1207 quo
768 1147 909 1194 tenemur
930 1149 946 1192 a
988 1124 1032 1190 sa·
1065 1136 1168 1195 centia
1185 1150 1247 1194 non
1273 1130 1369 1195 solnm
1385 1128 1553 1209 expressa„
1580 1128 1617 1193 ed
1633 1134 1728 1198 etiam
1747 1147 1834 1196 certo

264 1243 349 1285 cram
368 1220 534 1299 Synairim.
557 1213 596 1275 Er
612 1216 692 1276 circa
714 1212 770 1274 hoc
780 1209 948 1272 notandum
958 1207 1032 1268 lem·
1068 1207 1250 1288 praesumpta
1272 1209 1427 1289 Episcopi,
1448 1210 1498 1273 vel
1514 1208 1644 1274 sarocbi
1662 1256 1672 1287 ,
1687 1211 1759 1286 quia
1779 1210 1834 1274 ha-

265 1320 319 1378 pet
344 1295 432 1365 suiii'e
457 1294 595 1359 eumdem
623 1309 736 1354 morem
765 1291 795 1351 in
821 1284 952 1351 Ecclesia
979 1305 1034 1362 pro
1066 1292 1138 1355 bens
1155 1291 1250 1353 talem
1269 1290 1487 1356 certitudinem
1513 1289 1661 1352 moralem
1676 1290 1713 1354 de
1744 1292 1835 1354 Paro·

265 1379 350 1443 sacra
366 1375 608 1440 communione.
628 1370 709 1433 Nam
727 1372 827 1445 primis
845 1363 1031 1441 temporibus
1066 1370 1114 1433 cbi
1132 1371 1296 1434 voluntate
1319 1367 1380 1444 ,st
1400 1367 1437 1432 de
1455 1373 1521 1432 eius
1538 1368 1664 1432 licentia
1683 1369 1714 1434 id
1733 1366 1834 1434 facere

265 1458 372 1522 fideles
389 1453 526 1532 quotidie
545 1448 811 1515 communicabant
831 1494 840 1523 ,
868 1465 904 1509 ut
926 1443 1028 1508 Assur.
1066 1446 1225 1514 eensetur.
1243 1449 1290 1512 lta
1307 1448 1393 1513 Suae.
1410 1448 1447 1512 de
1462 1451 1549 1526 Lugo
1564 1447 1730 1513 cumaliic.
1746 1448 1835 1525 Qua·

266 1559 296 1598 2.
348 1535 524 1599 trdurantes
551 1531 737 1594 unanimiter
766 1525 967 1603 intemplo,
998 1525 1032 1588 dt
1068 1548 1099 1591 te
1119 1533 1170 1604 qui
1189 1527 1375 1594 bebdomada
1404 1523 1504 1592 sansla
1528 1528 1771 1594 communicavit
1801 1529 1832 1594 in

266 1560 496 1694 potisvetantcs
524 1609 555 1671 in
574 1609 851 1672 communicatione
872 1602 1032 1668 stadlionis
1068 1605 1201 1674 Ecclesia
1222 1608 1442 1695 Regularium,
1463 1606 1552 1672 debet
1569 1605 1764 1671 nihilominus
1786 1609 1834 1670 ῑῃ.

259 1700 353 1764 ⁴tanis
375 1689 643 1757 scotationibus.
678 1687 751 1752 Non
779 1683 900 1773 conllat
928 1702 1032 1748 tamen
1068 1705 1116 1752 tra
1135 1689 1353 1764 quindennium
1380 1687 1523 1753 Palclrale
1550 1691 1777 1751 communicare
1803 1689 1835 1750 in

265 1773 347 1840 hanc
370 1767 647 1844 consuetudinem,
675 1765 738 1841 post
769 1767 875 1843 priora
897 1780 1032 1841 tempora
1067 1771 1191 1845 propria
1220 1766 1365 1831 Parochia
1395 1788 1448 1844 per
1471 1785 1580 1831 manus
1603 1767 1647 1831 lui
1675 1765 1831 1841 Parocbi,

269 1854 371 1930 aliqua
389 1845 665 1932 legeeccleiiailica
687 1842 795 1934 saltem
816 1840 1032 1907 universaliter
1069 1848 1119 1910 vel
1138 1850 1204 1910 eius
1228 1847 1293 1910 dele
1315 1848 1378 1911 ati.
1411 1844 1502 1909 Ficta
1536 1863 1640 1910 tamen
1670 1848 1751 1909 intra
1770 1845 1835 1908 diet

267 1927 533 1996 statutamsnitle.
566 1926 646 1987 Nam
669 1935 725 1987 etii
755 1922 922 1987 Anacletns
950 1923 1031 1984 dicat
1068 1923 1261 1989 bebdomadae
1295 1923 1392 1990 anea
1417 1925 1691 1989 Communionein
1711 1921 1765 1989 sua
1779 1926 1836 1989 ea·

269 2017 301 2076 in
318 2008 370 2075 sua
388 2008 477 2085 Epill.
500 2010 620 2071 Ptrafla
641 2003 1033 2144 cousecrcrrerfomriercnm·
1068 2007 1192 2083 rochia,
1212 2002 1309 2081 potest
1326 2005 1391 2067 aliis
1411 2004 1581 2080 quindecim
1596 1999 1699 2069 diebus
1715 2002 1837 2068 httiusce

267 2089 440 2157 munirentr
463 2088 596 2163 loquitur
617 2103 721 2149 tamen
737 2086 774 2145 de
793 2084 824 2148 [ο
839 2078 1033 2172 itMinillris,
1067 2083 1273 2160 quindennae,
1303 2088 1400 2149 etiam
1429 2083 1477 2147 die
1507 2085 1568 2158 ipsa
1598 2081 1836 2149 Resurreslionis

269 2191 305 2235 ut
336 2190 376 2232 eit
399 2169 570 2235 Hincmaro
605 2165 701 2229 tradit
729 2161 902 2227 Turrianus
932 2159 983 2222 lib.
1003 2177 1030 2222 t.
1068 2165 1192 2229 Domini
1207 2161 1656 2229 communicareinBcclesiaR
1694 2163 1837 2232 ularium.

261 2267 391 2333 proten.
411 2245 633 2325 Apost.eap.22.
653 2239 868 2306 Huiuscemodi
887 2258 1032 2332 moruer-
1068 2243 1116 2308 lta
1139 2244 1299 2308 Navarrus
1320 2291 1329 2315 .
1357 2241 1390 2309 δι
1411 2247 1456 2308 ita
1472 2242 1641 2308 declaravit
1657 2182 1747 2308 esiscia
1759 2242 1837 2307 Car·

269 2330 395 2393 duravit
419 2327 525 2388 Romae
547 2321 635 2399 usque
658 2321 843 2397 adternpota
859 2318 887 2383 D
903 2321 941 2409 ἱΡ.
957 2317 1033 2380 Hie·
1069 2324 1216 2390 dinalium
1231 2324 1455 2402 congregatio,
1473 2322 1616 2400 quidquid
1636 2323 1690 2390 alii
1711 2324 1836 2386 incon·

271 2411 415 2492 tonitrui,
437 2423 472 2468 ut
491 2421 576 2481 patet
596 2423 635 2467 ex
657 2399 815 2480 elustutst·
834 2400 1032 2490 51·l¹tutlet·
1070 2401 1199 2469 tralrium
1218 2400 1376 2466 sentiant.
1404 2403 1543 2486 Sylvius.
1565 2401 1741 2473 Sacerdotes
1763 2420 1837 2466 veto
1920 2471 1925 2481 ,

272 2493 334 2552 iam
344 2490 374 2548 1¹³
385 2482 586 2562 Hispaniam
596 2479 767 2545 lsselusdssffl
778 2479 874 2556 09³8·
887 2477 1032 2560 Sillim·
1068 2483 1258 2550 celebrantes
1278 2500 1368 2546 extra
1391 2485 1538 2559 propriam
1554 2483 1731 2556 parochiani
1749 2479 1838 2546 satis·

311 2565 445 2629 Fervore
469 2579 574 2626 antem
598 2562 746 2640 paulatim
776 2564 939 2649 imminuto
960 2574 1034 2619 con·
1069 2560 1185 2628 faciunt
1211 2579 1364 2639 praecepto
1392 2560 1591 2627 ecclesiastico
1620 2582 1729 2626 annuae
1747 2561 1839 2625 Corn·

269 2647 436 2710 sueverunt
456 2641 560 2706 fideles
588 2644 809 2705 communicare
836 2638 955 2716 lingulis
971 2636 1034 2700 Do·
1070 2645 1241 2707 muttonis.
1258 2641 1310 2707 lta·
1321 2642 1404 2704 enim
1419 2638 1487 2705 ulus
1502 2638 1665 2708 obtinuisse
1687 2641 1833 2707 videtur.

266 2730 390 2792 ‚ininicis
409 2720 445 2786 ul'
462 2743 500 2785 ue
521 2723 555 2784 ad
574 2740 702 2785 aetatem
724 2721 754 2782 S.
778 2715 937 2796 Augustini
961 2763 970 2791 ,
999 2730 1033 2778 ut
1069 2725 1119 2788 Sic
1139 2721 1433 2805 laudatuisylvins.

248 2825 360 2884 paret
386 2823 424 2866 eir
471 2800 593 2865 ennadii
620 2800 696 2863 libro
720 2802 757 2863 de
784 2795 878 2877 eccles.
905 2796 1032 2875 dogmat.
1108 2803 1172 2880 Qui
1211 2819 1285 2866 ante
1313 2799 1517 2878 quindennem
1552 2802 1583 2863 in
1612 2799 1665 2864 sua
1690 2799 1839 2866 Parocbia

271 2906 337 2961 cap.
356 2899 401 2962 53.
420 2882 492 2945 Non
507 2879 625 2944 conllat
654 2896 760 2943 tamen
776 2900 852 2942 num
875 2879 939 2942 hac
954 2894 1035 2961 com-
1070 2881 1310 2947 communicavit
1331 2924 1341 2957 ,
1361 2895 1486 2943 tenetur
1506 2884 1617 2944 iterum
1639 2879 1690 2944 l'ub
1707 2882 1838 2945 mortali

271 2967 380 3030 niuniu
395 2967 426 3026 in
446 2959 567 3041 singulis
589 2959 756 3024 Dominicis
773 2958 862 3023 fieret
880 2959 1036 3022 univerit·
1072 2962 1111 3027 ibi
1139 2962 1366 3026 conununicare
1387 2962 1472 3023 intra
1498 2962 1704 3039 quindennem
1725 3008 1747 3036 ,.
1767 2966 1839 3037 quia

273 3044 349 3108 liter
373 3093 382 3119 ,
404 3042 438 3108 ἀ
457 3062 496 3105 ert
520 3059 673 3118 praecepto
685 3086 696 3116 ,
709 3061 780 3104 curn
802 3037 903 3103 inulto
920 3052 993 3113 ante
1015 3053 1032 3096 a
1065 3043 1192 3120 quando
1212 3053 1459 3118 perproeceptum
1474 3039 1694 3107 determinatur
1710 3058 1838 3122 tenipus,

272 3122 412 3189 Fabiano
432 3119 607 3195 Posstlfist,
634 3124 686 3197 qui
710 3120 852 3199 regnavit
876 3134 951 3183 ³¹²oe
970 3134 1035 3179 me·
1073 3139 1259 3200 praeteptum
1289 3124 1409 3198 integre
1438 3118 1544 3186 saltem
1572 3140 1633 3185 non
1658 3123 1802 3198 impletur
1827 3169 1836 3199 ,

272 3204 355 3269 dium
376 3206 505 3267 tertium
535 3199 678 3263 saeculum
709 3196 858 3264 statutum
883 3196 977 3289 suerit
996 3194 1033 3257 de
1072 3200 1125 3269 nisi
1143 3220 1181 3266 eo
1207 3219 1344 3279 ternpore
1365 3199 1485 3272 llatuto
1506 3249 1514 3274 ,
1537 3220 1598 3263 non
1622 3196 1766 3266 secusac
1787 3204 1839 3276 qui

274 3282 398 3361 consecr.
420 3283 445 3344 d.
467 3300 494 3340 2.
512 3303 538 3343 r.
557 3282 626 3359 rifi,
646 3297 681 3344 ut
701 3277 720 3340 fi
744 3299 804 3342 non
825 3274 1037 3355 frequentius,
1071 3283 1119 3346 die
1147 3280 1270 3348 Sabbati
1300 3282 1386 3345 lacto
1406 3275 1549 3345 interfuit
1572 3327 1580 3354 ,
1609 3301 1671 3345 non
1696 3279 1740 3344 eli
1766 3279 1842 3346 libet

274 3381 324 3426 ter
342 3360 449 3424 saltem
465 3362 496 3445 in
514 3380 595 3422 anno
620 3359 685 3424 laici
709 3358 843 3424 boniinea
864 3359 1035 3422 cornuuni-
1073 3364 1110 3427 ab
1128 3361 1314 3441 obligatione
1335 3359 1399 3437 ipso
1428 3358 1623 3424 interessendi
1646 3359 1778 3424 crastino
1793 3361 1847 3429 dio

273 3446 421 3505 tarentin
435 3438 598 3515 Palcltate,
614 3436 1037 3519 Pentecnsse‚&Nativitare
1071 3444 1264 3516 Dominico,
1287 3459 1323 3505 ut
1346 3461 1385 3503 ex
1407 3441 1523 3505 arcuati
1549 3440 1637 3504 Rom,
1656 3439 1706 3504 ubi
1730 3440 1769 3505 de
1796 3445 1843 3504 jn.

272 3522 420 3596 Domini,
437 3516 488 3581 nisi
511 3518 591 3582 sorte
611 3523 674 3592 quis
690 3514 1037 3581 maioribnscriminibus
1072 3524 1186 3594 firmis,
1206 3523 1257 3596 qui
1278 3537 1353 3584 ante
1375 3536 1492 3595 tempus
1510 3516 1653 3584 Paschale
1671 3523 1841 3585 communi·

273 3601 351 3662 esset
373 3599 550 3671 impeditus.
573 3596 612 3658 Et
622 3601 665 3660 ita
684 3599 778 3661 etiam
800 3592 950 3658 statutum
978 3590 1037 3655 fuit
1072 3618 1203 3666 carone.
1219 3599 1268 3662 Sic
1285 3601 1314 3661 P.
1339 3600 1477 3663 Antoine
1496 3620 1566 3661 cuin
1586 3601 1672 3663 aliis.

271 3682 305 3743 iii
322 3677 461 3741 Concilio
479 3674 647 3739 Arelatens
668 3675 824 3740 celebrato
842 3695 924 3739 anuo
945 3675 1012 3749 506·
1072 3730 1075 3737 .
1112 3679 1202 3743 Circa
1223 3696 1296 3743 vero
1315 3676 1616 3741 annosdiscretionis
1638 3680 1673 3741 ad
1709 3699 1843 3745 nostum
1858 3690 1982 3757 orteia.

317 3757 459 3822 Tandem
477 3774 553 3818 vero
567 3776 637 3820 cum
657 3776 711 3818 nec
741 3754 813 3838 illud
833 3751 1008 3816 servaretur
1030 3799 1038 3828 ,
1094 3760 1271 3822 erpenetint
1288 3756 1394 3820 fideles
1410 3776 1515 3821 omnes
1535 3757 1664 3834 0b130315
1686 3698 1767 3823 sum
1788 3750 1920 3827 ἀλωάς
1931 3756 1983 3809 iar

272 3842 307 3905 iu
326 3838 468 3901 Concilio
483 3837 629 3922 Lateran·
651 3853 759 3912 quarto
781 3833 833 3898 iub
852 3832 957 3925 lnnoo
982 3830 1036 3893 lll·
1072 3781 1140 3904 bito
1161 3834 1307 3903 Pascbalis
1325 3836 1583 3916 commmunia,
1612 3856 1648 3903 ea
1671 3835 1714 3901 ell
1733 3856 1813 3907 aetas
1832 3886 1842 3919 ,
1859 3822 1981 3933 w&-

273 3936 464 3997 praeceptum
486 3917 545 3978 luit
572 3911 625 3979 snb
649 3932 739 3991 uoeua
765 3912 973 3999 amthemitls
994 3909 1038 3975 fe·
1074 3922 1107 3982 in
1122 3908 1181 3994 qua
1202 3915 1332 3985 habetur
1354 3916 1504 3983 lufficiene
1524 3912 1599 3982 usus
1619 3919 1777 3995 cationis,
1800 3937 1897 3997 utitis
1927 3897 1976 3995 “sd

274 3996 377 4062 rendae
397 4046 405 4075 ,
435 4014 469 4060 ut
486 4015 591 4058 omncs
608 3998 762 4070 utriulque
789 3996 878 4058 lexus
906 3992 1010 4057 fideles
1031 4039 1040 4068 ,
1074 3994 1198 4062 discerni
1219 4014 1312 4074 queat
1332 4018 1441 4075 corpus
1461 3995 1573 4061 Chrilli
1595 3996 1634 4062 ab
1654 3996 1721 4064 aliis
1740 4000 1815 4067 cibis
1830 4048 1841 4082 ,
1857 4020 1978 4059 mutau-

273 4082 325 4154 qui
355 4077 390 4139 ad
418 4096 513 4160 annos
534 4074 721 4140 dilctetionis
750 4077 974 4160 pervenerint,
1003 4074 1039 4139 ad
1073 4077 1107 4143 ἃ
1138 4099 1209 4161 cum
1235 4076 1337 4141 debita
1375 4079 1577 4154 reverentia,
1613 4098 1647 4143 ac
1672 4077 1841 4147 devotione
1858 4069 1982 4127 '¹⁰⁰‘¹¹¹·

271 4159 372 4220 niinus
400 4160 432 4219 in
449 4153 558 4220 Pascha
580 4171 758 4220 reverenter
786 4151 965 4229 siilcipetent
987 4153 1040 4216 Sa·
1075 4159 1217 4235 percipi,
1243 4156 1323 4234 quod
1347 4160 1380 4220 in
1400 4155 1468 4222 aliis
1487 4159 1606 4233 citius,
1634 4176 1742 4235 nempe
1761 4161 1845 4227 circa

272 4253 467 4305 piamentum
494 4232 710 4299 Eucbatisliae.
737 4233 774 4296 Et
803 4231 1040 4318 liocconfirma·
1075 4256 1189 4309 annrnn
1214 4233 1311 4302 io&
1336 4255 1383 4299 ta.
1412 4239 1444 4299 in
1475 4238 1544 4303 aliia
1571 4233 1663 4301 serius
1693 4240 1775 4303 circa
1792 4259 1841 4321 14.

274 4334 342 4379 tum
361 4312 421 4379 suit
434 4319 533 4379 eriam
550 4312 803 4379 inConcil.Trid.
822 4311 935 4392 sellio
948 4312 1041 4376 Tem·
1073 4319 1182 4383 contin
1204 4319 1249 4393 it,
1268 4316 1341 4381 licet
1358 4317 1439 4394 ptius
1458 4318 1542 4394 pue'ri
1566 4318 1747 4381 censeantur
1762 4319 1843 4383 obli.

316 4415 349 4459 te
366 4412 471 4459 autern
486 4395 541 4456 illo
556 4391 674 4460 Pascha
697 4393 1042 4483 ituttadeclarationetn
1075 4400 1139 4476 gari
1162 4338 1201 4459 as
1214 4390 1439 4460 consessionem
1457 4442 1467 4474 ,
1491 4398 1561 4473 quia
1590 4395 1627 4457 ad
1643 4394 1844 4464 Communio-

305 4477 407 4553 ergenii
431 4473 483 4537 lV.
506 4475 538 4535 in
559 4471 650 4538 Bulla
670 4475 746 4538 Fide
764 4475 855 4553 digna
877 4495 894 4538 a
916 4473 1042 4538 Navar-
1076 4496 1145 4541 nem
1166 4475 1231 4551 plut
1248 4476 1412 4551 requiritur
1434 4473 1644 4551 discretionis,
1663 4474 1844 4553 devotionis

272 4574 312 4620 ro
342 4556 441 4619 relata
462 4601 471 4630 ,
496 4550 531 4621 st
551 4550 637 4618 usum
656 4552 826 4631 Ecclesia,
854 4553 1042 4640 intelligitur
1076 4577 1112 4621 ac
1127 4560 1333 4633 reverentiae}
1363 4548 1512 4621 lta‘euim
1532 4576 1587 4633 pro
1603 4552 1732 4621 l'ubicsla
1747 4575 1848 4623 ritate·

273 4650 346 4701 tota
369 4633 545 4711 quindenna
570 4654 588 4697 a
610 4634 773 4699 Dominica
795 4634 967 4699 Palmatum
994 4640 1040 4697 ul·
1076 4639 1121 4699 ria
1142 4630 1274 4697 Ecclesia
1294 4638 1518 4712 interpretatur
1549 4655 1646 4714 praece
1668 4653 1700 4701 ta
1719 4635 1788 4702 Con
1821 4632 1846 4717 s·

274 4735 335 4792 que
349 4715 387 4779 ad
403 4715 596 4778 Dominicam
613 4719 646 4776 in
662 4713 750 4779 Albis
767 4710 989 4790 inclusive,&
1010 4716 1041 4775 in
1076 4713 1165 4780 sionis
1185 4714 1219 4779 δι
1239 4713 1500 4793 Conimunionis,
1527 4713 1561 4780 δι
1583 4658 1780 4781 Euesatistia
1820 4718 1846 4780 i-

273 4813 339 4860 uno
353 4793 461 4863 borum
476 4796 593 4860 dierum
606 4790 806 4871 unusquisque
816 4792 903 4858 debet
921 4794 949 4856 le
958 4814 1039 4857 eom·
1076 4797 1178 4873 gnitas
1197 4796 1393 4858 maturiorem
1409 4814 1554 4870 atatem,
1572 4796 1605 4860 δι
1626 4799 1848 4862 maioremeiti·

273 4876 438 4939 munitate
463 4877 494 4937 in
523 4878 642 4953 propria
670 4872 816 4937 Parocbia
836 4923 844 4949 ,
866 4876 999 4947 alioquin
1020 4872 1041 4935 li
1078 4879 1122 4953 git
1141 4871 1373 4950 discretionem,
1395 4893 1428 4938 ut
1449 4878 1650 4943 convenienti
1680 4873 1849 4952 dispositio-

273 4953 400 5019 aliuude
419 4951 450 5019 se
469 4957 710 5019 communicaret
734 4975 797 5019 non
819 4950 915 5018 solum
935 4957 967 5015 in
985 4952 1041 5017 Ec·
1079 4976 1117 5018 ne
1139 4975 1173 5017 ac
1190 4952 1360 5017 devotione
1377 4951 1451 5019 sumi
1469 4973 1585 5035 queat.
1611 4956 1690 5020 Cum
1710 4957 1805 5035 igitur
1826 4977 1846 5025 a

273 5030 366 5098 clefia
381 5034 598 5115 Regularium,
617 5030 666 5098 sed
685 5037 778 5098 etiam
798 5035 830 5095 in
852 5029 913 5110 ipsa
929 5032 1043 5098 Cathe-
1078 5032 1215 5097 fidelibus
1235 5033 1384 5097 intrato.
1403 5054 1519 5100 annum
1546 5057 1581 5101 ac
1600 5056 1646 5116 iq.
1679 5040 1852 5101 conmuni·

243 5156 248 5163 ι
273 5112 351 5195 diali
381 5110 443 5187 line
474 5112 601 5187 licentia
628 5114 780 5195 Parorhi,
805 5113 855 5185 vel
884 5108 1044 5195 Episcopi,
1079 5130 1128 5181 ter
1147 5111 1205 5181 boc
1220 5110 1444 5195 sacamentum
1460 5113 1640 5197 suscipiatur
1668 5115 1849 5207 obplenum

1103 5256 1105 5261 .
1328 5248 1330 5253 -
1712 5209 1811 5267 tatto·
