4425 6000
581 453 794 528 Tener.
820 448 1063 524 velunt.
1097 441 1453 526 teruncii».
1477 439 1534 518 ll.
1745 471 1801 545 ²7.

257 555 435 641 ‘aemil
450 551 537 622 ulum
557 553 679 618 ratione
696 548 758 618 surr
777 545 986 618 iurisdillionlr
1006 551 1039 610 in
1075 546 1140 623 ria;
1163 565 1198 609 ac
1218 543 1344 621 proinde
1359 564 1429 616 cum
1450 544 1599 636 inventor
1621 543 1708 638 prior
1723 537 1847 632 luerit,

260 644 416 724 populum
445 637 683 702 convenientem
710 630 862 705 excedat,
882 627 1040 704 restituere
1063 627 1128 704 ,qni
1147 621 1603 702 illuminveniendooccupavit
1627 631 1850 712 rurenaturali,

260 725 381 789 damna
395 734 593 798 quaecumque
608 709 733 789 fecerit,
750 732 811 776 non
827 711 1039 780 mininacalii
1073 704 1110 774 δι
1130 709 1267 786 gentium
1293 709 1412 784 integre
1425 703 1463 800 ad
1486 705 1582 799 ipsum
1600 671 1845 800 lpediaredebet.

267 803 437 885 oppidani,
455 799 529 863 lieet
548 794 594 858 illi
609 796 722 859 timore
738 813 774 858 ac
796 793 974 858 reverentia
989 791 1042 856 do·
1108 785 1382 852 ‘Secundum-vero
1402 781 1625 881 dispositionem
1649 786 1724 854 ruris
1745 791 1847 858 civilis

267 886 346 948 mini
367 902 431 947 non
445 878 581 944 audeant
592 871 871 952 compenlariouem
881 891 1038 950 reperere.
1071 872 1246 958 communis
1268 913 1277 944 ,
1299 865 1371 931 idest
1390 867 1553 946 ‚Rimani,
1580 881 1618 960 ut
1646 863 1748 933 lnllit.
1777 871 1845 936 la.

268 961 338 1044 lpse
360 981 435 1041 erpo
465 955 561 1024 solum
590 963 707 1033 poterit
734 952 843 1034 (sicuti
857 953 915 1018 alii
929 953 1039 1026 river)
1077 959 1126 1013 m.
1141 968 1170 1016 r.
1188 953 1220 1024 5.
1239 963 1287 1027 39.
1304 945 1849 1040 sirhelaururinrrniaturadomino

265 1041 391 1124 pascere
407 1045 439 1106 in
455 1038 502 1104 hir
523 1036 598 1102 locis
615 1083 626 1116 ,
644 1053 701 1102 aut
721 1035 839 1114 liguare
856 1036 955 1099 eriam
968 1054 1039 1099 cum
1077 1024 1184 1106 fundi,
1203 1028 1481 1106 quomodocunque
1499 1027 1756 1120 illumrnveniat,
1773 1030 1849 1098 idest

267 1125 375 1200 aliquo
390 1120 515 1194 errcellu
535 1137 589 1195 pro
603 1119 671 1182 eiua
682 1120 805 1182 maiore
813 1113 985 1196 dignitate,
1005 1117 1039 1182 vi
1076 1105 1295 1186 siveforruito,
1306 1109 1416 1174 fiveex
1429 1105 1579 1188 propofiro
1590 1105 1845 1193 illumquaerenr,

266 1207 357 1270 cuiue
376 1201 610 1276 Covarruvias,
625 1194 661 1262 δι
682 1197 772 1277 Lugo
792 1195 927 1260 alierunt
945 1194 1041 1271 ipi'um
1077 1189 1241 1255 modonon
1250 1187 1404 1266 quaeslerit
1420 1207 1487 1256 arte
1497 1189 1597 1268 aliqua
1609 1186 1722 1267 legibus
1732 1189 1849 1272 odiosa,

267 1284 353 1362 polle
380 1282 523 1360 lignare,
552 1273 729 1356 &pascere
753 1296 861 1354 pecora
886 1278 919 1338 in
947 1275 1042 1356 duplo
1077 1273 1289 1359 putamagica
1310 1318 1319 1348 ,
1340 1288 1433 1334 torus
1453 1267 1497 1336 est
1519 1272 1729 1364 inventoris,
1755 1272 1776 1336 l.
1798 1291 1846 1336 ιο.

268 1383 368 1442 quam
381 1358 488 1442 singuli
506 1379 547 1426 ex
571 1361 731 1437 precipuis
749 1356 923 1436 oppidanis.
1070 1350 1137 1416 rod.
1153 1362 1200 1416 tir.
1220 1371 1236 1414 r
1242 1370 1269 1428 5.
1283 1350 1384 1428 Quod
1404 1348 1423 1412 [ι
1446 1354 1601 1414 invenerit
1618 1368 1649 1417 ru
1670 1349 1768 1432 loco,
1794 1375 1849 1418 cu.

1079 1435 1126 1494 ius
1148 1433 1298 1496 inventor
1317 1450 1381 1494 non
1403 1427 1438 1494 fit
1457 1427 1602 1506 perierint
1622 1428 1762 1496 dominus
1778 1479 1789 1511 ,
1805 1431 1849 1496 di-

568 1521 596 1585 ⁵.
638 1516 742 1584 XIV.
1080 1509 1185 1576 videre
1204 1510 1293 1576 debet
1312 1531 1353 1575 ex
1371 1529 1540 1586 aequocunr
1559 1512 1686 1587 eo,·qui
1703 1513 1849 1589 cumiplo

273 1630 1043 1801 ⁰*frenarent{aaran
1077 1588 1849 1752 llt‘dlirdaun·,latrinae-in

420 1796 545 1864 „n
1075 1747 1848 1910 inserentium”allateret

310 1914 396 1991 Quia
416 1915 557 1980 inventio
584 1910 628 1978 ell
653 1912 792 1989 uuaedam
814 1909 926 1991 species
946 1934 1042 1980 occu·
1074 1911 1169 1978 domo
1194 1911 1251 1978 ¹srlri
1270 1915 1508 1991 oppignorata,
1536 1909 1599 1978 sive
1625 1909 1790 1978 condullor
1814 1916 1847 1978 in

270 1998 409 2074 parionis
425 2014 525 2059 rerum
546 2041 555 2070 ‚
573 2013 640 2071 quae
662 1992 826 2071 aliquando
843 1993 962 2069 quidem
978 1991 1042 2060 fue·
1075 2013 1176 2075 agm,
1195 1991 1258 2060 live
1279 1995 1312 2056 in
1331 1994 1422 2060 dono
1437 1991 1489 2057 sibi
1510 1987 1673 2068 condalio,
1692 1993 1848 2068 uitiatlre·

272 2091 350 2138 runt
365 2074 512 2152 alicuius,
531 2070 640 2138 sedita
656 2071 896 2152 eliedesrerunr,
916 2091 1041 2140 utnunc
1076 2073 1182 2138 laurus
1203 2094 1265 2138 non
1281 2072 1325 2138 eli
1343 2070 1456 2139 frudlus
1474 2068 1560 2139 fundi
1577 2093 1589 2148 ;
1612 2069 1647 2137 dt
1662 2069 1848 2150 ¹hocprolra·

273 2153 397 2240 quando
412 2156 642 2230 inveniuntur,
664 2157 750 2218 omni
773 2152 883 2219 adluali
907 2171 1041 2224 ,careant
1078 2172 1130 2219 tur
1152 2174 1191 2218 ex
1210 2155 1270 2233 leg.
1294 2160 1432 2234 7412.
1453 2153 1489 2235 ff.
1510 2149 1608 2234 soluto
1635 2151 1847 2232 matrimonio,

314 2233 437 2300 ll'eliore
458 2255 549 2300 ·cum
574 2233 640 2298 haec
664 2233 793 2312 triplicis
811 2231 876 2300 [ιιι
894 2239 1040 2314 generis,
1076 2233 1126 2300 ubi
1142 2237 1280 2306 ⁴maritus
1310 2238 1343 2297 in
1374 2231 1469 2299 fundo
1488 2232 1583 2298 dotali
1601 2231 1785 2300 thesaurum
1799 2255 1850 2302 re·

292 2314 343 2378 inc
370 2315 432 2378 tria
451 2279 500 2378 lic
529 2309 721 2382 discutienda
741 2332 937 2395 occurrunt,
965 2314 1040 2381 idest
1076 2331 1196 2390 percum
1222 2334 1277 2391 pro
1296 2314 1420 2380 dimidia
1439 2329 1562 2380 tantum
1582 2327 1669 2392 parre
1689 2316 1849 2386 luctaturi

268 2391 309 2458 ad
323 2413 414 2470 quem
432 2389 542 2474 spedlet
558 2391 735 2472 ebriantur,
750 2414 841 2471 quem
860 2394 968 2473 aliquis
985 2395 1037 2461 de·
1075 2393 1125 2459 Ira
1140 2393 1266 2478 Sylvius
1284 2415 1355 2459 cum
1374 2393 1616 2460 recentioribur·
1951 2407 1957 2419 ‘

268 2476 350 2552 tegit
367 2521 378 2551 ,
395 2491 424 2534 a.
441 2474 477 2538 ad
493 2495 585 2552 quem
600 2493 647 2538 rer
662 2475 696 2537 in
713 2475 765 2540 via
790 2521 799 2552 ‚
831 2474 885 2540 vel
903 2473 978 2554 alibi
993 2478 1039 2541 in·
1110 2475 1145 2537 -si
1165 2473 1327 2541 thelauros
1348 2476 1530 2540 inveniatur
1552 2477 1590 2539 in
1614 2473 1718 2542 duodo
1736 2471 1846 2540 leuda·

268 2569 397 2630 ventae,
418 2568 446 2632 3.
461 2553 541 2620 bona
559 2552 721 2632 dereliila,
742 2553 794 2620 vel
810 2557 978 2621 vacantia.
1046 2577 1049 2582 ·
1076 2556 1150 2620 rarii
1173 2552 1208 2621 δι
1227 2555 1316 2632 emplr
1342 2573 1438 2622 reutae
1455 2603 1465 2635 ,
1485 2553 1524 2630 ad
1545 2551 1750 2628 feudatarium
1780 2575 1847 2632 per·

307 2631 446 2699 Nomine
461 2630 595 2702 thesauri
612 2655 674 2698 non
694 2634 879 2712 intelligitur
899 2639 1036 2713 quicum·
1076 2637 1177 2712 tinet,
1197 2634 1231 2701 &
1248 2575 1500 2715 emplyreunm,
1517 2635 1631 2712 quintii
1647 2635 1685 2701 in
1698 2633 1846 2704 ¹oninilurr

266 2731 327 2790 que
341 2715 479 2792 pecunia
500 2713 640 2780 cumulus
664 2715 696 2776 in
712 2714 817 2792 aliquo
835 2711 952 2780 secreto
969 2719 1040 2779 loco
1074 2713 1318 2790 substituuntur,
1334 2733 1485 2798 tanquam
1506 2718 1574 2780 veri
1591 2715 1727 2792 domini,
1741 2711 1797 2778 nisi
1812 2715 1845 2777 in

267 2808 386 2870 metus,
402 2793 454 2858 vel
474 2793 622 2858 culiodiae
637 2791 741 2857 caulia
761 2793 903 2857 adinstar
912 2793 1037 2869 depositi
1072 2790 1189 2858 casrbur
1210 2814 1263 2871 per
1283 2791 1509 2876 emphyteufim
1528 2793 1559 2856 ὰ
1583 2789 1706 2866 feudum
1720 2789 1847 2869 ¹errprel·

268 2866 458 2939 infuturum
473 2872 648 2964 recormltus
666 2915 675 2945 ‚
703 2888 738 2936 ut
758 2872 912 2936 interdum
932 2875 964 2935 in
981 2872 1039 2936 rali
1074 2870 1129 2949 sie,
1150 2874 1233 2937 inter
1251 2895 1328 2949 quos
1349 2889 1454 2936 tamen
1471 2872 1595 2936 nonest
1616 2869 1846 2944 inventlothe

268 2947 355 3017 sensu
375 2952 442 3033 ,hoc
457 2971 569 3017 nomen
589 2952 772 3041 accipitur,
799 2948 848 3017 led
874 2967 969 3031 prout
990 2953 1041 3017 de·
1067 2947 1171 3017 lauri.
1189 2950 1240 3018 lta
1255 2951 1480 3033 ¹Harmauldnr,
1494 2953 1585 3032 Largo
1602 3001 1612 3030 ,
1629 2949 1665 3029 ,dr
1680 2951 1752 3029 ¹alii.
1776 2950 1847 3021 ¹Alii

223 3032 253 3071 ⁹·
268 3028 411 3099 scribitur
425 3034 448 3099 l.
467 3049 515 3111 31.
537 3040 564 3099 t.
575 3032 611 3114 ff.
631 3034 669 3097 dr
683 3051 833 3111 acquam.
857 3036 944 3097 Dum.
966 3032 1041 3099 The·
1073 3050 1180 3109 vero,
1202 3029 1238 3100 dt
1258 3034 1394 3112 plerique
1413 3030 1623 3099 iurisconlnlti
1646 3031 1773 3099 censent
1794 3048 1846 3099 to·

223 3150 251 3202 ,L
263 3108 374 3203 scurror
393 3116 431 3195 ιβ
451 3125 541 3179 velus
559 3113 695 3201 qudam
720 3110 853 3193 depofirio
876 3112 1040 3202 pecuniae,
1075 3128 1143 3176 tum
1165 3114 1321 3188 pertinere
1341 3112 1380 3177 ad
1397 3110 1725 3191 proprietarium-seu
1742 3111 1780 3177 ad
1792 3112 1848 3178 do·

256 3206 356 3261 'curer
377 3216 432 3258 non
453 3207 539 3259 exter
554 3212 718 3267 memoria,
745 3205 779 3257 ul
807 3193 962 3258 dominum
977 3213 1039 3257 ram
1074 3194 1192 3256 minum
1212 3192 1380 3270 diredlum,
1399 3212 1437 3256 eo
1452 3192 1533 3269 quod
1548 3192 1703 3265 ¹hic-solus
1717 3190 1846 3259 diesim·

271 3296 329 3341 που
344 3271 447 3339 halen
463 3319 472 3337 .
488 3275 610 3339 Dicitur
625 3284 714 3337 uerus
724 3322 733 3351 ,
745 3289 785 3337 ut
801 3293 854 3351 per
874 3275 969 3341 talem
980 3294 1039 3338 vo·
1075 3272 1196 3364 pliciter
1211 3272 1350 3339 dominus
1372 3272 1444 3337 talis
1459 3271 1563 3362 fundi.
1589 3276 1651 3339 Alii
1680 3292 1759 3339 vero
1772 3293 1846 3337 cum

267 3374 337 3419 cem
356 3354 560 3420 excludantur
581 3374 630 3418 res
657 3372 754 3431 nuper
774 3350 917 3430 depositae
936 3400 945 3425 .
968 3374 1039 3431 quar
1074 3350 1196 3417 Melina
1216 3401 1226 3431 ,
1245 3350 1287 3421 ἀ
1302 3352 1402 3418 Lellro
1423 3356 1552 3419 cenlent
1575 3357 1658 3420 inter
1671 3370 1845 3431 utrumque

269 3432 427 3497 dominum
448 3433 559 3498 habent
582 3480 591 3511 ,
619 3453 638 3498 a
657 3454 719 3510 quo
738 3435 909 3507 reconditae
926 3428 1011 3498 fuere
1030 3481 1039 3508 ,
1072 3431 1135 3495 elle
1151 3430 1366 3511 dividendum,
1381 3454 1419 3501 co
1438 3434 1518 3510 quod
1535 3435 1846 3513 uterquecoimruni·

270 3513 322 3577 vel
344 3516 410 3577 eius
432 3514 584 3591 haeredes,
600 3529 634 3579 ut
650 3514 687 3578 L.
708 3534 860 3593 nunquam
879 3512 1037 3591 deacqut'r.
1074 3528 1123 3575 ter
1143 3511 1282 3577 dominus
1296 3510 1388 3585 fundi
1404 3513 1549 3590 appellari
1565 3512 1679 3581 ¹soleat.

266 3611 329 3657 rer.
349 3592 460 3659 domin
476 3593 610 3657 Nomine
626 3612 703 3659 vtro
717 3594 849 3673 pecunia
864 3594 1041 3675 intelligun·
1105 3591 1145 3655 ·Si
1161 3595 1229 3671 quis
1249 3590 1717 3661 forruirothesauruminreniar
1735 3590 1846 3658 inloto

262 3688 323 3737 -ιιιι
340 3693 446 3758 omnes
465 3676 563 3739 eriam
577 3673 646 3738 aliae
678 3693 729 3737 res
752 3672 903 3751 mobiles,
923 3691 961 3742 ut
985 3694 1040 3739 ca·
1074 3667 1180 3752 sacro,
1202 3674 1252 3738 vel
1264 3673 1409 3753 publico,
1428 3676 1479 3748 qui
1497 3677 1618 3748 proprie
1635 3674 1751 3738 nullius
1776 3667 1816 3736 [ιι
1833 3718 1844 3751 ,

261 3753 388 3815 renulae
407 3798 417 3831 ,
440 3752 569 3816 monilia
588 3799 597 3827 ,
628 3750 699 3815 vala
717 3752 781 3819 &c-
810 3773 851 3817 err
876 3772 951 3819 auro
966 3775 1041 3819 con·
1076 3769 1161 3827 torus
1177 3752 1219 3816 ell
1237 3757 1411 3821 inventoris
1430 3750 1615 3835 lidubrfir'r.
1633 3752 1713 3817 rim.
1732 3756 1759 3817 ὗ.
1779 3750 1845 3817 lbe-

266 3828 379 3922 lirulla
391 3879 399 3908 ,
412 3831 465 3900 vel
475 3830 905 3975 aeffentoffiemmaestliaque
914 3830 1039 3899 huiusce
1067 3830 1194 3927 saurus.
1215 3834 1245 3896 Si
1269 3852 1373 3927 autem
1392 3835 1439 3898 hic
1462 3833 1547 3929 loeus
1567 3830 1631 3901 srve
1651 3830 1735 3900 sacer
1751 3880 1763 3911 ,
1778 3827 1845 3929 sive

223 3986 240 4037 Ι·
258 3929 394 4056 gegerrgra
410 3927 606 4070 lllsslr‘lrlom,
621 3992 673 4069 qui
682 3990 721 4057 ab
730 3992 832 4068 aliquo
846 3990 1039 4084 inveniatur,
1073 3913 1211 4073 [[ρῦιιιιιξῗε
1227 3915 1268 4060 [οῗ
1285 3912 1845 4072 {llllillglxe‘rlierliltilegolnvrngnlatitzllint

223 4066 375 4166 {omnen
390 4069 537 4137 Doliorer
554 4074 752 4168 conueniunt
771 4120 789 4167 ‚³
807 4071 887 4148 quod
903 4091 967 4135 rure
987 4091 1040 4165 na·
1075 4091 1115 4166 ut¹
1132 4072 1200 4138 sunt
1220 4074 1412 4168 Monalleria
1430 4120 1440 4151 ,
1458 4094 1529 4167 oum
1541 4072 1617 4146 ,[ιιιιι
1637 4073 1691 4139 sub
1709 4072 1845 4167 dominio

271 4149 390 4227 rurali,
408 4150 443 4215 dr
463 4152 614 4217 Gentium
633 4148 748 4219 rn-foro
769 4168 895 4216 interno
918 4149 975 4215 fiat
993 4171 1038 4213 ιιι·
1075 4152 1204 4218 alicuius
1220 4155 1379 4232 Regulans
1396 4152 1549 4232 instituti,
1573 4172 1629 4223 aur
1659 4155 1696 4220 ad
1713 4154 1844 4229 aqurtem

271 4233 414 4295 venroris
434 4236 535 4308 primo
553 4233 642 4297 illum
656 4234 853 4310 occupantis,
868 4250 930 4295 nec
945 4228 1039 4296 refert
1074 4232 1189 4309 alium,
1208 4249 1283 4298 runc
1301 4232 1458 4299 thesaurus
1478 4233 1694 4307 adiudicandus
1713 4231 1756 4300 est
1778 4250 1843 4311 ,ut

271 4326 377 4375 utrum
398 4314 431 4374 in
449 4306 546 4377 fundo
560 4316 709 4392 proprio,
731 4310 795 4377 sive
815 4312 918 4376 alieno
938 4359 947 4390 ‚
976 4311 1040 4375 live
1075 4307 1156 4377 infra
1176 4312 1329 4384 dicemus,

271 4387 363 4465 casu,
383 4387 448 4456 slve
464 4391 630 4471 industria,
649 4389 713 4459 sive
732 4391 838 4467 mediis
849 4391 984 4470 illicitis,
1004 4390 1038 4453 fi·
1113 4392 1145 4455 Si
1164 4396 1230 4469 quir
1245 4391 1316 4458 casu
1344 4395 1469 4458 invenit
1503 4391 1676 4459 thesaurum
1694 4396 1726 4459 in
1747 4388 1844 4463 fundo

271 4488 313 4533 ve
335 4468 429 4534 licitis
448 4473 596 4539 inventus
618 4470 674 4537 [ιι.
694 4472 790 4538 Ratio
804 4468 849 4537 est
869 4520 879 4551 ,
910 4475 983 4547 quia
1003 4489 1038 4533 nr
1075 4470 1200 4550 alieno,
1220 4472 1463 4539 eiusdimidium
1478 4474 1550 4538 dare
1571 4492 1699 4541 tenetur
1719 4476 1844 4542 domino

270 4566 359 4639 pater
378 4570 417 4614 ex
435 4557 462 4617 5.
480 4549 562 4633 frrae
587 4572 639 4627 ιι.
658 4552 700 4619 dr
721 4560 748 4620 §-
776 4551 849 4617 ilem
871 4550 969 4635 lapilli
990 4550 1037 4614 18.
1075 4551 1151 4633 loci,
1171 4553 1232 4617 sive
1252 4550 1289 4626 lit
1305 4556 1473 4634 Princeps,
1494 4552 1557 4619 srve
1574 4558 1714 4634 privatur
1736 4604 1746 4635 ‚
1769 4574 1844 4623 ante

272 4631 368 4710 Instar.
390 4630 425 4695 dr
440 4652 498 4695 rer.
507 4628 608 4712 Αἰνῶ
636 4630 891 4710 universimque
921 4636 953 4695 in
971 4632 1038 4696 nul·
1071 4652 1195 4697 omnem
1210 4632 1317 4699 iudicis
1339 4635 1523 4701 lententiam
1548 4640 1648 4714 ,quia
1668 4636 1843 4705 hec-dimi·

272 4708 330 4799 lius
345 4706 416 4776 sunt
432 4712 569 4777 dominio
585 4760 596 4791 ,
612 4733 663 4791 per
680 4709 710 4777 se
730 4760 740 4792 ‚
764 4710 800 4778 dt
820 4716 887 4777 iure
900 4715 1040 4792 gentium
1073 4711 1172 4776 dieras
1195 4712 1294 4777 danda
1316 4715 1359 4780 ell
1381 4734 1442 4779 non
1459 4718 1490 4779 in
1509 4735 1649 4794 poenam,
1669 4721 1755 4781 cuitu
1764 4716 1843 4782 obli·

272 4794 355 4853 lrunt
373 4794 472 4868 primo
490 4795 669 4871 occupantis
686 4794 876 4873 ,cuiulmodi
898 4790 1040 4865 censetur
1072 4794 1159 4871 gario
1172 4795 1244 4861 oriri
1264 4793 1354 4860 debet
1382 4813 1422 4858 ex
1445 4796 1552 4858 iudicis
1581 4794 1761 4873 sententia,
1791 4792 1842 4859 l‘ed

272 4868 435 4935 thesaurus
457 4918 466 4949 ,
488 4890 599 4950 utpote
623 4876 712 4939 iuxta
728 4878 789 4938 iam
806 4873 934 4937 allatam
948 4869 1040 4948 ipsius
1073 4874 1225 4959 aequitate
1245 4876 1382 4941 naturali
1409 4877 1458 4939 ita
1481 4879 1625 4953 erigente
1647 4923 1656 4953 ,
1684 4876 1776 4956 instit.
1803 4874 1842 4939 dr

270 4946 482 5016 definitionem
500 4957 532 5015 in
555 4952 625 5019 lure
652 4955 689 5019 [ιι
716 4973 807 5019 vetus
829 4952 968 5031 pecuniae
991 4952 1042 5015 cle·
1074 4970 1133 5015 rer.
1154 4949 1246 5031 divid.
1267 4976 1336 5033 quae
1356 4954 1436 5018 luris
1455 4952 1607 5030 dispolitio
1623 4975 1684 5020 non
1710 4954 1752 5017 cll
1774 4973 1843 5030 por·
1892 4976 1894 4981 ·

269 5025 401 5111 positio,
416 5030 453 5099 de
471 5036 558 5099 cuius
577 5032 701 5101 domino
717 5033 802 5099 nulla
817 5047 908 5099 extat
926 5050 1043 5100 memo·
1074 5030 1155 5100 nalir
1164 5080 1175 5115 ,
1192 5030 1240 5099 scd
1257 5034 1418 5117 definitiva
1429 5038 1626 5114 proprietatis
1636 5034 1843 5181 remmhlla·
