4425 6000
402 500 506 659 piso
706 470 1638 555 insonaturumtuncrus.

467 596 509 640 im
528 569 688 638 Dostorts.
709 567 757 638 Ex
778 590 837 647 quo
853 588 929 637 vero
946 571 1036 636 arbor
1061 570 1158 652 egerit
1194 568 1280 637 sensu
1298 569 1522 642 confundantur
1542 577 1592 641 ves
1610 577 1863 653 commisceantur
1892 607 1971 657 ter.

399 656 517 736 radices
537 651 651 743 aliquia
667 650 699 712 in
717 666 775 716 tuo
790 646 904 727 sundo,
926 650 1094 747 ueletiam
1123 671 1159 717 a·
1192 654 1240 717 tia
1257 650 1393 745 species,
1409 674 1480 730 quae
1498 652 1647 731 resulcat,
1666 661 1790 739 utrique
1805 636 1961 743 pro'mg

398 736 500 814 liquor
520 751 620 798 ramos
642 749 673 792 in
694 724 823 798 fundum
838 745 927 796 tuum
947 728 1161 810 proiiciat,si·
1194 747 1333 808 materiae
1352 730 1391 797 fit
1409 737 1601 810 eommunis,
1625 733 1675 799 sed
1690 738 1712 801 si
1729 761 1793 808 uno
1809 746 1959 828 rodente,

400 819 441 898 tis
456 833 519 878 non
536 810 599 889 est,
616 824 652 873 ut
674 807 731 882 fiat
752 824 835 887 tua,
861 806 912 874 sed
941 813 1107 887 requiritur
1122 825 1159 875 ut
1194 809 1296 874 asterii
1311 810 1460 892 nolente,
1478 830 1533 878 aut
1551 812 1707 882 nesciente
1725 826 1858 889 materia
1878 831 1963 894 utria
2037 827 2050 860 '·'

398 912 529 962 truncus
548 893 658 954 intuo
678 885 773 977 fondo
786 886 922 968 crescat,
939 891 1015 968 Leg.
1029 891 1060 953 6.
1083 897 1110 960 ι
1131 908 1160 951 a.
1195 885 1288 965 usque
1305 881 1430 955 confusa
1448 890 1506 969 sit,
1520 892 1690 958 dominium
1709 902 1807 966 totius
1829 903 1961 974 conflati
2039 923 2050 971 τ

399 971 434 1042 ff.
462 967 595 1038 ardorum
623 965 734 1048 furtim
762 966 936 1049 caesariim.
965 965 1072 1045 Qare
1101 971 1157 1037 ribi
1195 971 1257 1033 erit
1276 967 1376 1047 illius,
1397 972 1451 1046 qui
1470 990 1596 1048 operam
1612 973 1732 1056 posuit,
1751 983 1962 1065 maioremque
2045 999 2050 1018 ·

400 1074 464 1119 ιιοιι
491 1052 565 1115 licet
592 1047 733 1128 radices,
763 1048 813 1113 vei
845 1068 947 1116 ramos
977 1051 1105 1126 nimium
1131 1048 1162 1116 se
1197 1063 1316 1125 partem
1339 1052 1480 1114 materiae
1499 1054 1572 1128 quia
1600 1056 1698 1119 maior
1719 1077 1786 1134 pm
1809 1064 1968 1132 mium,

399 1133 588 1213 porrigentes
608 1126 786 1207 succidere,
812 1123 861 1194 sed
886 1127 944 1194 tibi
963 1127 1055 1195 datur
1084 1126 1163 1194 adio
1197 1126 1235 1191 ad
1255 1122 1285 1191 se
1301 1127 1445 1195 trabitL
1515 1145 1564 1210 ²3·
1581 1138 1607 1198 i·
1675 1130 1709 1197 ff.
1729 1137 1767 1200 ds
1789 1138 1837 1203 rei
1854 1143 1964 1209 vindi.

400 1228 516 1279 contra
533 1210 688 1284 alterum,
705 1225 742 1274 ut
763 1206 814 1272 ves
833 1205 896 1285 ipse
919 1207 1033 1286 tollat,
1053 1206 1163 1273 velda·
1197 1219 1254 1272 rat.
1281 1204 1316 1272 dr
1334 1227 1375 1271 eir
1396 1147 1492 1297 regiis
1509 1228 1557 1290 4²·
1574 1208 1650 1300 iaris
1670 1213 1702 1277 in
1722 1217 1752 1278 6.
1760 1219 1968 1301 Accefforim

400 1312 507 1359 mnum
522 1285 728 1365 compenset.¹
740 1286 780 1352 Et
797 1282 819 1349 si
839 1289 977 1352 monitos
997 1281 1099 1352 facere
1111 1309 1164 1352 ne·
1198 1299 1337 1359 aarum
1350 1284 1434 1365 sequi
1461 1302 1593 1369 coagruit
1662 1290 1789 1373 'scipulis
1811 1341 1820 1359 .
1849 1301 1964 1369 Rama.

400 1372 550 1453 glexerit,
574 1385 649 1433 tune
665 1359 700 1431 tii
717 1366 830 1446 poteria
853 1363 1031 1456 succidere,
1058 1364 1093 1432 dt
1108 1367 1163 1457 tibi
1198 1382 1253 1430 net
1272 1383 1377 1459 tarnen
1396 1366 1544 1447 obligatio
1560 1308 1666 1434 redis?
1671 1370 1702 1436 di
1724 1374 1963 1448 aestimationem

403 1451 515 1520 tollere
532 1450 604 1526 Leg.
625 1467 652 1509 r.
668 1443 710 1513 sa
729 1465 758 1511 a.
776 1444 814 1509 de
833 1442 981 1509 arboribus
992 1444 1162 1522 radendis.
1199 1446 1293 1524 pretii
1312 1443 1394 1509 illius
1414 1450 1571 1514 materia.
1588 1449 1618 1512 Si
1638 1470 1685 1515 res
1703 1470 1808 1520 autem
1827 1455 1965 1536 separari

443 1532 492 1597 Sic
510 1527 617 1592 eodem
637 1529 701 1589 iure
722 1521 894 1591 accessionis
913 1521 1167 1606 smmenta,quae
1200 1520 1310 1603 poffint
1363 1541 1399 1600 ut
1421 1545 1498 1590 oves
1518 1529 1550 1591 in
1586 1548 1655 1607 rege
1671 1535 1832 1606 permixta
1877 1533 1963 1616 sepa·

405 1613 438 1676 in
457 1610 560 1675 alieno
574 1602 668 1671 sundo
688 1602 753 1670 sata
772 1603 850 1684 sint,
870 1603 909 1669 ad
928 1603 1014 1670 isium
1033 1601 1170 1698 suediam
1200 1602 1303 1699 randae
1324 1572 1414 1699 sunt.
1434 1604 1550 1671 Verum
1566 1550 1592 1671 si
1621 1606 1752 1675 alienam
1772 1583 1933 1689 pecu'niani
1952 1666 1966 1698 ,

404 1692 491 1772 cuius
510 1685 555 1776 est
582 1680 727 1763 fundum,
746 1701 784 1749 ut
803 1705 843 1748 ex
863 1690 892 1773 ‘t
916 1702 944 1745 a.
974 1680 1108 1756 Institor.
1130 1684 1166 1749 dr
1199 1683 1323 1749 domino
1338 1680 1450 1762 inscio,
1472 1686 1523 1750 vel
1544 1689 1667 1765 invito,
1682 1688 1739 1756 tibi
1755 1691 1967 1774 hocignoran·

405 1790 463 1846 rer.
483 1765 575 1847 diois.
596 1764 628 1827 Si
653 1781 759 1833 autem
771 1762 853 1832 bona
873 1762 932 1828 bde
950 1759 1083 1844 severit,
1101 1768 1164 1828 imo
1201 1766 1227 1829 ti
1242 1762 1347 1829 datam
1367 1762 1491 1831 miscear
1511 1782 1594 1845 ruae,
1614 1766 1724 1834 volens
1749 1787 1850 1837 rotam
1871 1774 1965 1841 habe·

405 1852 505 1926 eriam
528 1844 609 1912 mala
631 1864 671 1909 cx
700 1846 848 1921 aequitare
883 1860 1022 1921 repetere
1050 1846 1167 1921 poterit
1201 1861 1253 1920 re,
1273 1861 1329 1907 nec
1349 1844 1411 1909 iam
1427 1841 1554 1909 discerni
1575 1845 1664 1922 possit
1689 1871 1707 1913 a
1734 1867 1811 1928 tua,
1832 1873 1868 1918 ac
1889 1856 1968 1920 uiris

444 1930 542 2004 etium
561 1924 718 2017 materia,
739 1919 988 2018 &expensarum
1013 1924 1104 1988 iuxta
1123 1943 1169 1988 at·
1201 1926 1267 2018 eius
1283 1919 1454 1989 dominium
1469 1925 1542 2013 Leg.
1565 1924 1614 2015 2⁸·
1630 1932 1662 2017 ⁴i.
1677 1927 1718 1991 de
1733 1876 1927 2007 solutionisns
1955 1979 1967 2012 ,

436 2009 616 2076 imationem
636 2002 810 2081 utilitatis,
834 2019 870 2067 ut
895 2002 964 2067 vult
983 2000 1168 2069 Haunoidur
1202 2001 1251 2067 ubi
1271 1997 1636 2082 sicbabetur381alirai
1655 2008 1771 2072 rammi
1786 2009 1874 2091 inscio
1909 2014 1969 2079 ves

407 2091 447 2154 de
467 2080 679 2151 teneriore
700 2103 782 2147 num.
803 2080 1059 2161 unctuosius.
1079 2082 1169 2144 Simi-
1202 2078 1305 2146 invito
1323 2081 1442 2173 domim
1469 2083 1563 2174 mixti]
1577 2083 1687 2165 esent,
1716 2085 1760 2150 i'ia
1784 2104 1820 2154 ist
1838 2060 1969 2171 discerni

409 2168 486 2234 liter
505 2165 573 2229 iure
592 2160 764 2227 accessionis
805 2158 979 2239 scripturo,
1001 2159 1052 2224 seii
1068 2161 1168 2227 litera
1204 2182 1261 2226 son
1275 2161 1394 2242 poffist,
1411 2182 1477 2227 eriis
1492 2166 1560 2243 fieri
1580 2164 1632 2242 qai
1649 2166 1780 2245 accepit,
1811 2171 1843 2234 i‘rs
1874 2169 1968 2236 libris

408 2241 527 2314 etiarnsi
544 2261 645 2308 aureae
661 2240 739 2320 sint,
755 2210 887 2317 csiarrir,
910 2237 965 2303 seu
989 2240 1169 2306 membranis
1202 2238 1274 2330 Gaii
1302 2240 1347 2329 cri
1378 2264 1430 2307 aas
1444 2245 1500 2323 est;
1518 2243 1563 2307 iia
1578 2255 1613 2308 iri
1627 2246 1701 2311 asiis
1720 2247 1839 2314 domino
1856 2269 1968 2315 cumea

409 2324 541 2396 cedunt.
562 2321 664 2388 Hodie
684 2339 808 2400 renen,
850 2316 1099 2385 tricenariam
1120 2321 1171 2385 vi·
1222 2340 1254 2385 isi
1305 2320 1337 2383 di
1357 2318 1503 2399 ei,fisrii
1518 2334 1706 2399 competeret.
1724 2325 1782 2389 Ubi
1797 2374 1806 2405 ‚
1822 2328 1972 2408 urvider,

411 2405 449 2476 lia
476 2404 589 2483 pretii,
613 2400 747 2466 invaluit
771 2343 983 2477 consuetudo,
1003 2416 1039 2462 ut
1062 2398 1171 2465 charta
1224 2402 1430 2466 eterminatur
1449 2402 1529 2478 quod
1559 2407 1687 2478 pecunia
1715 2407 1811 2472 etiam
1834 2406 1929 2472 inscio
1958 2454 1970 2485 ,

412 2483 501 2552 cedat
521 2481 701 2559 scripturae.
727 2479 805 2543 stem
832 2481 899 2543 iure
925 2475 1099 2542 acccsfioois
1126 2478 1171 2554 pi·
1206 2480 1377 2544 vel'invito
1392 2478 1602 2545 dominorum
1620 2479 1679 2546 asia
1695 2485 1795 2548 mixta
1826 2484 1970 2551 transeat

411 2557 497 2634 'diora
518 2561 612 2628 vilior
632 2580 724 2638 quam
745 2558 846 2623 tabula
866 2555 959 2624 valde
979 2553 1171 2636 pretiosa,ut
1206 2560 1238 2621 io
1254 2557 1422 2621 dominium
1442 2557 1568 2623 asterius
1585 2559 1717 2624 volentis
1733 2576 1835 2625 totam
1856 2562 1971 2629 bibere

412 2659 559 2723 argentea
574 2641 606 2711 in
635 2636 830 2705 accessionem
860 2635 972 2702 tabuiae
992 2637 1081 2700 venir
1092 2683 1104 2714 ,
1125 2637 1171 2702 ita
1206 2654 1243 2702 ut
1262 2634 1362 2701 suain.
1381 2635 1487 2714 Quare
1503 2651 1609 2703 autem
1627 2637 1850 2705 determinetur
1862 2645 1893 2705 in
1905 2644 1972 2706 Le·

412 2742 450 2788 ur
469 2719 573 2786 tabusa
589 2717 665 2797 pidia
685 2718 723 2783 ad
738 2718 893 2784 dominum
913 2711 1028 2780 rabulae
1045 2710 1173 2801 spetiei,
1206 2734 1265 2795 ge,
1280 2732 1313 2780 ut
1331 2719 1461 2794 pecunia
1476 2719 1575 2784 eriam
1593 2713 1706 2795 inscio,
1725 2718 1776 2781 ves
1796 2723 1901 2793 inviro
1917 2720 1973 2786 do·¹

413 2801 515 2868 soluto
535 2818 640 2868 raineri
657 2801 758 2873 pretio
780 2795 902 2875 pisiurae
918 2791 971 2872 ipsi
993 2790 1124 2872 pidiori,
1151 2793 1172 2852 h
1207 2799 1291 2861 minu
1305 2799 1501 2872 commixta,
1529 2818 1582 2873 per
1608 2797 1860 2869 commixtionem
1880 2814 1971 2863 tran·¹

412 2879 494 2956 bona
513 2877 572 2952 fide
579 2881 700 2957 pinxit,
715 2879 798 2942 secur
813 2879 850 2941 de
866 2879 933 2940 iure
948 2870 1044 2936 nibil.
1061 2869 1112 2938 Ita
1123 2890 1175 2949 pt·
1207 2876 1270 2942 seat
1290 2877 1323 2938 in
1346 2876 1513 2946 dominium
1535 2876 1714 2952 accipientia
1735 2922 1745 2952 ,
1773 2876 1846 2940 duni
1876 2877 1972 2942 aliter

414 2964 491 3027 riter
510 2958 614 3037 siquis
634 2957 779 3036 picturam
802 2957 980 3031 cuicumque
1006 2953 1051 3017 tei
1071 2971 1176 3029 qoam·
1208 2954 1358 3022 flaturum
1379 2956 1561 3021 inveniatur-
1582 2953 1786 3021 alusiiniano
1803 2958 1835 3018 in
1850 2962 1879 3023 5.
1898 2956 1977 3035 quad

415 3043 464 3108 eis
480 3041 585 3105 viliori
603 3035 733 3103 ornandi
757 3034 860 3099 caussa
883 3032 1035 3111 adiiciat,
1060 3029 1175 3108 pistura
1195 3038 1229 3116 st
1248 3033 1438 3115 frumiston
1467 3034 1605 3101 Institor.
1626 3036 1664 3099 de
1690 3053 1747 3099 rer.
1768 3034 1861 3114 diois.
1886 3041 1973 3102 circa

414 3118 528 3195 mensa
545 3115 652 3193 cedet,
668 3116 740 3190 quia
757 3116 822 3178 eius
839 3114 940 3191 gratia
963 3108 1042 3173 sidia
1058 3109 1120 3187 esi,
1139 3125 1175 3172 ut
1209 3110 1476 3192 granasrumentiz.
1495 3113 1531 3183 dt
1548 3113 1608 3178 alia
1622 3114 1775 3191 mixtisia,
1792 3136 1853 3178 non
1866 3134 1972 3191 parum

415 3198 559 3262 ornatior
589 3211 763 3268 compareat
787 3239 797 3269 ,
818 3188 853 3256 dr
880 3189 919 3254 sic
943 3189 980 3252 de
996 3185 1138 3251 similibiu
1165 3230 1177 3275 ·.
1210 3192 1351 3258 laborant
1370 3189 1514 3258 Dodores
1533 3196 1565 3256 in
1583 3191 1756 3272 affignanda
1771 3191 1820 3257 dis
1836 3197 1971 3270 aritate,

416 3273 527 3343 Paulus
545 3268 778 3337 iurisconsultus
795 3271 893 3348 seges
916 3312 924 3329 .
948 3275 975 3335 5·
999 3282 1028 3346 3·
1043 3262 1175 3330 maeres
1210 3293 1246 3336 ac
1262 3273 1401 3337 ratione.
1422 3272 1635 3352 congruentia
1655 3288 1758 3336 tamen
1778 3294 1796 3336 e
1822 3292 1840 3337 e
1860 3271 1973 3351 potest,

417 3351 565 3433 uindicat.
584 3349 619 3420 dt
638 3349 690 3415 alii
708 3284 920 3442 Dodonida
940 3345 1092 3425 Theodosi
1108 3363 1177 3423 per·
1212 3353 1285 3429 quia
1305 3355 1400 3415 maius
1424 3352 1590 3444 periculum
1612 3349 1655 3413 est
1680 3353 1896 3444 innummis,
1919 3352 1973 3429 qui

417 3431 526 3498 multi.
548 3426 680 3505 Quodsi
705 3427 822 3506 pssiura
841 3424 1001 3504 pretiosior
1025 3422 1062 3489 sir
1085 3444 1178 3500 quarn
1211 3431 1335 3495 suntin
1359 3433 1545 3508 quotidianis
1566 3432 1774 3507 commerciis,
1794 3430 1874 3496 unde
1896 3430 1975 3495 suus·

418 3509 544 3587 tabula,
562 3525 598 3574 ut
620 3506 794 3586 plerumque
817 3507 954 3582 accidit,
976 3523 1051 3570 tunc
1070 3500 1178 3569 tabula
1211 3527 1254 3574 rae
1270 3511 1344 3573 oriri
1365 3509 1485 3588 possent
1506 3509 1895 3586 difficultater,s1eomm
1922 3510 1976 3574 dm

418 3588 503 3660 cedit
522 3587 646 3665 pidurae
663 3636 672 3666 ,
691 3590 761 3664 quia
779 3586 857 3664 quod
875 3583 919 3649 esi
946 3587 1046 3649 minus
1066 3583 1179 3661 princi·
1211 3590 1367 3666 minium,
1392 3588 1513 3663 quando
1540 3586 1732 3666 miscentur,
1753 3590 1801 3654 ira
1822 3591 1976 3655 insenum

420 3668 489 3751 pase
504 3664 585 3746 sequi
605 3667 695 3732 debet
715 3665 795 3744 quod
815 3664 859 3730 esi
894 3659 1179 3743 rineipaliusdnfli·
1211 3685 1369 3733 maneret.
1389 3666 1473 3733 Tum
1493 3670 1565 3747 quia
1581 3669 1731 3741 oummia
1751 3666 1872 3746 publica
1895 3663 1978 3733 iestis

423 3765 486 3842 tut3
505 3747 543 3811 de
563 3768 619 3841 ris.
640 3745 778 3840 diuisi.
796 3761 844 3838 34
866 3686 1077 3884 sdes-tamt?
1101 3738 1178 3805 obss·
1212 3749 1351 3843 ruarione
1371 3743 1459 3813 suum
1477 3745 1589 3819 babent
1606 3748 1773 3840 valorem,
1800 3765 1894 3825 atque
1916 3743 1978 3840 sia·¹

282 3926 331 3976 m
346 3921 402 3973 α.
419 3820 1180 3984 tantitasinsidiabitur„
1214 3823 1636 3994 {Liisssnds‘isidffissbff
1655 3826 1981 3983 tritissimis}

281 3985 409 4039 maison
427 3983 562 4062 sonam,
589 3984 624 4050 dr
652 3981 818 4079 promiscue
846 3982 1056 4077 accipiuntur,
1078 3999 1116 4073 ea
1137 3976 1180 4043 est
1212 3988 1284 4067 [eg.
1300 3987 1330 4066 fi
1350 3984 1443 4053 alieni
1469 4004 1586 4055 samsai
1610 4031 1620 4061 ,
1644 4002 1751 4055 eorum
1772 3987 1886 4051 mixtio
1912 3985 1979 4076 vim

285 4054 410 4161 ᾱίξξζξ·
427 4085 546 4145 quares
562 4084 653 4129 unius
669 4084 711 4129 res
727 4065 853 4127 asterius
886 4078 933 4128 ita
957 4074 1180 4138 coniungitur,
1213 4062 1694 4142 habetconsumptionis3nonsic
1711 4064 1981 4142 autemdegrama

280 4126 390 4231 2¹22,
426 4163 463 4225 ut
483 4165 554 4223 pari
569 4145 654 4207 unior
681 4164 695 4208 ι
719 4161 804 4221 parre
826 4138 951 4215 alterius
977 4136 1103 4205 discerni
1125 4157 1180 4203 nc·
1213 4141 1360 4210 frumenti
1380 4144 1448 4209 aliis
1473 4145 1635 4221 perminii,
1660 4140 1786 4220 aliisque
1810 4138 1984 4211 buusmodt

341 4268 344 4285 .
424 4240 538 4303 queat,
556 4241 592 4287 ut
612 4243 658 4287 cn.
702 4226 809 4289 vinum
831 4223 922 4289 unitis
947 4223 1024 4286 vino
1052 4219 1179 4283 asterius
1212 4221 1406 4289 mixrilibus.
1429 4223 1469 4296 Er
1486 4222 1552 4297 bac
1571 4221 1984 4289 esitommunisDostorum.
2045 4280 2050 4295 ,

421 4302 564 4376 miscetur
580 4346 589 4370 ,
621 4297 768 4373 Consusso
787 4317 916 4381 tamen,
943 4298 979 4367 dt
996 4299 1180 4368 commixtio
1216 4302 1474 4368 Teneturtamen
1482 4302 1592 4366 illecui
1602 4301 1793 4377 adiudicatus
1811 4299 1988 4369 dominium

420 4387 455 4455 in
474 4382 532 4453 hon
558 4377 721 4454 differunt,
739 4379 819 4457 quod
845 4399 912 4459 ooae
932 4372 1060 4445 tossfssst
1084 4374 1179 4453 sunt,
1214 4385 1352 4459 pecuniae
1381 4384 1510 4457 mixtae,
1541 4380 1702 4456 resti-ruere
1729 4401 1793 4447 rem
1812 4379 1985 4459 mosim,

420 4481 537 4532 novam
556 4463 679 4539 pariunt
695 4457 822 4539 speciem
836 4507 845 4538 ,
858 4457 898 4546 sic
917 4479 958 4522 ex
970 4461 1045 4524 vino
1064 4453 1179 4529 &mel-
1233 4466 1284 4527 nia
1304 4479 1395 4548 nemo
1415 4461 1591 4538 locupletari
1602 4459 1782 4537 pocesserre
1803 4461 1987 4531 alericum

421 4540 452 4613 ie
471 4536 600 4605 consosia
620 4558 702 4604 nova
718 4540 830 4616 species
849 4538 984 4603 efficitur
1003 4536 1082 4615 qood
1099 4534 1180 4628 tntis·
1213 4484 1328 4611 damno
1343 4541 1407 4603 eius
1425 4538 1540 4603 dornini
1550 4587 1561 4618 ,
1577 4557 1613 4615 ut
1622 4560 1663 4609 er
1672 4559 1731 4620 reg.
1755 4540 1801 4604 ra.
1815 4539 1892 4609 suris¹
1909 4539 1990 4605 iod.

408 4618 488 4689 ⁴suni
509 4620 759 4685 νοαιιιιιηίκιι
789 4636 866 4683 vero
887 4617 1022 4683 eamdem
1050 4613 1179 4709 speciem
1252 4616 1435 4685 AEdificatio
1453 4616 1859 4693 esscunstrudiioodificiiin
1879 4619 1986 4684 alieno
2001 4660 2045 4711 ,a

419 4696 544 4773 servant
564 4698 661 4775 quoad
675 4695 882 4775 subsiciuiam,
899 4713 936 4767 iit
990 4715 1050 4779 arpa
1071 4695 1182 4770 tritici,
1214 4696 1325 4774 fundo,
1347 4698 1399 4762 vei
1414 4700 1446 4771 iri
1462 4702 1583 4776 proprio
1597 4694 1693 4772 sundo
1710 4720 1751 4771 ex
1767 4700 1868 4770 aliena
1882 4716 1983 4769 mate·
2000 4720 2050 4774 aa

419 4780 471 4844 vel
491 4798 568 4844 ovea
586 4827 601 4865 ,Ι
620 4794 675 4843 aot
691 4778 820 4855 pecunia
840 4824 855 4864 ,
876 4797 944 4853 qoae
975 4780 1036 4843 icet
1053 4776 1175 4839 consui·
1213 4780 1277 4847 ria.
1297 4777 1353 4843 Sed
1369 4777 1408 4842 de
1427 4776 1567 4853 bersarii
1583 4768 1804 4856 iamvidrriur,
1820 4778 1872 4850 ubi
1892 4777 1983 4859 suppa
2000 4796 2050 4838 ssa

420 4854 439 4928 s
510 4859 699 4937 rur,senaper
719 4874 824 4923 tamen
838 4856 908 4919 sunt
924 4855 1006 4934 quod
1020 4870 1110 4929 mant
1127 4873 1179 4918 an·
1213 4857 1251 4931 ds
1271 4854 1455 4942 accessione.
2047 4928 2050 4941 1

413 4876 508 5007 isis„
508 4938 540 5003 Si
555 4934 649 5017 igitur
662 4939 803 5003 materias
820 4935 936 5012 qnam
951 4935 1028 5012 door
1040 4934 1179 5001 doiniuor
1254 4936 1345 5031 Quod
1367 4934 1476 5014 spedat
1495 4956 1574 5007 vero
1594 4937 1633 5012 ad
1649 4937 1872 5018 plantationem
1925 4936 2047 5007 seuit&

416 5004 573 5101 ¹spedient,
591 5014 656 5087 sive
670 5013 761 5092 casim
781 5008 846 5084 sire
869 5033 910 5089 ca
928 5015 1084 5087 cuuuuru'
1104 5032 1178 5088 con·
1211 5007 1445 5089 seminationem
1452 5064 1465 5101 ,
1485 5034 1522 5092 ut
1541 5014 1653 5100 supra,
1672 5016 1723 5091 ubi
1738 5020 1776 5090 de
1795 4986 1980 5101 accessione,
2003 5002 2050 5110 ξ’,

1879 5117 2050 5178 ίῦῐΙθΙ
