4425 6000
557 568 729 645 Turcr.
753 586 814 638 oe
846 564 1100 638 trucensis
1128 557 1342 632 Erotesrns
1379 555 1481 630 Cre.
1502 555 1547 629 tt.
1686 554 1767 649 467

1047 655 1166 722 nullam
1194 656 1231 719 de
1258 653 1303 717 hir
1329 655 1480 721 rationem
1509 650 1651 719 reddebat
1673 703 1683 733 ,
1708 668 1818 729 utpote

427 747 456 814 C
495 748 524 812 A
563 749 587 813 1>
628 742 658 808 U
698 742 729 807 Τ
788 742 828 808 V.
1048 731 1296 811 nonsuspettns,
1316 755 1388 804 nam
1408 732 1519 804 eleEus
1540 754 1603 797 non
1627 731 1730 802 suisset
1761 729 1816 796 nib

1047 816 1086 880 de
1107 816 1266 880 animabus
1283 816 1381 880 multo
1400 811 1471 878 sene
1493 812 1726 892 praetiosroribus
1746 812 1817 879 Deo

368 915 410 972 De
426 905 552 975 Decimii
570 904 708 987 Ecclefiae
721 900 891 987 solvendis.
1047 898 1221 970 rationem,
1242 914 1312 958 eum
1333 892 1455 960 reddere
1466 893 1674 969 possecertum
1690 892 1814 961 suisset.

1087 978 1165 1042 Pace
1187 971 1250 1055 poll
1269 971 1495 1047 persecutiones
1516 973 1634 1044 reddita
1657 998 1727 1041 cum
1757 970 1818 1036 lm·
1842 966 1958 1026 ¹⁶⁶¹&

587 1072 615 1133 ς,
655 1064 679 1128 Ι,
1048 1072 1233 1148 peratores,
1253 1052 1286 1119 dr
1308 1055 1463 1146 Principes
1483 1052 1648 1119 Christiani
1672 1056 1785 1144 fierent
1806 1100 1815 1131 ,
1837 1045 1868 1147 ,ζ
1914 1065 1961 1154 ξω,

300 1178 614 1261 n.1.pnu...n
632 1193 743 1250 ...rin
762 1180 964 1247 unnim.
1043 1129 1818 1290 ·lisillrllf.slllltleilllllillf‘sb
1836 1157 1944 1276 “ills-'i

330 1276 393 1363 Um
408 1298 494 1364 nulla
514 1297 696 1366 universitas
726 1294 1015 1388 finecommunibur
1047 1311 1266 1385 tautecurt,
1302 1291 1492 1384 &pietate
1516 1311 1607 1360 erant
1635 1263 1817 1389 distributa.
1846 1287 1863 1360 .’
1907 1363 1909 1368 ,
1939 1291 1942 1296 ’

347 1382 432 1448 bonis
453 1375 603 1442 subsistere
623 1383 748 1451 valeat,
764 1398 833 1440 cum
850 1376 961 1452 aliquid
982 1379 1014 1439 in
1047 1374 1195 1440 Habuere
1214 1371 1335 1449 quidem
1352 1391 1415 1436 ram
1432 1391 1527 1438 antee
1550 1373 1691 1442 Ecclesia
1708 1365 1849 1442 immo-⁶
1871 1409 1874 1414 ·
1900 1369 1915 1414 ¹

177 1465 188 1494 ⁸
247 1461 379 1540 singulos
400 1475 590 1534 conventus,
610 1458 642 1527 ἀ
665 1457 849 1531 inslipendit
866 1453 1016 1519 ministro·
1045 1454 1123 1520 bilia
1139 1452 1219 1521 bona
1238 1491 1261 1531 ,·
1276 1452 1359 1528 quod
1382 1473 1422 1517 ex
1448 1451 1544 1519 edisio
1566 1454 1819 1522 Constantini&

249 1563 318 1614 rum
340 1536 548 1615 pubblicorum
570 1538 606 1602 fit
624 1535 875 1615 impendendum;
892 1533 961 1598 binc
979 1531 1016 1598 ab
1048 1533 1151 1606 Licini
1177 1528 1369 1598 manifestum
1384 1532 1456 1611 est,
1481 1554 1543 1611 quo
1568 1552 1649 1599 anno
1694 1551 1740 1611 rt.
1766 1558 1820 1603 eo·

249 1620 319 1696 ipfis
340 1618 480 1684 Ecclesiae
503 1618 671 1693 primordiis
691 1614 857 1699 symbolam
875 1615 1015 1678 contule·
1049 1634 1117 1677 rum
1143 1610 1297 1680 restitutio
1328 1612 1495 1691 urgebatur
1515 1636 1526 1688 ,·
1554 1613 1602 1679 led
1625 1551 1692 1691 poss
1712 1636 1820 1691 pacem

250 1721 282 1762 re
303 1698 421 1764 Fideles
440 1720 449 1772 ;
465 1695 555 1762 noslu
574 1700 684 1775 quippe
702 1697 925 1763 couvenientes
939 1713 1016 1770 opus
1047 1711 1176 1760 nurnero
1190 1710 1375 1756 creverunt.
1404 1693 1488 1761 Nam
1503 1692 1537 1761 dc
1557 1695 1590 1756 in
1604 1692 1819 1773 civitatibus,

247 1796 321 1844 erat
337 1775 464 1843 subsidio
483 1778 518 1840 ad
543 1779 738 1854 luminaria‘,
757 1775 795 1839 ad
811 1770 889 1837 Vasa
899 1772 990 1837 Sacra
1007 1821 1017 1852 ,
1050 1773 1185 1847 Domus,
1204 1772 1239 1839 dt
1259 1772 1336 1837 Ruri
1356 1775 1471 1849 praedia
1490 1773 1567 1851 ,hoe
1582 1770 1626 1836 est
1641 1776 1736 1852 rigor
1751 1792 1822 1839 cum

248 1878 387 1936 panem,
415 1860 522 1920 vinum
550 1878 604 1930 pro
624 1855 724 1923 saneto
742 1850 902 1920 Sacrificio
922 1855 1017 1919 toties
1049 1851 1304 1928 habitatoribus,
1335 1855 1385 1927 qui
1406 1853 1486 1916 servi
1515 1869 1605 1917 erant
1626 1854 1823 1921 donabantur

245 1936 354 2003 oblato
372 1984 380 2011 .
417 1934 452 2002 dc
480 1957 498 1999 a
528 1935 667 2003 fidelibus
691 1935 949 2008 communicato,
980 1931 1017 1996 ad
1051 1946 1141 1997 tanta
1162 1928 1392 2007 munificentia,
1408 1949 1443 1997 ut
1456 1930 1590 1997 Ecclesia
1610 1933 1825 2000 Romtnrter-

251 2020 371 2095 Agapas
388 2064 399 2097 ,
415 2016 452 2081 ad
469 2015 575 2080 Libros
593 2065 602 2094 ,
629 2019 749 2094 aliaque
769 2009 913 2077 utensilia
932 2031 1017 2077 com·
1049 2030 1097 2074 ras
1115 2010 1239 2075 baberet
1255 2030 1347 2088 prope
1364 2007 1539 2089 Eufratem,
1560 2013 1702 2090 equibus
1726 2015 1824 2093 Thur,

254 2095 407 2173 paranda.
437 2095 548 2162 Alendi
568 2115 657 2161 erent
690 2111 837 2171 praeterea
854 2088 1018 2168 Episcopi,
1051 2111 1086 2155 ac
1108 2085 1247 2154 suffitum
1264 2090 1433 2169 colligebat
1453 2090 1493 2158 od
1516 2112 1646 2169 quorum
1668 2094 1823 2160 ministro·

251 2174 421 2259 Presbyteri
443 2175 600 2250 ,Diaconi
623 2180 694 2254 ,qui
712 2191 747 2239 ut
770 2169 891 2235 liberius
912 2169 1018 2235 Eccle-
1052 2172 1172 2234 tionem
1188 2169 1390 2244 subdiaconi,
1405 2170 1457 2234 vel
1467 2170 1581 2234 Clerici
1596 2171 1822 2239 mittebantur.

251 2255 303 2319 srae
322 2250 505 2318 inservirent
522 2255 655 2331 plerique
673 2255 709 2322 rd
719 2251 927 2320 voluntariam
945 2271 1018 2322 pau-
1051 2248 1112 2313 His
1135 2251 1228 2325 igitur
1245 2251 1434 2322 temporibus
1455 2249 1582 2325 duplicis
1607 2255 1726 2332 generis
1741 2252 1823 2318 bom

275 2336 369 2397 eriem
389 2334 499 2397 redasli
516 2354 624 2398 erant.
645 2333 786 2399 Curanda
795 2345 884 2394 erant
901 2325 1019 2406 funera,
1052 2329 1185 2407 habuere
1207 2324 1350 2395 Ecclesrae
1363 2375 1373 2403 ,
1388 2327 1499 2394 fundos
1517 2348 1653 2409 impe,
1676 2351 1696 2394 e
1714 2332 1826 2407 quibus

247 2358 447 2488 ,sospitantes
468 2414 636 2477 exercenda
660 2418 693 2479 in
713 2429 819 2479 omnes
834 2408 1019 2474 Chrislianos
1050 2410 1129 2474 certi
1158 2407 1319 2484 redditus,
1345 2408 1379 2473 dt
1407 2408 1580 2474 oblatiores
1602 2411 1823 2489 quotidianas,

253 2500 410 2570 viatores,
432 2493 652 2569 providendum
668 2510 736 2559 erat
756 2488 932 2568 Virginibus
953 2487 1020 2552 Deo
1051 2507 1123 2566 quae
1141 2490 1262 2567 parcius
1280 2489 1399 2563 quidem
1413 2511 1503 2567 quun
1520 2496 1634 2564 ποιέει,
1653 2490 1825 2556 tameofie·

245 2570 462 2648 -consecratis,
493 2572 599 2636 Viduis
621 2622 629 2651 ,
654 2573 785 2637 infirmis
805 2618 813 2647 ,
836 2566 1019 2641 Pauperibus
1053 2567 1148 2632 hant·
1179 2565 1356 2632 Sanslissrmi
1377 2567 1514 2647 Episcopi
1534 2565 1644 2635 sindon
1660 2570 1743 2636 exosi
1759 2591 1825 2636 mv

244 2650 392 2716 omnibus
409 2650 565 2728 fidelibus,
581 2652 751 2725 presertim
765 2646 953 2729 Martyribus
963 2695 972 2723 ,
984 2645 1020 2712 dt
1055 2648 1179 2712 luissent
1197 2644 1345 2712 fortuitas
1354 2646 1546 2729 oblationes,
1562 2653 1584 2714 sr
1600 2647 1673 2714 satis
1688 2646 1824 2727 suilient,

255 2729 483 2796 consessoribus
507 2780 515 2806 ,
541 2732 591 2796 vel
610 2736 642 2797 in
658 2734 784 2797 carceris
801 2727 950 2805 squallore
967 2726 1019 2789 de·
1054 2748 1144 2803 quam
1163 2726 1360 2801 Satraporum
1373 2748 1462 2793 more
1480 2734 1617 2793 rationes
1636 2730 1826 2795 acondusto·

252 2809 414 2885 gentibus,
436 2812 485 2874 vel
503 2811 539 2875 ad
556 2814 707 2890 metalla,
726 2812 844 2885 aliaque
854 2825 949 2895 opera
969 2825 1021 2881 pu·
1055 2807 1137 2871 ribus
1153 2810 1277 2885 exigere
1290 2853 1299 2885 ,
1314 2806 1430 2872 aliosve
1447 2806 1595 2886 suscipere
1607 2807 1744 2886 labores,
1760 2808 1825 2874 sine

253 2890 332 2955 blica
355 2889 535 2953 damnatis.
569 2891 617 2954 Ab
643 2891 701 2957 hoc
727 2889 872 2968 primario
898 2886 960 2947 ime
988 2887 1020 2950 in
1054 2884 1273 2962 quibusannui
1295 2887 1520 2951 redditurcolli
1540 2907 1714 2963 nequeunt.
1740 2891 1825 2955 Hinc
1940 2891 1946 2898 “

252 2989 344 3042 quem
371 2968 547 3053 oblationes
568 2967 710 3049 fiebant,
736 2966 820 3035 disier
845 2961 916 3030 sunt
941 2962 1021 3031 bom
1055 2964 1217 3033 alconus
1248 2963 1469 3032 trtnslulerunt
1497 2971 1530 3030 in
1557 2966 1827 3051 Archidiaconor,

255 3045 462 3117 Ecclesiastice
482 3092 491 3127 ,
514 3052 735 3117 Patrimonium
765 3067 931 3125 pauperum
952 3090 960 3121 ,
981 3062 1021 3109 ut
1049 3046 1107 3109 -vel
1127 3047 1754 3132 mennomos,quiinEcsles1isomnibus
1780 3054 1827 3114 in·

256 3126 476 3192 Thomalsrnus
491 3128 533 3193 de
549 3135 646 3195 veteri
659 3180 667 3207 ,
680 3130 717 3198 dt
732 3123 1027 3195 novaEcclesraedi·²
1049 3125 1158 3190 ¹siituti
1179 3125 1271 3202 sunt,
1291 3125 1325 3191 dt
1345 3146 1386 3195 cir
1403 3147 1531 3203 corpore
1551 3128 1633 3191 Cleri
1651 3128 1760 3205 elesli,
1777 3151 1825 3197 ra·
1926 3140 1932 3146 ’

248 3205 379 3279 sciplina
404 3248 411 3270 .
436 3205 523 3273 Bona
547 3208 689 3276 Eccleflae
710 3209 749 3275 ob
779 3204 1022 3297 persecutiootpr
1057 3207 1176 3268 tionem
1204 3223 1309 3269 tamen
1335 3205 1484 3285 Episcopo
1507 3207 1678 3281 reddituri·
1701 3210 1825 3285 Optimi

254 3283 344 3352 aesius
358 3307 449 3353 erant
465 3288 564 3352 solum
572 3289 718 3366 mobilia,
734 3309 802 3367 qua
819 3282 1022 3362 saeilerspor·
1055 3281 1225 3362 Episcopi,
1258 3288 1308 3361 qui
1324 3290 1428 3349 omnia
1448 3289 1501 3350 sua
1522 3285 1605 3352 bone
1626 3290 1657 3351 in
1678 3308 1825 3365 pauperes

256 3368 339 3443 tari,
355 3366 517 3444 abscondi,
538 3370 591 3433 vel
611 3369 745 3433 dislribni
762 3367 903 3442 pollent,
919 3367 1020 3431 veluti
1054 3363 1227 3441 erogabant
1248 3411 1258 3440 ‚
1286 3365 1366 3430 bona
1384 3365 1446 3431 sue
1464 3365 1754 3449 Eoc‘le‘simomnino
1770 3390 1827 3435 art·

254 3448 400 3525 pecunia,
417 3465 471 3511 aut
488 3469 534 3512 res
555 3449 591 3512 ad
613 3447 744 3525 vislum,
763 3447 797 3513 ἃ
813 3443 955 3510 amisium
971 3463 1022 3508 ne.
1055 3463 1127 3522 gere
1145 3442 1309 3508 curabant.
1405 3462 1409 3472 “

253 3523 397 3602 cessarit,
413 3543 447 3590 ut
459 3525 666 3604 frumentum,
682 3529 809 3603 vinum,
826 3526 956 3599 oleum,
969 3545 1022 3588 ve·
1095 3523 1186 3609 Bona
1206 3525 1257 3586 illa
1274 3539 1365 3587 erant
1384 3527 1488 3588 omnia
1507 3528 1680 3591 eommunia
1698 3575 1707 3602 ,
1732 3527 1766 3592 dt
1786 3549 1826 3594 ex
1838 3522 1969 3575 ³⁰⁰ffi²⁸

255 3602 313 3667 fler
332 3622 390 3678 pro
412 3604 608 3680 pauperibus.
630 3605 745 3682 ludaei,
764 3607 815 3680 qui
837 3607 896 3667 iam
913 3603 1021 3666 assueti
1058 3603 1194 3678 Episcopi
1223 3619 1303 3667 nutu
1327 3601 1590 3668 distribuebantur
1621 3608 1705 3670 inter
1728 3607 1825 3671 Cleri·
1842 3602 1857 3659 5
1870 3603 1924 3661 ἦ*

254 3698 348 3749 erant
368 3680 479 3750 offerre
507 3685 576 3748 Deo
599 3687 748 3761 primitias
778 3681 899 3760 frugum
920 3729 929 3756 ,
954 3701 1023 3744 nec·
1056 3703 1107 3744 cos
1122 3729 1131 3757 ‚
1146 3679 1180 3745 dt
1201 3702 1367 3758 pauperes.
1398 3682 1468 3746 Mos
1488 3688 1657 3764 generatim
1674 3683 1759 3762 fuit,
1783 3665 1967 3766 utffl'ass

254 3782 317 3827 non
334 3765 421 3825 varia
443 3760 568 3831 subsidia
593 3764 631 3828 ad
660 3783 736 3831 vota
757 3811 765 3840 ,
787 3762 821 3827 dr
841 3759 1020 3836 Sacrificia,
1076 3778 1188 3825 uatuor
1216 3778 1317 3836 parter
1344 3760 1484 3839 fierent,
1510 3784 1641 3838 quarum
1665 3785 1726 3828 une
1748 3766 1820 3842 Epi·
1835 3779 1963 3834 morin&

253 3863 325 3904 tom
340 3840 628 3909 Christianifierent
650 3891 658 3918 ,
684 3838 1023 3932 ideminslitutumsub
1056 3783 1145 3915 scopo
1165 3888 1174 3918 ,
1198 3839 1315 3905 &eius
1332 3840 1472 3906 Familiae
1555 3861 1621 3920 pter
1637 3845 1678 3907 ho
1692 3845 1826 3919 pitellta·
1843 3844 1870 3888 ¹⁰
1903 3857 1969 3910 φη·

256 3920 428 3999 Evangelio
444 3941 553 4000 urgere
567 3922 753 3988 censuerunt
765 3936 778 3984 .‘
793 3923 905 3997 Pagani
916 3919 1022 3986 itidem
1057 3937 1121 3986 tem
1136 3920 1356 3996 exercendem,
1378 3920 1476 3984 altera
1517 3924 1582 3989 lero
1603 3971 1612 4001 ,
1641 3927 1736 3988 tertia
1754 3946 1826 3998 pau·
1840 3919 1963 3982 ⁸⁸⁰¹&-

256 3999 293 4066 ad
302 4000 600 4069 Chrislumcouverli
623 4006 706 4067 ω’
781 4000 935 4079 sumptus,
951 4020 1023 4074 quos
1058 3998 1177 4076 peribus
1199 4019 1334 4079 ,quarta
1353 4000 1490 4064 Ecclesris
1516 4003 1692 4079 reparandis
1712 4003 1826 4084 cessit,
1842 3983 1968 4087 appu:

255 4097 349 4143 antea
375 4084 407 4142 in
423 4080 576 4149 Sacrificia
600 4082 698 4147 idolor
775 4127 784 4158 ,
813 4079 848 4145 ἃ
868 4079 1023 4156 prophana
1055 4079 1092 4146 ἀ
1109 4079 1175 4144 haec
1192 4078 1300 4145 divisio
1315 4102 1376 4143 non
1390 4077 1451 4146 suit
1472 4079 1652 4160 fundorum,
1668 4083 1717 4146 led
1738 4097 1948 4149 merebantur.

254 4156 670 4235 spestatulasacereconsuev
727 4178 782 4238 nt,
801 4177 1023 4225 converterunt
1058 4160 1235 4223 reddituum
1256 4157 1419 4238 assignatio
1437 4182 1449 4235 ‚·
1470 4162 1588 4225 clericis
1610 4184 1671 4226 non
1691 4184 1829 4227 commu·

247 4242 287 4301 in
302 4238 621 4306 oblationesEcclesrae
640 4242 675 4307 ad
703 4237 1022 4305 odemususChrillia·
1059 4242 1140 4301 niter
1171 4239 1381 4315 viventibus,
1406 4241 1550 4314 vesquia
1577 4241 1697 4305 Uxores
1723 4242 1828 4306 sortiti

254 4319 721 4392 nepietans‘.0blationesrstn
733 4317 1027 4400 voluntariaefuerep
1058 4318 1154 4381 essent
1175 4364 1183 4395 ,
1206 4319 1258 4380 vel
1279 4320 1346 4382 aliis
1366 4321 1404 4382 de
1419 4320 1552 4395 caussis,
1573 4320 1748 4399 stipendis,
1776 4325 1828 4386 vel

257 4395 383 4473 adquae
404 4397 567 4463 Antistites
595 4400 740 4479 populum
765 4400 888 4465 fidelem
915 4400 1024 4464 horta·
1059 4396 1312 4476 hebdomadaria,
1330 4398 1383 4463 vel
1402 4399 1584 4472 menslrua,
1616 4401 1716 4464 velin
1738 4423 1828 4478 pecu·

254 4475 453 4623 brutum}e
494 4478 769 4557 ,puale,quendo
791 4497 1024 4556 ,acquantum
1058 4480 1111 4541 nia
1128 4495 1288 4541 numerata
1310 4479 1383 4556 ,vel
1401 4482 1431 4542 in
1453 4498 1537 4542 certa
1556 4482 1740 4544 cibariorum
1797 4505 1826 4546 r·

255 4555 397 4632 vellent,
452 4556 515 4623 lin
534 4557 805 4636 hebdomadas,ut
824 4559 935 4624 Paulus
956 4560 1023 4624 lirc-
1058 4560 1170 4631 tione,
1191 4578 1261 4631 quae
1283 4557 1409 4633 proinde
1425 4560 1593 4636 praebendae
1618 4582 1732 4625 nornen
1763 4585 1827 4627 uro·

255 4633 307 4699 det
326 4635 404 4712 ,vel
426 4638 458 4700 in
478 4634 621 4716 menses,
649 4640 699 4703 vel
720 4642 813 4704 aliter
832 4637 1021 4707 offerebant.
1058 4636 1135 4715 plit,
1157 4637 1456 4716 suppeditabantur,
1483 4659 1551 4715 quae
1573 4661 1734 4717 proopere
1747 4662 1829 4721 prc-

254 4715 317 4780 Hae
334 4715 446 4781 deletae
461 4736 549 4784 erant
569 4717 606 4782 ad
628 4716 822 4800 Episcopum,
846 4718 898 4782 vel
919 4722 1024 4784 incer·
1059 4716 1132 4780 ssito
1153 4719 1255 4793 augeri
1277 4719 1327 4781 vel
1345 4723 1441 4782 minui
1458 4736 1627 4796 poterant.
1651 4722 1708 4785 Sed
1723 4721 1754 4783 hi
1772 4724 1829 4785 Ec·

256 4813 325 4859 tum
340 4794 462 4873 locum,
477 4797 585 4862 relatae
609 4798 682 4876 ,ubi
701 4799 830 4864 Diaconi
850 4798 1023 4865 oblationes
1057 4795 1155 4862 clesrae
1171 4795 1302 4860 Minillri
1316 4848 1323 4874 ,
1335 4803 1389 4874 ¹qui
1411 4800 1449 4865 ab
1464 4799 1598 4865 Ecclesia
1619 4801 1829 4876 alondlcrant,

255 4892 398 4952 acceptas
419 4875 647 4956 reservabant,
670 4878 704 4943 δι
724 4900 763 4942 err
784 4897 863 4941 nutu
885 4877 1023 4954 Episcopi
1058 4895 1094 4940 ut
1125 4878 1237 4953 populo
1261 4879 1435 4955 exemplum
1454 4877 1655 4956 :perfeetionis
1677 4880 1830 4945 Chrislit·

255 4952 421 5019 secuodum
443 4974 641 5024 occurrentes
665 4957 849 5036 indigentias
877 4956 1027 5037 dispensa·
1056 4978 1107 5020 nae
1129 4958 1338 5035 exhiberent,
1364 4959 1527 5036 saepeiure
1555 4958 1609 5024 suo
1636 4959 1772 5038 negretto
1795 4982 1831 5025 o-

254 5034 331 5098 bant
351 5037 439 5100 iuxta
463 5036 637 5114 euemplum
660 5035 771 5103 Christi
793 5038 915 5103 Domini
939 5040 1029 5116 ,oui
1055 5040 1143 5101 mnia
1176 5037 1353 5115 pauperibus
1381 5040 1585 5117 relinquendo
1611 5042 1695 5106 Pauli
1727 5061 1835 5104 erremm

252 5113 293 5185 sd
314 5113 394 5183 bunc
419 5113 512 5187 finem
537 5116 652 5186 loculos
678 5115 830 5186 habebnt.
856 5113 1030 5207 Epffcopus'
1049 5118 1109 5198 plo
1121 5165 1131 5198 ,
1147 5116 1184 5186 dt
1199 5112 1364 5192 senonim
1385 5139 1541 5261 przcepto
1570 5141 1609 5187 eir
1628 5120 1831 5267 proprbiislr'·

282 5248 285 5253 ,
1464 5219 1483 5278 g
1522 5219 1540 5261 2
1732 5220 1795 5267 orr-
