4425 6000
502 537 708 614 Tnact.
738 560 803 618 ut
834 537 1180 613 Innuet-rita
1207 533 1276 612 dcc.
1303 533 1421 610 Cae.
1448 530 1503 606 tl.
1676 552 1746 627 113

241 642 297 720 bu
323 655 360 708 ut
378 636 430 705 bic
456 655 552 716 equus
580 636 728 716 locatus,
752 655 807 703 vat
831 636 1001 704 commoda·
1033 657 1087 706 cet
1105 636 1270 704 censendus
1292 631 1330 699 srt
1353 634 1492 701 assentiri
1510 648 1546 698 ut
1573 636 1674 711 petitu
1690 657 1744 715 per
1763 625 1799 692 fi·

241 742 327 804 mm,
347 721 413 788 hoc
438 736 485 783 res
509 715 664 797 deposita,
688 736 764 786 tunc
780 719 859 794 perit
873 714 927 793 ipsr
946 715 1002 780 do·
1035 718 1151 797 delem,
1167 736 1258 797 quam
1276 735 1330 794 per
1345 713 1501 783 infidelem
1517 713 1675 794 personam
1697 734 1745 782 ret
1764 717 1800 777 lr-

241 809 341 880 nitto,
361 801 488 865 minime
508 818 584 865 vero
598 797 752 877 debituri‚·
772 797 886 865 idcirco
899 796 950 861 bic
967 796 1002 861 li·
1036 800 1065 864 bi
1081 799 1185 869 debita
1199 796 1239 865 ad
1254 792 1349 874 ipsum
1366 797 1612 874 transmittatur,
1633 817 1697 866 non
1721 814 1798 862 cou-

241 903 362 954 rttatnr
390 878 430 946 ab
457 897 552 945 onere
579 880 738 945 reiterata
767 878 1000 945 restitutionis.
1037 877 1129 943 sentit
1158 896 1263 949 taruco
1301 877 1399 946 tacite
1428 875 1528 953 quoad
1558 879 1640 957 hoe,
1671 873 1802 958 quodst
1878 933 1886 945 .

241 957 363 1036 Etbaec
382 958 425 1026 eli
446 958 601 1024 sententia
623 959 826 1036 communir,·
853 960 925 1037 quia
955 975 1002 1021 res
1037 956 1215 1028 transmissa
1231 974 1365 1037 pereat,
1388 953 1440 1021 sibi
1462 978 1525 1023 ooo
1540 959 1673 1027 debitori
1690 962 1802 1029 debeat

241 1043 276 1112 be
295 1042 399 1111 debita
422 1040 457 1102 in
476 1039 635 1104 individuo
658 1037 710 1104 seu
726 1036 919 1116 singulariter
938 1032 1003 1113 spe·
1037 1041 1154 1117 perite,
1168 1060 1240 1105 cuna
1260 1058 1323 1104 non
1342 1037 1508 1106 censeatur
1530 1042 1628 1105 tacite
1648 1044 1801 1111 consenti·

241 1123 298 1198 bat
315 1122 354 1189 ad
371 1120 542 1187 dominium
562 1116 680 1184 astuale
698 1117 831 1197 domini,
860 1117 911 1183 seu
928 1115 1003 1184 cre
1036 1138 1069 1186 re
1084 1118 1166 1195 quod
1180 1140 1219 1185 ea
1234 1119 1271 1186 ad
1287 1113 1381 1194 ipsum
1397 1121 1565 1196 mittatur,
1580 1121 1635 1186 uisi
1651 1144 1802 1191 cumcon-

241 1206 365 1279 liturit,
385 1222 456 1270 cum
476 1219 530 1278 per
546 1199 624 1263 tales
642 1194 816 1264 contrasiur
833 1198 1003 1263 dominium
1036 1200 1170 1278 ditione,
1185 1199 1264 1276 quod
1284 1219 1356 1264 cum
1369 1195 1477 1263 effedo
1504 1219 1598 1282 vere,
1619 1201 1655 1272 ἀ
1676 1205 1803 1275 realiter

241 1284 406 1356 edomino
434 1282 478 1345 rei
508 1281 541 1341 in
568 1278 663 1346 alium
686 1298 748 1343 non
779 1275 1002 1346 transferatur.
1039 1296 1083 1342 rer
1102 1275 1153 1360 sibi
1173 1278 1343 1367 transmisit
1360 1277 1410 1367 ipsi
1428 1279 1589 1346 reddatur.
1607 1283 1648 1348 lit
1665 1283 1722 1352 boc
1732 1305 1803 1362 pro·

241 1364 346 1434 omnir
366 1378 472 1427 autem
492 1377 539 1422 rer
554 1353 679 1440 dodtino
698 1352 752 1425 suo
772 1362 872 1437 perit,
891 1355 1004 1426 idcirco
1036 1357 1130 1432 batur
1148 1378 1190 1428 ex
1205 1377 1265 1439 cap.
1283 1360 1475 1441 significante
1496 1380 1526 1444 7.
1542 1363 1580 1428 de
1596 1362 1740 1447 pignorib-

241 1442 357 1518 lebitor
377 1437 417 1505 sic
436 1462 503 1505 tem
521 1434 735 1522 transmittent
750 1459 812 1503 non
830 1436 1010 1505 teneturad

241 1523 417 1664 alteriorerrsr
437 1516 693 1661 τῖῆτξὲιτὶοηεωι,
718 1535 754 1584 ut
774 1519 811 1586 de
831 1515 1003 1662 commodior·
1301 1524 1329 1587 5.
1370 1517 1530 1586 xxxii.

241 1620 274 1674 tu
291 1623 331 1668 er
355 1603 430 1666 rese
482 1619 499 1661 a
540 1599 646 1662 turin
687 1611 869 1678 .argentum
898 1616 947 1661 το.
993 1639 1001 1657 .
1420 1637 1424 1646 ·
1601 1640 1607 1651 -
1660 1646 1666 1659 .

241 1625 431 1751 mmddati.
447 1680 478 1741 Si
498 1695 603 1742 autem
621 1681 670 1743 ree
685 1679 789 1744 debita
808 1700 871 1743 non
895 1676 933 1745 fit
953 1676 1003 1745 de·
1100 1639 1144 1703 Β(
1158 1635 1257 1723 “uffls
1272 1633 1477 1722 “sus‘'mbus
1492 1658 1511 1702 ‘¹
1527 1641 1718 1721 mmmm
1727 1690 1735 1707 ·

241 1763 436 1837 terminata'
477 1756 638 1822 individuo
677 1753 725 1821 sed
746 1758 962 1829 tantummodo
973 1760 1003 1820 in
1077 1752 1198 1820 Caussa
1220 1774 1287 1832 quae
1307 1752 1425 1833 prorsus
1439 1754 1586 1821 excusare
1603 1757 1710 1825 valent
1727 1779 1803 1827 are-

241 1839 256 1914 i
308 1844 357 1919 ὀ,
375 1837 450 1905 dc‘a
465 1842 496 1904 ia
523 1804 723 1914 equivalenti
744 1840 833 1903 iuxta
863 1837 1003 1916 exempla
1038 1828 1218 1913 stitutione,
1233 1838 1366 1927 quinque
1387 1839 1574 1915 generatim,
1588 1835 1624 1902 dc
1639 1844 1731 1917 preci
1754 1860 1803 1907 uae

306 1941 325 1986 a
348 1920 445 1985 allata
469 1919 506 1983 de
531 1919 659 2008 pecunia
682 1936 822 1984 mutuata
847 1918 908 1987 &n
928 1935 1003 1984 tunc
1037 1912 1234 2008 recensentur
1256 1914 1400 1983 videlicet
1427 1918 1573 1986 interitus
1593 1913 1646 1982 seu
1663 1863 1804 1985 condim-

241 1942 362 2068 dueditot
381 1998 455 2066 licet
475 2018 542 2063 earn
561 2013 670 2060 mittat
690 2017 742 2073 per
770 1996 927 2075 personam
950 1996 1003 2063 ha·
1039 1998 1104 2070 ptio
1126 2015 1167 2058 ret
1185 2015 1218 2058 tn
1240 1993 1336 2071 lpecie
1355 1993 1465 2065 debitae
1488 1997 1548 2061 fine
1564 1998 1627 2063 ulla
1643 1999 1734 2075 culpa
1752 1999 1805 2065 de·

241 2079 337 2148 bitem
351 2082 445 2144 etiam
465 2074 690 2155 fidelissimam,
724 2076 744 2139 fi
765 2082 831 2143 eius
852 2078 972 2143 malitia
998 2126 1006 2152 ‚
1036 2074 1145 2152 bitpris
1164 2074 1254 2140 bonae
1280 2072 1351 2140 fidei
1371 2099 1382 2154 t
1406 2078 1545 2153 legitima
1571 2075 1729 2157 expressa,
1749 2080 1805 2145 vel
1913 2124 1926 2145 .›

241 2158 293 2228 rel
311 2179 498 2237 quocumque
513 2174 632 2221 eventu
647 2175 776 2237 pereat,
792 2162 870 2236 perit
885 2158 1004 2223 debito·
1040 2158 1138 2220 tacita
1155 2154 1326 2219 Creditotia
1343 2156 1494 2235 remiffio,
1515 2155 1568 2223 sen
1590 2158 1806 2243 condonatio,

241 2242 285 2319 ri,
302 2239 470 2306 &tenetur
485 2240 638 2301 reiterato
658 2238 835 2304 iellituere.
860 2240 1004 2303 Siccom·
1037 2231 1138 2300 Cellio
1163 2231 1343 2313 bonorum;
1372 2237 1592 2313 Compensatio
1619 2236 1716 2316 sellu
1747 2240 1806 2306 Su·
1852 2250 1855 2253 ’
1977 2315 1980 2322 Δ

241 2322 374 2400 τητίτττ
394 2316 464 2381 DD.
484 2315 569 2390 Quia
593 2315 722 2384 ubinou
744 2320 827 2387 idern
850 2339 1003 2397 numero,
1040 2316 1163 2391 periuris
1195 2310 1387 2384 autoritas.
1417 2318 1466 2386 Sic
1498 2323 1704 2387 communiter
1740 2338 1805 2387 tra·

241 2397 291 2466 stu
311 2402 342 2461 in
363 2396 544 2476 individuo,
563 2392 611 2462 sed
632 2396 711 2460 idem
728 2415 850 2465 tanturn
867 2404 899 2463 in
912 2420 1005 2477 gene·
1038 2395 1116 2458 dunt
1137 2392 1204 2458 DD.
1230 2472 1237 2485 ι

241 2499 294 2559 τε,
310 2473 362 2543 seu
378 2473 476 2555 specie
495 2476 678 2542 reddendum
692 2474 755 2557 eli,
770 2497 805 2544 ut
827 2480 864 2545 lit
884 2484 915 2545 in
935 2503 1003 2545 mu·
1079 2476 1182 2567 Prima
1198 2475 1293 2566 igitur
1307 2473 1409 2569 caussa
1428 2498 1496 2556 quae
1519 2480 1653 2554 letitime
1677 2477 1805 2548 eucusat

241 2576 298 2629 tuo
359 2558 518 2632 emptione
547 2558 608 2622 dcc.
639 2556 808 2622 dominium
838 2563 881 2625 rei
909 2560 1003 2625 millae
1040 2551 1274 2620 arellitutrone
1298 2554 1342 2620 est
1369 2562 1516 2623 interitus
1542 2555 1592 2625 seu
1612 2559 1807 2637 consumptio

241 2604 362 2704 tundiu
385 2654 491 2701 manet
514 2638 594 2714 apud
618 2636 787 2702 debitorem
808 2688 817 2716 ,
841 2642 942 2711 ,donec
968 2640 1004 2704 ad
1040 2632 1112 2728 talis
1133 2634 1178 2697 tei
1195 2634 1227 2695 in
1244 2630 1359 2711 specie,
1375 2632 1426 2702 seu
1443 2641 1543 2715 potius
1559 2640 1658 2706 dicam
1677 2644 1709 2706 in
1727 2638 1806 2705 indi-

241 2737 347 2784 manus
356 2716 517 2782 creditoris
534 2718 1005 2795 perveniat:undesrmteqmm
1041 2712 1137 2776 thuo
1156 2712 1235 2789 11)υᾶ
1260 2714 1453 2789 possessorem
1476 2718 1566 2783 bonae
1596 2718 1692 2786 fidei.
1723 2720 1806 2786 Nm

241 2798 279 2868 ad
297 2796 440 2864 eumdem
456 2798 616 2874 perveniat
633 2800 731 2875 perire
740 2801 922 2877 contingat,
938 2803 1006 2863 iux·
1039 2791 1288 2885 quandocumque
1311 2812 1361 2858 rer
1386 2796 1464 2871 apud
1483 2797 1589 2885 ,talem
1609 2799 1806 2876 possessorem

241 2891 274 2944 ta
287 2877 462 2957 generalem
479 2877 615 2956 regulam
629 2876 752 2941 domino
773 2881 852 2956 perit
871 2877 944 2943 idest
953 2879 1004 2941 de·
1042 2889 1145 2946 pereat
1160 2866 1222 2933 fine
1238 2869 1328 2948 ¹l²s¹¹1⁸
1342 2874 1451 2952 ⁶¹1¹l³22
1472 2880 1535 2938 ¹¹⁹⁸
1551 2900 1569 2941 ²
1586 2878 1643 2941 tali
1662 2880 1807 2950 110111ίῖ1)-

241 2954 354 3035 bituri,
376 2978 411 3022 ac
428 2956 553 3032 proinde
573 2955 622 3022 bic
643 2952 744 3024 denuo
763 2958 921 3026 remilltm
936 2958 1004 3025 red·
1041 2970 1074 3044 [9
1092 2946 1287 3016 consumetur
1308 3001 1316 3031 ,
1346 2973 1458 3019 necet
1480 2976 1521 3019 ea
1542 2955 1636 3023 satius
1652 2957 1690 3022 sit
1709 2959 1806 3029 ditior

241 3036 314 3105 dere
335 3053 477 3103 tenetur.
1039 3028 1189 3097 liberatur
1211 3030 1249 3095 ab
1271 3036 1355 3122 omni
1384 3035 1589 3101 restitutionis
1615 3039 1733 3105 debito.
1757 3040 1806 3106 lta

277 3116 370 3183 cirea
389 3116 557 3184 debitorem
578 3136 652 3183 vero
668 3138 706 3183 ex
723 3116 858 3195 delislo,
884 3116 935 3184 seu
959 3117 1005 3182 in-
1038 3111 1243 3205 communiter
1261 3130 1304 3205 ex
1324 3126 1373 3177 crt.
1393 3132 1453 3193 erp.
1473 3113 1696 3197 cognoscenter.
1725 3121 1807 3185 Cum

241 3195 321 3263 iulia
345 3199 524 3272 acceptione
552 3202 743 3262 communius
768 3196 1005 3276 &probabilior
1038 3210 1122 3254 enlm
1137 3189 1283 3257 debitoris
1296 3195 1387 3271 culpa
1402 3200 1677 3264 contraiullitiam
1694 3221 1742 3264 res
1753 3201 1808 3267 illa

241 3270 378 3343 sentiunt
401 3277 467 3342 DD
493 3276 571 3353 quod
594 3275 656 3342 five
676 3298 724 3341 res
743 3276 946 3344 determinata
966 3275 1004 3342 fit
1040 3290 1101 3335 11011
1117 3272 1241 3347 perierit
1256 3320 1265 3350 ,
1280 3273 1400 3338 nulium
1414 3273 1458 3339 est
1476 3272 1707 3345 fundamentum
1727 3281 1807 3346 unde
1926 3328 1928 3330 v

241 3357 301 3423 iul
342 3359 418 3434 cie,
449 3355 513 3421 slve
534 3360 565 3419 in
585 3356 810 3435 individuu,sr
838 3355 1004 3424 transmisit
1039 3352 1161 3415 oriatur
1181 3350 1561 3443 obligatiorellituendi.
1591 3360 1664 3424 Dixi
1691 3382 1745 3427 nte
1768 3382 1807 3426 ex

241 3435 278 3509 td
337 3435 485 3503 editorem
499 3455 554 3512 per
570 3436 727 3515 personam
761 3437 1004 3504 uantumvisha·
1039 3451 1073 3495 ee
1092 3428 1195 3510 fedius
1217 3433 1258 3512 fit
1286 3432 1402 3514 datror;
1429 3441 1497 3512 quia
1528 3441 1559 3500 in
1583 3441 1642 3503 1211
1666 3438 1737 3505 usu
1758 3445 1808 3505 uti

241 3512 339 3583 bitum
354 3513 476 3585 fidelem
493 3533 568 3591 puta
599 3536 652 3593 per
671 3460 916 3594 Conseslarium,
933 3538 1005 3595 quo·
1041 3511 1117 3574 alias
1132 3513 1193 3574 iam
1210 3514 1360 3590 diximus,
1381 3517 1410 3579 id
1426 3518 1553 3581 domino
1573 3518 1735 3584 restituere
1754 3521 1808 3584 de-

241 3615 370 3672 cumque
397 3611 516 3660 eventu
544 3595 669 3659 domino
699 3615 763 3659 non
793 3596 1006 3675 rellituatur,
1039 3589 1146 3666 beret,
1164 3609 1204 3653 Β
1228 3612 1288 3669 quo
1311 3589 1405 3660 fanus
1424 3593 1467 3658 est
1488 3595 1554 3673 plus
1576 3597 1709 3676 habent,
1727 3599 1808 3674 quod

241 3670 292 3743 seu
309 3690 436 3752 pereat,
455 3677 534 3749 perit
555 3672 772 3749 ipst‘Debitori
792 3717 800 3736 .
824 3675 874 3739 Sic
894 3695 1005 3741 contra
1040 3668 1083 3733 est
1105 3672 1147 3733 rei
1172 3670 1244 3746 quid
1265 3674 1455 3749 aequivalens
1476 3697 1485 3752 ;
1510 3697 1580 3738 cnm
1601 3697 1723 3754 aequttm
1744 3693 1808 3742 nott

279 3775 356 3820 ucos
375 3751 518 3828 Lelstus,
543 3751 593 3822 Lu
613 3773 634 3815 o
654 3799 664 3826 ,
690 3753 825 3818 Navarr.
854 3755 1004 3835 Sylvius,
1039 3746 1076 3814 srt
1098 3745 1228 3826 aliquem
1246 3769 1285 3814 ex
1305 3752 1407 3816 alieno
1422 3755 1551 3818 divitem
1573 3755 1641 3819 fieri
1658 3759 1747 3823 iuxta
1759 3777 1808 3822 ree

274 3853 377 3908 enno,
401 3831 565 3904 TOletusr
642 3832 693 3894 alii
714 3836 943 3899 communiter.
965 3835 1004 3900 Et
1040 3827 1143 3909 gulam
1163 3828 1238 3894 alias
1258 3829 1388 3917 allatam
1405 3835 1481 3896 iuris
1499 3840 1529 3895 in
1547 3837 1576 3894 6.

241 3916 323 3979 ratio
341 3907 493 3986 potissima
509 3907 570 3986 esi,
588 3913 660 3987 quia
678 3914 709 3976 in
727 3912 783 3976 tali
805 3911 941 3978 debitore
965 3936 1005 3979 ex
1077 3907 1215 3973 Secunda
1234 3912 1337 3974 caulla
1360 3933 1377 3975 a
1403 3911 1573 3977 redditione
1600 3918 1733 3985 omnim
1750 3938 1809 3982 ex·

241 3988 353 4057 delislo
376 3988 472 4055 adhuc
500 3987 672 4066 perseverat
700 3991 788 4056 radix
813 3991 1005 4072 obligationis
1038 3985 1144 4052 cusanc
1170 3986 1212 4050 est
1233 3988 1254 4050 st
1275 3990 1416 4057 Creditor
1442 3994 1606 4069 expresl'e,
1631 3997 1683 4064 vel
1701 4003 1809 4063 -tatite

241 4071 277 4135 ad
297 4067 544 4148 restituendum,
567 4090 678 4149 nempe
707 4071 817 4135 ininsla
840 4077 1003 4151 acceptio:
1038 4069 1177 4132 debitum
1204 4072 1372 4146 remittat,
1401 4070 1454 4135 seu
1473 4073 1626 4139 condonet
1646 4075 1810 4144 modo

241 4168 298 4215 uec
329 4149 472 4214 Creditur
495 4170 535 4213 ex
554 4149 698 4219 debitoris
720 4150 832 4218 delisio
862 4153 1005 4218 damnum
1039 4166 1144 4212 tamen
1166 4151 1197 4210 in
1217 4152 1271 4212 tali
1299 4150 1488 4231 remissione,
1507 4152 1559 4218 seu
1578 4154 1807 4223 condonatcone

241 4227 340 4295 subire
359 4227 470 4306 debet,
498 4251 569 4293 curn
591 4250 655 4295 non
679 4230 789 4298 debeat
819 4230 897 4297 alius
925 4233 1005 4296 alte·
1039 4226 1189 4302 requisita:
1204 4229 1395 4294 conditiones
1412 4251 1616 4310 concurrant,
1636 4235 1707 4310 quia
1723 4233 1810 4299 relli-

241 4311 303 4372 rius
322 4309 394 4371 odio
417 4311 608 4388 pergravari,
629 4329 664 4376 ut
691 4309 827 4390 expresse
859 4310 1004 4377 statuitur
1040 4307 1126 4370 tutio
1145 4302 1283 4373 facienda
1303 4307 1346 4371 cll
1367 4329 1407 4372 ne
1427 4312 1565 4375 dominus
1586 4316 1729 4382 iniuriam
1756 4334 1811 4391 pa·

241 4390 273 4453 in
288 4393 358 4466 cap.
389 4392 459 4452 Non
477 4387 558 4454 debet
574 4407 624 4452 aa.
645 4393 682 4456 de
707 4390 817 4470 tegulis
834 4394 906 4456 iuris
926 4394 957 4455 in
974 4396 1002 4454 6.
1040 4389 1155 4450 tiatur.
1177 4387 1252 4450 Non
1271 4391 1389 4464 patitur
1405 4407 1511 4454 autem
1526 4396 1667 4457 iniuriam
1701 4395 1808 4473 quiin

241 4464 367 4548 Insuper
384 4467 404 4530 li
426 4490 472 4532 res
494 4472 606 4545 periret
625 4473 658 4532 in
678 4491 769 4536 uranu
785 4471 932 4537 debitoris
953 4470 1004 4549 ipli
1038 4465 1110 4531 bere
1133 4468 1268 4553 remittit
1287 4464 1358 4557 Cep.
1383 4469 1490 4548 scienti
1549 4442 1809 4560 &consentienti

241 4542 370 4613 debitori
387 4552 516 4626 periret,
537 4565 573 4613 ut
582 4569 685 4615 omnes
697 4551 857 4628 fatentur,
873 4550 953 4615 idem
962 4548 1004 4616 esi
1038 4566 1086 4630 ²7·
1102 4545 1310 4625 deteguntur.
1330 4567 1364 4612 tn
1383 4552 1412 4612 6.
1429 4521 1629 4632 Unusqursqut
1644 4556 1731 4632 plane
1746 4554 1809 4619 iuri

241 4627 250 4641 ⁶
282 4641 356 4702 tut,
379 4624 400 4689 fi
423 4646 524 4704 pereat
542 4627 621 4704 apud
637 4629 878 4708 confessarium,
899 4647 953 4695 aut
974 4653 1004 4696 a·
1033 4626 1088 4708 suo
1103 4627 1206 4690 cedere
1218 4628 1326 4709 potest.

340 4706 495 4782 personam
513 4704 649 4777 habitam
675 4730 693 4773 a
710 4710 846 4776 debitore
867 4709 1004 4791 fidelem,
1081 4704 1196 4794 ‘latita
1215 4706 1347 4775 remissio
1380 4712 1447 4779 lieri
1469 4711 1611 4777 censetur
1631 4731 1649 4777 t
1669 4712 1813 4777 credito·

241 4782 314 4849 dtno
329 4783 417 4865 ipsius
431 4786 576 4857 debitoris
597 4787 754 4865 personam
770 4809 904 4870 gerunt.
1040 4788 1114 4850 reli
1139 4783 1392 4868 instrumentum,
1412 4791 1463 4857 seu
1487 4809 1605 4857 cartam
1631 4793 1741 4857 crediti
1764 4793 1811 4856 la·

278 4862 349 4931 Nec
370 4864 430 4930 dici
456 4868 554 4943 potest
579 4867 772 4935 creditorem
800 4873 831 4934 in
852 4872 908 4936 tali
933 4868 1004 4935 casn
1039 4862 1229 4956 ceret,.live
1250 4885 1324 4933 ante
1352 4870 1538 4937 solutionem
1566 4872 1661 4937 libere
1689 4870 1725 4936 dr
1756 4891 1812 4933 vo.

241 4946 338 5013 urite
363 4944 534 5014 consentire
559 4946 632 5013 idest
655 4949 735 5026 qood
755 4971 801 5015 res
829 4949 880 5017 fibi
901 4949 1004 5015 debita
1041 4947 1176 5031 luntanrre
1200 4945 1286 5011 ultro
1311 4950 1385 5014 illud
1414 4949 1520 5016 reddat
1547 4949 1702 5016 debitori.
1725 4948 1812 5028 Quia

241 5041 294 5118 per
315 5023 438 5089 fidelem
461 5029 605 5093 nuntium
625 5028 752 5095 adeum
771 5034 1004 5107 mittatur,cu·
1041 5023 1097 5090 hoc
1118 5026 1375 5095 lacerecensetur
1396 5032 1500 5095 animo
1519 5031 1710 5096 condonandi
1757 5025 1813 5092 nist
1914 5064 1922 5070 -
2026 5058 2028 5063 ¹

241 5099 369 5169 tusmodi
390 5102 593 5173 confessarius
613 5106 767 5175 habendus
793 5109 860 5187 est,
880 5113 950 5188 quia
970 5109 1006 5173 li·
1040 5123 1080 5171 ex
1097 5103 1217 5169 indidit
1240 5105 1272 5171 δι
1293 5107 1526 5178 circumstantiir
1546 5111 1631 5186 secut
1651 5105 1718 5174 resu
1732 5126 1782 5177 tet
1796 5148 1812 5170 ι
1915 5179 1918 5186 .

314 5184 656 5269 tnstit.1htd.nural.
679 5187 770 5255 Tum.
794 5187 847 5253 lll.
1341 5258 1343 5263 ,
1488 5188 1520 5250 Η
1722 5185 1775 5263 lta
