4425 6000
455 513 535 593 abo
703 508 1692 587 'fracmoacouruaomCanXVll.·

398 633 513 680 eontra
542 611 702 689 quamdam
730 612 852 676 domum
880 612 1033 675 Oratorii.
1063 612 1094 673 Si
1121 628 1165 675 ta·
1200 610 1376 676 futurorum
1396 607 1570 688 ususruslu,
1593 615 1662 688 quia
1683 631 1744 678 uon
1764 613 1841 679 esset
1870 610 1963 679 dona·

401 714 472 759 men
493 697 619 759 donatio
638 713 703 757 non
723 693 852 756 excedat
874 691 986 754 limites
1007 690 1093 756 iuliae
1101 712 1166 771 gra·
1200 695 1247 755 tio
1262 694 1397 756 omnium
1417 690 1566 756 bonorum
1581 689 1778 771 simpliciter,
1797 691 1831 756 ἃ
1853 691 1966 758 absolu·

399 773 542 838 titudinis
561 770 685 838 censent
706 772 798 849 aliqui
818 791 880 835 non
898 774 959 835 elle
975 791 992 833 a
1009 773 1107 836 iudice
1119 793 1166 836 re·
1201 790 1250 848 te,
1275 789 1370 846 neque
1389 789 1426 833 ea
1447 771 1636 835 incommoda
1657 768 1783 836 afferret
1806 808 1816 840 2
1844 790 1966 850 propter

396 855 601 933 probandam.
625 869 652 933 3.
672 853 718 915 Ex
734 850 900 931 suspicione
920 856 1023 917 nimiae
1041 850 1167 916 anelon-
1200 872 1267 927 quae
1284 850 1411 913 donatio
1426 850 1579 916 bonorum
1598 854 1734 915 omnium
1751 849 1966 926 fimpliciter&

400 936 478 1003 tatis
504 936 536 994 in
566 938 670 997 animo
696 933 855 996 donatoris
879 931 1033 1008 provisum
1064 929 1123 996 suit
1149 953 1166 994 a
1200 929 1337 995 absolute
1359 929 1556 1006 prohibetur,
1577 948 1687 1009 nempe
1702 951 1741 993 ne
1756 931 1969 994 donansomni

400 1015 468 1075 iure
484 1059 493 1089 ‚
508 1032 548 1074 ne
569 1012 695 1089 medici,
711 1009 881 1091 chirurghi,
897 1011 932 1079 ἃ
952 1013 1003 1075 alii
1024 1011 1053 1075 id
1062 1032 1166 1091 genus,
1200 1011 1374 1087 expolietur
1399 1009 1547 1087 poteslate
1567 1007 1739 1086 disponendi
1752 1031 1804 1088 per
1814 1008 1974 1074 testamen·

400 1091 545 1156 advocati
567 1089 601 1156 ἃ
619 1109 829 1166 procuratores
845 1093 1007 1167 quidquam
1022 1091 1059 1156 ab
1075 1095 1165 1156 iisre·
1202 1108 1286 1155 tum.

401 1175 518 1246 cipiunt
538 1171 618 1235 ultra
641 1167 693 1236 sua
710 1170 856 1248 slipendia
870 1216 879 1245 ‚
894 1192 1022 1249 quorum
1042 1176 1166 1252 negotia
1240 1192 1269 1250 4
1291 1168 1339 1233 Ad
1357 1169 1551 1235 validitatem
1577 1168 1751 1238 donationis
1778 1170 2020 1244 requiruntursu

403 1269 517 1327 agunt.
1201 1249 1339 1327 quaedam
1368 1249 1603 1327 solemnitates,
1623 1247 1685 1311 sine
1714 1248 1820 1325 quibus
1848 1269 1886 1312 ea
1906 1269 1970 1312 non
1983 1261 2020 1322 nn

441 1329 552 1393 Tertia
572 1331 708 1396 conditio
729 1332 764 1395 ad
786 1330 960 1395 donationis
972 1331 1167 1395 validitatem
1201 1328 1345 1392 sublillit.
1368 1330 1464 1391 Prima
1476 1329 1516 1391 eli
1527 1329 1883 1407 acceptatiodonararii,
1905 1326 2020 1426 quiaffi¹

399 1408 462 1485 eli,
479 1428 514 1474 ut
533 1429 597 1487 res,
616 1432 685 1498 quae
703 1415 733 1474 in
762 1411 877 1474 donum
901 1411 992 1475 datur
1014 1414 1078 1475 dari
1100 1434 1165 1486 per·
1200 1430 1238 1473 ex
1256 1410 1329 1497 Leg-
1347 1414 1407 1471 Hoc
1430 1406 1496 1497 iure
1515 1407 1547 1472 ff·
1569 1409 1607 1498 de
1629 1409 1727 1473 domn
1751 1430 1809 1471 non
1831 1409 1918 1488 potest
1936 1406 1972 1471 li·
1986 1391 2020 1490 qq:

398 1493 547 1553 mittatur
566 1510 605 1554 eu
622 1491 729 1554 saltem
749 1492 858 1566 modo,
877 1511 938 1565 quo
957 1491 1063 1557 datur.
1080 1493 1150 1567 Qu
1201 1489 1342 1553 derainer
1357 1496 1467 1551 nolenti
1487 1507 1619 1566 acquiri,
1642 1485 1692 1551 seu
1714 1507 1748 1551 ut
1767 1487 2020 1564 tabennense

399 1589 433 1634 re
462 1589 527 1631 non
558 1586 642 1634 tenet
661 1589 687 1631 r.
715 1569 845 1638 donario
876 1569 951 1634 salla
982 1575 1012 1635 in
1031 1569 1167 1636 fraudem
1201 1573 1248 1646 69.
1267 1565 1351 1632 ffide
1371 1568 1491 1646 diverfis
1510 1588 1566 1646 reg.
1585 1566 1679 1646 iuris,
1695 1564 1970 1648 inuitodeneficirnre
1986 1566 2018 1619 ¹5⁸

398 1647 615 1726 creditorutn;
641 1667 669 1711 a.
703 1649 831 1715 donatio
855 1656 991 1712 omnium
1019 1651 1166 1714 bonorum
1202 1672 1258 1712 eron
1278 1647 1384 1712 datur.
1406 1644 1489 1709 Hinc
1516 1653 1654 1711 revocari
1684 1647 1781 1724 potell
1802 1668 1833 1710 v.
1852 1669 1880 1727 g.
1905 1643 1971 1709 sun·

396 1729 609 1808 interrivos,
628 1731 772 1807 quia,ut
793 1729 960 1795 videbimus
983 1735 1106 1806 ,vetita
1124 1730 1165 1793 cll
1202 1730 1287 1791 datio
1313 1726 1448 1803 Capellae
1469 1774 1477 1801 ,
1501 1728 1650 1803 'quamdiu
1674 1730 1710 1791 ab
1738 1723 1846 1803 Episco
1911 1742 1972 1790 non

359 1837 361 1841 ·
396 1809 466 1872 iure
487 1814 659 1874 communi.
682 1810 766 1873 Olim
781 1814 863 1873 enim
880 1811 1166 1884 donatioexcedens
1201 1805 1241 1872 est
1263 1823 1446 1882 acceptata.
1482 1797 1811 1900 Acceptatiopladaa
1875 1808 1975 1870 otario

396 1891 583 1953 trecentum
593 1890 721 1968 solidos,
739 1889 773 1955 dt
789 1909 851 1954 non
864 1889 1012 1967 praernrsl'a
1030 1889 1167 1953 lnlinua·
1202 1890 1323 1952 nomine
1340 1886 1490 1949 donatarii
1510 1907 1570 1948 non
1590 1885 1702 1952 luflrcrt
1725 1912 1734 1948 :
1758 1885 1845 1949 valet
1872 1903 1974 1951 tanen

397 1972 486 2032 tione
503 1968 663 2034 secundum
684 1970 764 2048 leges
784 1986 853 2033 erat
873 1970 1010 2035 invalida
1028 1992 1039 2048 ς
1059 1970 1167 2033 deinde
1202 1966 1221 2028 li
1244 1987 1346 2030 coram
1362 1963 1498 2029 Notario
1520 1963 1575 2030 liat
1606 1988 1624 2031 a
1653 1984 1856 2044 procuratore
1880 1965 1919 2029 ad
1945 1962 1974 2027 id

397 2047 573 2113 concellum
601 2044 663 2114 suit
683 2070 723 2114 ne
742 2050 901 2116 excederet
922 2052 1104 2136 quingentos
1121 2047 1165 2112 lo·
1203 2044 1374 2123 specialiter
1389 2041 1560 2125 designato.

399 2125 500 2204 lidos,
517 2131 569 2203 qui
591 2128 756 2195 ascendunt
777 2129 815 2193 ad
832 2126 977 2194 summam
994 2132 1165 2208 septingen·
1243 2127 1320 2190 llaec
1345 2128 1516 2200 acceptatio
1537 2124 1647 2191 volunt
1674 2118 1769 2204 aliqui
1796 2121 1903 2198 locum
1923 2122 1975 2186 ha·

399 2221 502 2270 toturn
522 2207 669 2274 tredecim
697 2210 852 2274 scutorum
877 2228 1101 2284 romanorum,
1131 2229 1165 2273 ut
1204 2204 1274 2270 bere
1296 2208 1391 2268 etiam
1413 2209 1444 2268 in
1464 2204 1679 2273 donationibus
1691 2226 1759 2283 quae
1774 2202 1856 2269 fiunt
1868 2204 1971 2268 Beue·

397 2303 512 2352 notant
531 2286 693 2368 aussores,
719 2311 810 2365 quarn
830 2286 976 2354 stammam
1007 2290 1166 2352 hodiedum
1201 2284 1269 2362 fiae,
1289 2283 1971 2360 &Minoribus.Minoresannorrrma5.nou

397 2366 464 2430 iure
483 2366 624 2433 Caesareo
644 2372 789 2435 excedere
811 2370 960 2433 nonlicet
979 2373 1009 2432 in
1026 2371 1165 2434 donatio·
1204 2366 1303 2430 valide
1321 2382 1484 2440 acceptant
1513 2365 1575 2451 sin-e
1594 2384 1772 2430 curatorum
1799 2360 1973 2439 consensu,

397 2465 437 2507 nc
457 2450 540 2511 inter
561 2454 652 2512 vivos
673 2447 780 2524 absque
800 2448 1027 2515 insinuationes
1049 2449 1167 2514 ldcirco
1203 2444 1289 2510 sicuti
1308 2466 1363 2509 net
1381 2465 1490 2508 uxores
1507 2445 1613 2523 absque
1634 2449 1737 2508 urariti
1756 2443 1968 2509 audloritate.

396 2524 462 2588 iure
483 2532 636 2590 comruuni
666 2533 771 2593 vetita
796 2526 838 2592 eu
860 2528 988 2592 donatio
1015 2532 1093 2591 inter
1122 2532 1166 2593 vi·
1202 2524 1309 2590 Valida
1325 2542 1429 2588 tamen
1449 2523 1490 2586 ell
1508 2526 1634 2589 donatio
1655 2522 1734 2589 satit
1756 2529 1885 2602 utrique
1900 2540 1969 2588 toud

396 2623 454 2667 vos
490 2603 639 2671 bonorum
673 2613 810 2671 omnium
847 2627 912 2673 tam
951 2603 1166 2685 presentium,
1203 2609 1281 2684 iugi,
1303 2606 1541 2668 literamarirn
1561 2602 1840 2681 soloacceptetura
1865 2600 1968 2666 lodo⁴

395 2704 487 2758 quam
502 2682 699 2765 futurorum,¹
718 2686 751 2753 ἃ
768 2688 882 2752 alieubi
903 2687 958 2752 hoe
977 2686 1167 2752 interdislum
1203 2685 1392 2758 nationibus,
1412 2685 1462 2748 vel
1483 2689 1617 2761 mutuis,
1644 2684 1692 2747 vel
1713 2704 1781 2760 quae
1797 2681 1882 2748 fitam
1902 2701 1969 2746 ton·

394 2759 438 2824 esi
459 2767 558 2830 etiam
578 2786 616 2831 ex
632 2769 878 2842 consuetudine;
894 2768 1166 2832 alicubiverocon·
1204 2764 1300 2830 naun
1320 2763 1542 2830 matrimoniali
1561 2760 1601 2828 ob
1621 2765 1810 2828 matrimonii
1835 2760 1973 2829 savorem

396 2841 517 2908 ceditur
541 2846 725 2924 ,dummodo
745 2847 879 2913 donator
895 2848 1009 2925 prolem
1029 2868 1092 2912 non
1114 2847 1168 2914 ha·
1204 2867 1264 2910 non
1283 2846 1447 2924 requiritur
1468 2847 1660 2923 acceptatio,
1682 2844 1732 2907 vel
1748 2839 1971 2922 potiusealu'b

375 2920 469 2994 ,beat
489 2927 544 2988 eui·
557 2925 704 2991 debeatur
725 2927 883 3012 legitima.
1203 2924 1267 2990 ficit
1290 2930 1463 3002 acceptatio
1485 2922 1545 2987 line
1555 2946 1613 3002 qua
1631 2925 1709 2988 tales
1723 2923 1971 3000 eontraslusnon

270 3029 385 3086 m,
441 3002 940 3073 CensentDodloresdonarionem
958 3008 1108 3073 bonorum
1133 3029 1168 3071 o·
1204 3001 1378 3071 subfillunt.
1396 3005 1586 3069 Donationes
1608 3005 1972 3081 extracoutradlumma·

255 3096 382 3172 bannim
398 3088 514 3148 muium
535 3084 1167 3164 tum·prael'entiumtnml'uturorumveti·
1205 3088 1340 3152 trimonii
1356 3081 1442 3149 fastan
1460 3089 1559 3161 pueris
1583 3106 1621 3149 ex
1641 3079 1748 3149 eodem
1773 3086 1973 3149 matrimonio

256 3171 379 3237 ,ww
396 3181 462 3227 tam
481 3165 542 3230 elle
560 3190 577 3231 a
594 3167 730 3242 latret&
749 3168 815 3231 ideo
826 3169 1018 3246 invalidam,
1042 3169 1167 3243 quiaita
1205 3163 1400 3247 procreandis
1423 3166 1550 3241 valent,
1571 3163 1592 3226 sl
1614 3163 1691 3229 fiant
1710 3184 1856 3243 aparte,
1876 3162 1926 3228 vel
1937 3163 1971 3226 ab
2017 3216 2020 3220 ,

254 3237 387 3337 ffim'ss·
396 3243 512 3335 donans
540 3243 570 3308 le
597 3247 736 3322 expoliat
759 3246 1063 3324 potellateftellandi
1090 3250 1167 3319 quod
1202 3268 1240 3310 eo
1263 3263 1480 3334 acceptentur.
1499 3245 1545 3308 De
1564 3243 1776 3309 donationibus
1795 3265 1872 3309 vero
1893 3240 1975 3336 sassie·

257 3366 293 3401 Μ,
309 3351 382 3402 qm,
401 3324 573 3401 rerpublicae
598 3324 686 3388 bono
704 3345 855 3404 repugnat
878 3372 888 3404 ,
911 3325 984 3403 legi
1006 3330 1055 3388 61.
1072 3324 1110 3389 ff.
1132 3326 1169 3389 de
1205 3328 1344 3393 Ecclesiae
1368 3320 1418 3390 vel
1439 3325 1530 3389 alteri
1559 3327 1615 3402 piae
1639 3325 1749 3388 tauslae
1769 3321 1899 3388 censent
1925 3321 1976 3386 alu

255 3413 307 3473 llas
324 3414 379 3471 eu.
402 3400 485 3465 verb.
506 3401 620 3485 obligat.
643 3403 778 3469 Censenr
801 3425 906 3469 tamen
924 3404 1056 3469 validam
1076 3404 1168 3468 esleli
1204 3405 1408 3472 conuounitet
1422 3423 1474 3469 eat
1490 3403 1593 3468 slatim
1612 3404 1771 3485 obligare,
1794 3404 1938 3479 quamvis
1959 3420 1976 3465 a

396 3482 453 3546 liat
473 3484 571 3547 caulla
592 3485 719 3556 mortis,
737 3489 809 3561 qtria
827 3506 896 3548 cum
915 3486 1028 3561 semper
1039 3506 1166 3550 revoca·
1205 3485 1349 3563 Reilore,
1370 3484 1421 3548 vel
1441 3480 1682 3548 administratore
1708 3487 1765 3560 piae
1785 3481 1899 3549 causlae
1925 3480 1977 3546 ab·

395 3567 426 3625 ri
445 3561 532 3639 poilit
552 3613 562 3640 ,
585 3561 764 3627 libertatem
793 3558 923 3630 tellandi
944 3585 1005 3629 non
1038 3562 1137 3628 ausert
1160 3610 1167 3626 .
1206 3565 1290 3642 sente
1311 3586 1371 3627 non
1388 3560 1446 3627 sint
1468 3581 1656 3643 accepturae,
1677 3562 1810 3628 Barbol'a
1824 3564 1875 3629 liu
1897 3549 1976 3649 a.lu⁴

393 3641 486 3718 Qrod
509 3641 529 3705 sr
549 3643 680 3708 donatio
697 3642 851 3708 bonorum
871 3647 1168 3710 omniumintervi·
1211 3651 1250 3709 ris
1264 3637 1447 3789 ffsscclesrall.
1476 3640 1607 3708 univers.
1640 3665 1705 3720 cap.
1736 3658 1783 3721 13.
1814 3663 1899 3716 num.
1932 3656 1978 3719 29.

396 3741 455 3786 vos
478 3721 655 3789 firmaretur
684 3728 876 3799 iuramento,
899 3718 1047 3788 lullinent
1074 3725 1168 3801 aliqui
1206 3729 1261 3791 Rei
1288 3721 1435 3800 enlluel,
1462 3722 1582 3801 abbas,
1608 3724 1718 3800 aliique
1748 3715 1882 3799 passim,
1911 3726 1979 3799 quia

396 3819 433 3864 ut
451 3803 634 3879 probabilius
654 3803 719 3868 tale
739 3807 1078 3868 iuramentumirrit'um
1099 3805 1168 3868 elle.
1206 3804 1286 3882 quod
1307 3805 1441 3868 donatur
1467 3800 1517 3867 vel
1543 3808 1738 3880 promittitur
1757 3800 1901 3866 Ecclesiae
1927 3814 1980 3864 aut

395 3873 480 3944 Nam
500 3876 574 3946 illud
593 3880 669 3946 esset
686 3882 723 3946 de
740 3904 801 3946 non
830 3884 1004 3948 revocando
1024 3884 1169 3955 donatio·
1207 3886 1295 3948 alteri
1324 3886 1381 3961 piae
1410 3879 1551 3961 caullaa,
1578 3879 1722 3962 censetur
1745 3882 1922 3959 donatum,
1949 3879 1980 3944 u

395 3977 467 4023 nem
487 3956 598 4024 fassam
620 4033 622 4037 ,
642 3962 720 4037 quod
742 3962 821 4025 idern
842 3962 917 4038 ellet
940 3984 975 4026 ac
996 3954 1082 4027 illam
1097 3984 1170 4027 con·
1208 3958 1381 4041 promissum
1401 3960 1452 4039 ipsi
1473 3956 1540 4028 Deo
1579 3983 1645 4040 cap.
1657 3961 1746 4027 Nulli
1765 3962 1854 4027 liceat
1869 3954 1978 4042 pctus·

395 4042 519 4101 tinuare
540 4042 576 4119 in,
602 4009 653 4104 sua
682 4039 868 4107 fubllauria.
891 4040 989 4121 lgirur'
1019 4062 1090 4107 cum
1117 4038 1170 4105 liu·
1209 4053 1255 4106 ra.
1282 4056 1310 4121 q.
1332 4057 1360 4104 2.
1378 4034 1514 4107 Secunda
1543 4010 1716 4107 sormalicas
1743 4042 1781 4106 ad
1803 4043 1980 4107 donationis

397 4116 525 4182 iulmodi
555 4120 686 4185 donatio
710 4120 747 4184 sit
777 4142 890 4186 contra
920 4123 1016 4185 bonos
1044 4131 1171 4197 mores,
1207 4119 1403 4187 validitatem
1429 4120 1572 4199 requilita
1591 4112 1632 4187 ell
1650 4121 1796 4191 traditio,
1837 4109 1982 4198 'l'raditio

394 4214 620 4276 consonantque
636 4197 770 4279 bonuiir,
790 4202 824 4266 dt
847 4197 915 4266 ide'o'
939 4203 1063 4278 vetita,
1091 4199 1170 4265 tius·
1209 4217 1315 4267 autem
1343 4201 1457 4278 duplex
1476 4197 1518 4265 cll
1542 4250 1550 4280 ‚
1578 4202 1667 4267 realis
1694 4199 1729 4267 ἀ
1755 4202 1850 4266 fieta.
1879 4200 1981 4274 Realla

394 4277 466 4346 dem
486 4294 605 4356 quoque
619 4281 815 4344 continuatio
831 4284 974 4346 immunis
990 4301 1051 4346 non
1071 4285 1170 4346 erira
1207 4287 1329 4358 quando
1357 4277 1490 4345 donator
1512 4290 1554 4348 rei
1589 4284 1756 4349 dominium
1785 4278 1981 4350 direslumdt

393 4358 774 4437 malitia,lur'aitrentum¹
806 4379 882 4425 vero
907 4361 944 4425 de
972 4358 1089 4424 ailione
1110 4375 1171 4424 non
1208 4364 1287 4428 utile
1308 4360 1378 4427 astu
1402 4361 1436 4427 ἃ
1453 4356 1591 4429 absolute
1608 4367 1640 4427 in
1669 4363 1865 4432 donatarium
1888 4380 1982 4427 trans·

392 4434 564 4513 deputabili
590 4458 607 4500 a
637 4437 766 4505 malitiae
791 4435 987 4506 deformitate
1016 4443 1081 4503 rim
1110 4440 1172 4503 non
1210 4440 1288 4521 lertr
1308 4439 1376 4507 sidia
1400 4462 1474 4505 vero
1490 4465 1559 4507 cum
1574 4445 1707 4509 donator
1727 4447 1774 4510 ita
1785 4447 1827 4508 rei
1851 4446 1983 4522 proprie

395 4517 488 4582 habet
519 4507 659 4599 ligandis
690 4506 862 4584 Dicendum
879 4523 935 4598 igit
960 4542 974 4583 r
1004 4542 1075 4584 cum
1089 4541 1172 4584 com·
1209 4541 1308 4587 ratem
1336 4528 1366 4585 in
1399 4523 1594 4588 donatarinm
1615 4521 1787 4602 transfert,
1818 4541 1858 4591 ut
1877 4523 1928 4587 sibi
1948 4543 1983 4587 u·

395 4600 482 4660 muni
501 4595 682 4664 lucillatuut
699 4606 809 4663 contra
824 4585 923 4678 plures
973 4599 1173 4677 heologosta·
1209 4591 1404 4666 lumsruslum
1425 4606 1560 4668 retineat
1579 4606 1665 4682 ,ἃς
1684 4603 1832 4670 Traditio
1840 4601 1910 4668 fissa
1922 4602 1985 4680 ple·

397 4676 427 4740 le
449 4681 657 4743 iuramentum
676 4689 740 4742 tlon
766 4686 872 4743 tenere
894 4713 902 4741 ι
923 4671 958 4747 Si
984 4683 1050 4760 quis
1067 4684 1174 4743 autern
1215 4676 1310 4758 risque
1330 4687 1362 4743 in
1377 4677 1799 4763 confitetudinibutsufficir,
1820 4704 1885 4751 non
1906 4694 1991 4752 veru·

396 4755 513 4822 diceret
534 4757 616 4823 dono
636 4757 692 4824 tibi
712 4748 793 4823 bona
819 4767 886 4834 ntea
915 4763 1038 4837 omnia,
1066 4758 1173 4823 dicu'nt
1209 4766 1240 4823 ln
1263 4766 1298 4825 iis
1319 4782 1387 4839 quae
1413 4762 1552 4840 expresse
1573 4767 1763 4841 requirunt,
1796 4784 1832 4828 ut
1854 4764 1983 4828 donator

396 4838 718 4930 communiter,quod
745 4847 815 4903 curn
835 4833 963 4904 donario
988 4858 1061 4903 runc
1082 4833 1173 4901 intel·
1210 4863 1242 4905 re
1259 4836 1311 4925 lua
1331 4830 1453 4919 penltus
1468 4838 1499 4907 se
1517 4835 1673 4924 expoliet,
1691 4844 1726 4911 bt
1741 4846 1983 4911 donatariumea

400 4916 521 4995 liganda
537 4916 575 4983 srt
590 4918 628 4983 de
645 4918 733 4983 bonis
755 4909 973 4998 praesentibus,
988 4917 1066 4983 esset
1093 4913 1172 4988 vali·
1209 4916 1292 5063 qus
1313 4921 1432 4987 induat.
1910 4953 1914 4960 ·

392 4995 618 5095 daeldemque
636 4996 744 5061 dicunt
766 5002 961 5067 communius
981 4996 1100 5093 etiamst
1126 4993 1174 5062 su·
1282 5003 1500 5094 ertiaydemum
1516 5002 1691 5097 ‚formalitas
1712 5005 1755 5071 est
1776 5004 1949 5072 lnfinuatio
1968 4974 2020 5105 ,ἃ

401 5062 476 5164 μὴ
493 5075 580 5150 fimul
599 5078 729 5149 donaret
746 5091 880 5165 excepto
904 5075 1120 5165 praesentum,
1139 5067 1174 5146 dt
1209 5101 1269 5158 qua
1288 5101 1396 5164 nempe
1415 5085 1598 5160 donationes
1617 5087 1650 5154 in
1667 5085 1731 5157 atu
1755 5084 1877 5172 publice
1899 5081 2020 5171 rest-p„

847 5218 852 5227 .
1222 5207 1225 5212 ·
1865 5186 1941 5234 run·
