4425 6000
457 499 531 574 ¹4²·
740 477 948 557 Tener.
984 499 1050 550 ue
1085 477 1412 560 courtier.
1448 483 1566 560 Cur.
1602 485 1629 557 l.

404 594 526 646 nature
546 575 697 644 bonorum
715 573 904 655 dominium,
935 572 1087 652 dispositio
1112 596 1165 655 per
1201 598 1261 662 erp.
1284 583 1322 646 de
1333 582 1503 662 poflulando
1519 605 1528 660 3
1545 586 1609 648 imo
1625 604 1682 651 nec
1699 585 1833 654 medicus
1853 586 1975 659 durae«

405 658 503 739 legem
527 657 690 736 positivum
713 658 742 718 ei
763 656 906 722 tollitur.
929 653 1069 736 Religiosr
1090 675 1167 724 veto
1204 681 1235 727 te
1257 661 1438 728 infirmitate
1459 662 1496 732 ab
1516 661 1659 741 infirmo,
1680 667 1757 748 Leg.
1778 668 1911 742 meditus
1931 669 1969 738 ff«

361 804 363 808 Α
405 739 504 804 multo
532 743 630 802 minus
662 736 847 801 contrahere
876 735 1029 823 poliunt,
1056 753 1167 814 utpote
1202 738 1426 821 devariis,(5
1442 745 1712 810 extraordinariis..

406 820 458 960 aui
479 818 648 883 redduntur
665 815 814 881 inhabiles
833 813 870 880 ad
893 816 1064 881 huiulmodi
1085 816 1168 881 ailus

419 917 469 962 me
492 899 690 975 Superiorum
710 894 831 961 suorum
853 887 1005 976 licentio}
1023 917 1088 962 non
1104 893 1169 961 solo
1248 948 1252 956 .
1530 901 1558 970 ς,
1600 893 1641 967 v,

407 982 472 1043 iure
488 979 641 1057 positivo,
657 975 707 1041 sed
722 978 819 1040 etirm
835 977 993 1055 naturali,
1012 981 1083 1054 quia
1099 976 1167 1042 nul·

406 1059 469 1123 lum
490 1059 604 1125 habent
619 1058 810 1134 dominium,
824 1054 859 1121 ἃ
874 1056 1168 1122 administrationem
1250 1027 1294 1086 De
1308 1023 1442 1104 potestate
1461 1043 1587 1086 uxorum
1606 1023 1650 1088 ad
1665 1024 1921 1091 contrahendum.

291 1209 297 1222 ,
404 1138 577 1220 bonorum,
605 1141 677 1217 quia
700 1137 872 1204 dominium
891 1136 921 1202 se
943 1155 1031 1203 tenet
1047 1137 1099 1204 vel
1117 1156 1168 1215 pc·
1243 1139 1472 1217 Uxores‚cum
1493 1138 1593 1205 multo
1616 1143 1716 1208 minus
1733 1162 1824 1219 quam
1840 1145 1978 1212 maritus

338 1277 355 1298 „
405 1238 459 1284 nes
476 1218 606 1286 saneim
620 1218 724 1283 Sedem
737 1265 747 1297 ,
762 1234 798 1282 ut
814 1218 846 1278 in
863 1216 1096 1287 Franciscanisr
1119 1217 1168 1281 vel
1203 1223 1249 1286 ius
1277 1220 1412 1286 habeant
1435 1223 1468 1283 in
1495 1219 1581 1285 bonis
1604 1217 1750 1301 familiae,
1776 1240 1812 1287 ut
1838 1243 1879 1288 ex
1905 1226 1975 1292 iure

359 1325 362 1329 ’
405 1319 498 1378 penes
514 1319 616 1366 totam
632 1299 898 1364 communitatem
914 1297 1168 1377 tetigissemus
1202 1305 1357 1368 communi
1373 1348 1382 1378 ,
1400 1298 1435 1365 ὅ(
1453 1303 1606 1379 precipue
1626 1321 1666 1364 cx
1689 1301 1810 1366 senatus
1826 1297 1972 1370 consulto

406 1382 439 1443 in
464 1382 531 1446 aliis
553 1379 741 1455 Ordinibus,
766 1375 991 1444 administratio
1019 1399 1095 1443 vero
1117 1396 1169 1455 pe·
1203 1382 1384 1460 Velleiano,
1411 1385 1446 1444 in
1465 1401 1526 1457 quo
1549 1384 1592 1445 eis
1613 1382 1810 1446 interdicitur
1831 1383 1975 1449 fidemiu-

412 1480 467 1525 nes
491 1461 658 1528 Praelatum
678 1455 887 1524 Monissetii.
921 1457 1000 1524 Item
1032 1458 1170 1538 prodigi,
1204 1462 1360 1541 bere,iell
1381 1458 1555 1539 [pondendo
1574 1456 1634 1524 sese
1654 1483 1709 1538 pro
1729 1460 1973 1542 aliisubligaoe,

285 1607 292 1616 ,
355 1625 359 1630 ·
405 1541 481 1606 idest
511 1546 563 1619 qui
593 1541 779 1631 indil'crete,
806 1559 913 1618 vane,
940 1537 974 1604 ὅ(
997 1537 1171 1604 inconsulto
1205 1563 1269 1607 non
1289 1543 1413 1621 poliunt
1433 1540 1637 1619 contrahere,
1655 1544 1726 1618 quia
1747 1540 1976 1622 disponerent·

340 1627 346 1640 '
407 1625 631 1702 patrimonium
653 1627 742 1686 luum
780 1618 976 1699 dilapidant,
1015 1619 1171 1696 postquam
1228 1640 1326 1688 ueunt
1345 1619 1628 1687 debonisfamih'ar
1676 1621 1715 1686 de
1734 1619 1974 1700 immotusque

386 1703 520 1786 ¹iudex,
553 1706 604 1783 qui
625 1699 727 1768 iacere
746 1699 806 1766 hoe
829 1696 944 1794 potest,
966 1701 1019 1793 eis
1046 1699 1170 1793 interdi·
1205 1646 1349 1769 budibus
1366 1702 1428 1766 sine
1447 1703 1550 1766 mariti
1568 1666 1734 1794 conlbnlu,
1751 1701 1884 1795 quidum
1898 1721 1976 1780 pre·

385 1791 490 1858 'xerit
523 1788 678 1856 bonorum
705 1780 828 1846 luorum
859 1778 1172 1858 administrationem,
1206 1782 1352 1862 lemell,
1368 1781 1404 1848 dt
1421 1777 1726 1859 potell-mrnrllrare,
1745 1779 1788 1844 eli
1805 1781 1974 1848 rationabi-

222 1881 232 1894 ·
349 1895 367 1916 a·
405 1888 470 1933 non
487 1864 609 1945 poliunt
626 1860 831 1939 contrahere,
855 1880 894 1923 ex
915 1862 989 1939 Leg·
1012 1855 1170 1936 udeseq·
1205 1867 1278 1930 liter
1300 1866 1422 1928 invitus
1445 1862 1482 1926 de
1502 1864 1607 1926 uxoris
1636 1858 1862 1926 contradibus.
1890 1861 1975 1926 Nm

405 1946 440 2014 ff.
460 1947 499 2014 de
516 1958 670 2020 curatore,
688 1939 822 2021 furioso,
850 1941 991 2023 pradum
1014 1944 1084 2018 quia
1104 1960 1172 2017 pro·
1206 1942 1262 2011 etsr
1280 1947 1378 2010 totius
1394 1943 1495 2020 dotis,
1510 1940 1544 2008 dt
1561 1940 1693 2006 dimidie
1709 1943 1807 2018 partis
1822 1940 1978 2008 bonorum

408 2030 496 2106 digus
520 2031 596 2092 iuris
615 2021 740 2088 filiione
760 2039 956 2099 comparatur
985 2017 1173 2108 saneim&
1208 2024 1331 2092 familie
1360 2022 1526 2088 lecuudum
1549 2023 1597 2086 ius
1621 2040 1786 2088 conrnune
1800 2023 1976 2099 proprieta-

407 2110 544 2184 amenti,
571 2108 646 2247 [ἐξ.
664 2101 703 2165 iis
722 2101 775 2180 qui
802 2108 826 2168 5·
849 2101 913 2164 fine
934 2097 966 2164 ff·
990 2100 1026 2165 de
1051 2097 1171 2164 iuiorlb·
1208 2127 1272 2172 cem
1289 2104 1402 2170 habeat
1420 2124 1523 2178 uror,
1540 2117 1610 2166 tota
1632 2118 1737 2166 tanten
1753 2097 1976 2166 administratio

286 2253 295 2264 ,
408 2186 448 2256 Φ
483 2188 639 2254 curatori.
662 2184 776 2261 Servi,
805 2181 949 2259 quamdiu
978 2179 1112 2246 existant
1139 2182 1173 2244 in
1211 2187 1244 2252 δι
1269 2186 1419 2250 bonorum
1442 2184 1650 2267 communium
1672 2179 1823 2260 familiae,
1841 2179 1976 2248 &dotis

408 2267 467 2333 boc
494 2267 579 2333 statu
611 2263 747 2330 civiliter
769 2261 952 2326 contrahere
985 2277 1172 2340 nequeunt,
1208 2263 1320 2346 speditt
1337 2266 1374 2328 ad
1393 2259 1979 2340 maritum,urlamiliaecrput.Qiod

407 2347 484 2414 bene
504 2347 630 2426 quidem
645 2342 849 2421 naturaliter,
870 2345 917 2406 ita
933 2359 968 2406 ut
984 2338 1107 2406 servare
1125 2359 1172 2406 te·
1208 2348 1230 2410 si
1252 2366 1337 2410 uxor
1357 2345 1428 2408 dum
1457 2340 1558 2419 nupsit
1577 2357 1689 2417 preter
1712 2342 1818 2406 dotem
1838 2341 1981 2408 contulit

409 2445 545 2493 neantur
570 2423 650 2505 quod
670 2426 880 2500 promittunt,
908 2420 1027 2497 quando
1052 2420 1112 2485 hoc
1127 2417 1172 2484 fa·
1208 2429 1267 2491 alia
1297 2425 1399 2500 bont,
1446 2444 1556 2487 uorum
1581 2421 1707 2486 liberam
1736 2419 1982 2490 administratio-J

410 2528 483 2573 cere
498 2505 607 2587 polsrnt
624 2505 686 2568 fine
700 2504 815 2567 domini
834 2503 1082 2590 praeiudicium
1098 2503 1171 2582 Leg·
1208 2527 1278 2571 nem
1306 2504 1357 2568 ubi
1389 2446 1587 2579 repensavit,
1619 2501 1655 2566 de
1683 2504 1719 2565 iis
1742 2498 1917 2579 disponere,
1943 2499 1980 2568 dc

410 2587 489 2666 quod
511 2588 620 2653 attinet
645 2583 676 2648 ff.
697 2582 734 2648 de
754 2582 867 2666 regulos
891 2600 987 2644 rurrr:
1007 2581 1089 2645 unde
1111 2601 1173 2647 non
1208 2590 1290 2652 circa
1319 2588 1384 2651 haec
1407 2604 1460 2661 per
1484 2582 1513 2647 le
1534 2581 1626 2648 lolam
1653 2581 1838 2668 contrahere
1854 2580 1980 2659 potest.

410 2669 536 2744 poliunt
558 2666 676 2746 quidem
701 2667 768 2742 cogi
789 2661 906 2727 rtlione
923 2661 1032 2739 civili,
1051 2660 1100 2725 led
1127 2677 1176 2727 te·
1210 2667 1291 2733 item
1319 2665 1341 2730 ss
1371 2663 1527 2742 postquam
1556 2658 1682 2740 nupsit,
1710 2665 1762 2738 iplr
1793 2660 1980 2727 advenerint

410 2765 524 2812 nentur
552 2750 585 2809 in
607 2741 822 2812 conscientia.
852 2740 1043 2805 Controhere
1068 2760 1173 2807 tomen
1209 2749 1310 2826 bona,
1326 2768 1395 2826 quae
1417 2746 1563 2808 dicuntur
1586 2740 1846 2821 paraphernalia,
1862 2740 1915 2808 leu
1934 2741 1982 2806 di·

451 2828 534 2892 llunt
549 2849 621 2891 cum
639 2827 785 2903 domino,
808 2841 845 2888 ut
863 2824 894 2888 vi
912 2821 984 2886 talis
1003 2821 1173 2909 contradus
1209 2829 1405 2904 mifforialio,
1427 2827 1458 2886 in
1483 2823 1578 2899 loeis,
1598 2821 1654 2886 ubi
1668 2822 1705 2886 de
1725 2821 1770 2886 his
1795 2821 1981 2892 conceditur

422 2927 499 2973 ervo
518 2907 658 2972 dominus
680 2905 832 2983 obligetur
855 2901 1046 2979 obligatione
1067 2902 1174 2968 laltem
1210 2909 1356 2975 uxoribus
1384 2905 1481 2970 libera
1509 2900 1734 2967 administratio
1755 2945 1770 2976 ‚=
1794 2906 1878 2968 circa
1911 2903 1983 2970 haec

412 2989 572 3065 naturali,
600 2986 633 3054 bc
656 3008 697 3051 ex
720 2982 858 3060 iustitia,
886 3005 956 3048 cum
977 2984 1066 3062 praxi
1091 3005 1175 3052 rece·
1208 3010 1329 3071 quoque
1349 2985 1410 3053 sine
1430 2985 1546 3049 marito
1568 2980 1764 3071 inirepotcll
1782 2977 1983 3073 contradus.

411 3086 474 3149 ptae
496 3068 555 3132 sint
576 3069 655 3132 tales
673 3068 916 3141 conventiones,
938 3061 972 3128 dc
989 3062 1093 3141 padla3
1118 3086 1174 3130 nec
1249 3070 1389 3136 Diximus
1433 3062 1556 3143 referte
1579 3076 1705 3142 martio,
1734 3085 1811 3129 nam
1827 3064 1852 3126 lr-
1870 3060 1907 3128 iit
1929 3062 1983 3131 ab·

410 3148 512 3213 obstat
527 3148 679 3224 servitus,
694 3150 763 3223 quie
779 3143 920 3209 censetur
936 3142 1175 3211 dominuscede·
1209 3147 1293 3228 sem,
1315 3147 1396 3214 surio
1410 3166 1467 3222 us,
1487 3144 1538 3210 vel
1560 3141 1685 3222 fatuus,
1705 3164 1780 3210 tunc
1801 3164 1881 3209 uror
1898 3143 1980 3219 libe·

412 3249 445 3292 ¹2
467 3226 615 3291 iurisUO·
636 3223 932 3303 ltaL1150&³¹¹i·
1209 3253 1276 3297 tem
1300 3230 1394 3294 habet
1419 3223 1728 3299 adeundi-rationem,
1751 3223 1784 3291 δι
1809 3218 1982 3302 dispositio·

451 3310 606 3383 Principes
625 3305 757 3383 supremi
775 3304 957 3373 contrahere
978 3304 1086 3371 valent
1105 3328 1175 3371 cum
1210 3333 1274 3377 rem
1288 3303 1570 3376 bonorumfamiliae
1582 3326 1597 3382 ;.
1609 3303 1724 3371 idcirco
1740 3304 1841 3370 valide
1857 3292 1985 3390 conthe-

414 3386 474 3451 iuis
498 3385 624 3451 subditis
667 3385 701 3452 bt
721 3386 908 3450 naturaliter
928 3384 1011 3451 hunt
1035 3388 1175 3452 eisobli·
1209 3394 1281 3457 here
1302 3387 1430 3469 potest.
1455 3382 1723 3452 ltemsrmxritus
1750 3385 1908 3471 exprelle,
1932 3382 1986 3453 vel

411 3470 498 3546 Sati·
520 3466 605 3532 ΝΜ
630 3436 704 3530 licet
728 3486 793 3533 uon
814 3462 929 3543 poffiut
948 3463 985 3531 ib
1006 3466 1071 3531 UHO
1086 3470 1176 3548 ⁶085,
1209 3475 1308 3539 tacite
1324 3469 1496 3535 consentiat
1518 3468 1549 3529 in
1567 3468 1672 3529 cruoris
1686 3468 1834 3558 impenlas
1848 3463 1987 3542 ,decon-

411 3546 446 3613 &
466 3548 612 3624 iudicari,
637 3545 757 3624 poliunt
780 3563 884 3610 tamen
910 3566 962 3624 per
978 3545 1106 3613 iudicem
1122 3550 1174 3613 de·
1209 3553 1339 3627 troilus,
1362 3550 1412 3613 vel
1430 3545 1685 3613 irrationabiliter
1702 3547 1739 3611 ht
1759 3549 1907 3621 invitus,
1944 3568 1987 3611 ue

411 3629 523 3692 clarari
541 3627 601 3692 elle
617 3626 767 3706 obligatos
790 3647 842 3705 per
857 3625 1047 3693 contrabium
1067 3627 1104 3693 ad
1121 3630 1173 3693 ali·
1210 3650 1243 3699 tt
1262 3630 1284 3696 fi
1307 3628 1461 3696 recularet
1481 3629 1552 3693 dare
1567 3646 1624 3702 ea,
1640 3647 1708 3702 quae
1729 3568 1986 3692 hercumbre

412 3708 486 3786 quid
506 3704 809 3786 protasiumque
829 3705 978 3786 obligatio
996 3710 1057 3772 dici
1076 3706 1174 3787 potest
1210 3714 1248 3779 ad
1263 3713 1425 3777 decentem
1441 3704 1611 3795 mutim&
1633 3704 1757 3772 familiar
1784 3705 1988 3773 sustentatio·

413 3788 570 3868 plulquam
590 3789 760 3854 naturalis.
1209 3812 1297 3858 nem:
1313 3793 1347 3858 in
1364 3790 1422 3857 tali
1438 3790 1520 3855 enim
1538 3785 1607 3853 calu
1624 3787 1788 3863 prudenter
1810 3802 1918 3851 tamen
1932 3784 1986 3866 ,dr

452 3867 577 3946 Tutor,
603 3886 658 3934 out
680 3868 813 3933 Curatur
837 3867 968 3934 durante
995 3889 1089 3950 cura,
1119 3886 1176 3934 tut
1208 3874 1366 3940 moderate
1381 3871 1467 3937 bonis
1483 3865 1601 3934 familie
1617 3871 1664 3932 uti
1681 3868 1797 3946 potest.
1813 3866 1913 3933 Sicuti
1932 3885 1989 3933 ve·

413 3950 517 4012 tutelo
543 3949 727 4015 contrahere
755 3967 912 4025 nequeunt
942 3971 1013 4014 eum
1041 3947 1175 4027 pupillo,
1209 3977 1245 4022 ιο
1261 3975 1361 4031 uxor,
1376 3973 1444 4030 quae
1459 3949 1553 4015 solam
1578 3949 1671 4015 habet
1694 3946 1989 4027 proprietatum&

412 4026 448 4091 dc
464 4030 600 4107 minore,
617 4031 690 4109 Leg.
711 4052 768 4093 non
788 4029 876 4107 licet,
895 4030 1011 4110 Leg.fi
1033 4028 1175 4109 emptione
1209 4057 1273 4101 non
1298 4032 1597 4101 administrationem
1621 4030 1772 4095 bonorum
1795 4028 1952 4095 dotalium
1977 4073 1990 4107 ,

412 4106 449 4172 de
467 4108 663 4174 contrahenda
684 4108 844 4188 emptione.
865 4110 938 4174 Hoc
952 4112 1064 4175 dicitur
1085 4113 1174 4174 iuxta
1209 4137 1271 4182 non
1287 4113 1387 4196 potest
1403 4117 1484 4177 circa
1511 4111 1586 4177 talia
1605 4109 1687 4176 bona
1702 4109 1914 4188 contrahere,
1942 4110 1990 4175 ite

412 4184 639 4265 dispositionem
670 4194 745 4254 iuris
763 4194 952 4267 communis,
975 4213 1047 4255 cum
1060 4189 1173 4257 alicubi
1209 4218 1266 4262 nec
1284 4199 1435 4271 maritus,
1455 4195 1504 4270 qui
1525 4189 1619 4256 lolam
1636 4189 1727 4255 habet
1745 4187 1990 4258 administratio·

411 4262 495 4333 forte
511 4287 658 4346 poterunt
675 4272 708 4335 vi
727 4271 921 4348 municipalia
938 4270 1046 4336 llaruti
1057 4319 1064 4334 .
1210 4298 1279 4342 nem
1300 4278 1451 4343 bonorum
1470 4273 1644 4350 dotalium,
1663 4269 1702 4338 cic
1723 4289 1786 4335 non
1814 4273 1987 4349 proprieta-

452 4347 642 4423 Esrecutores
670 4349 923 4416 testamentorum
951 4355 1087 4430 recipere
1111 4371 1176 4417 non
1210 4377 1348 4437 rem,ea
1365 4349 1862 4429 idcircocrolienarenunpotest
1892 4368 1988 4428 utpo-
2029 4398 2032 4403 -

414 4427 537 4504 poliunt
565 4449 613 4494 res
636 4425 680 4522 lui
708 4426 841 4498 defundi
864 4436 1046 4514 emptione,
1072 4432 1175 4497 aliove
1209 4443 1310 4517 requi
1329 4433 1535 4501 huiuscemodi-
1565 4434 1713 4500 bonorum
1743 4399 1994 4499 administratio·

412 4507 597 4587 contrado,
612 4507 667 4572 msr
685 4508 880 4575 authoritate
904 4513 1036 4593 iudicis,
1053 4514 1103 4579 vel
1123 4533 1175 4578 co·
1208 4541 1281 4585 nem
1297 4517 1478 4585 omnimode
1494 4515 1666 4585 absolutam
1679 4534 1744 4579 non
1762 4510 1873 4580 habeat
1884 4557 1898 4576 ..

412 4592 611 4652 executoris.
641 4590 682 4654 Et
706 4588 889 4670 generaliter
911 4614 1018 4660 omues
1035 4596 1175 4673 negotio·

413 4688 482 4730 rum
497 4666 629 4747 gestures
649 4690 770 4747 emere,
791 4689 846 4735 aut
867 4671 931 4738 alio
943 4674 1110 4770 contrado
1125 4694 1172 4739 res
1529 4686 1558 4747 5.
1598 4676 1669 4742 vi.

412 4746 897 4912 ssssgefsgossssissgffii2ggfflff¹
918 4772 1173 4915 {giam
1206 4805 1251 4866 ue
1266 4796 1635 4888 rostrum-,orimurrus
1655 4793 1804 4876 ‚paitru
1833 4791 1877 4860 o
1895 4790 1996 4859 mio·

412 4904 447 4970 ff.
470 4906 508 4971 de
530 4907 723 4975 contrahendo
750 4912 911 4990 emptione..
935 4914 985 4979 lta
1002 4917 1172 4982 advocatus
1412 4900 1456 4943 '¹³
1472 4880 1515 4944 “d
1530 4877 1783 4994 ‘mmm'

412 4987 617 5081 litefldurante
640 5011 708 5054 rem
727 5011 844 5070 emere,
866 4994 917 5059 vel
938 4995 1000 5060 alio
1013 4995 1173 5062 contradlu
1245 4992 1451 5063 Filiiiamilias
1470 5002 1596 5072 nomine
1617 4995 1831 5074 intelliguntur
1848 5009 1922 5058 tum
1954 4999 1995 5065 fi·

412 5087 550 5147 accipere
566 5072 707 5148 nequita
726 5068 780 5138 luo
795 5072 929 5155 cliente,
955 5077 1029 5158 Lep.
1054 5074 1173 5159 quosque
1208 5079 1266 5158 lii,
1287 5097 1353 5145 tum
1374 5077 1447 5144 filice
1476 5079 1644 5163 legitime,
1664 5076 1814 5161 quamdiu
1844 5070 1918 5139 sunt
1939 5080 1998 5176 suh

1857 5175 1966 5234 patrus

2024 5117 2046 5185 gi
