4425 6000
459 522 508 599 td
707 514 910 595 Taacr.
938 538 1003 591 oa
1038 513 1184 598 luat.
1210 535 1274 594 ar
1301 515 1414 595 lua.
1447 519 1571 597 Gan.
1603 520 1662 597 ll.

399 613 803 696 buislet3acideos1filius
823 617 856 680 in
878 616 935 682 hoc
955 613 1164 696 defraudetur,
1200 618 1281 698 palia
1300 622 1345 684 eis
1366 618 1564 702 adiudicant;
1585 625 1714 689 tertium
1735 640 1810 689 vero
1824 621 1964 692 iutcom·

399 717 474 767 tuta
493 696 680 764 conscientia
697 694 794 774 potest
808 695 981 762 clanculum
998 693 1049 760 srbi
1071 699 1164 774 aqui·
1200 717 1320 778 mune,
1349 698 1430 778 quod
1459 719 1524 765 non
1553 702 1663 779 ubique
1681 704 1726 767 eir
1746 698 1853 768 favet.
1874 703 1965 771 Bona

401 781 514 847 valens
533 780 665 844 retinere
684 797 740 855 pro
762 775 1025 854 compensatione.
1048 775 1096 840 lta
1116 795 1166 842 et·
1202 778 1435 857 paraphernalia
1456 777 1525 844 sunt
1546 803 1585 848 ea
1604 802 1673 858 quae
1697 780 1735 845 ab
1759 804 1857 847 uxore
1876 782 1965 850 adse·

400 860 464 925 iam
483 858 642 925 Pontasrns
663 856 746 922 verb
764 854 900 938 compens.
922 853 992 921 casu
1010 875 1036 933 5.
1049 853 1098 921 Ad
1108 855 1165 921 hoc
1201 875 1313 925 runtut
1327 880 1399 925 cum
1419 863 1523 925 animo
1541 860 1649 927 saltem
1675 860 1830 938 implicito
1858 883 1895 928 ea
1910 862 1966 928 fibi

401 957 509 1007 tamen
528 955 565 1003 ut
582 939 655 1002 talis
674 941 885 1017 compensatio
905 934 980 1000 iulia
1000 934 1038 1000 stt
1059 984 1068 1013 ,
1098 933 1164 1001 suas
1201 935 1403 1018 reservandi,
1422 938 1580 1018 eidemque
1600 940 1773 1008 obveniunt
1792 962 1832 1009 ex
1854 940 1965 1008 libera·

400 1019 518 1087 addunt
537 1019 629 1084 citati
649 1016 795 1083 Dollores
814 1016 1031 1093 conditiones,
1057 1033 1166 1095 nempe
1201 1021 1294 1086 litate
1314 1022 1439 1096 mariti,
1462 1019 1513 1085 vel
1534 1024 1666 1088 aliorum
1685 1020 1892 1099 haereditate,
1921 1022 1968 1087 le·

400 1116 439 1166 ut
459 1120 485 1164 1.
509 1098 700 1165 deducantur
719 1118 825 1164 omncs
840 1093 980 1173 expensae
1017 1115 1092 1171 quas
1111 1095 1166 1161 ba·
1201 1118 1275 1179 gato
1312 1120 1433 1165 necnon
1449 1120 1506 1178 ea,
1526 1123 1596 1181 quae
1617 1103 1738 1178 proprio
1764 1101 1908 1180 opificio,
1930 1100 1968 1165 st·

398 1180 468 1246 buit
490 1196 580 1259 pater
600 1182 633 1273 in
652 1198 692 1245 eo
719 1178 828 1243 alendo
850 1225 859 1254 ,
880 1175 914 1242 dc
935 1144 1115 1269 veliiendo5
1136 1195 1165 1237 a.
1202 1199 1242 1244 ve
1264 1180 1326 1245 aia
1351 1177 1499 1245 industria
1522 1179 1585 1259 ipsa
1606 1180 1772 1260 lucratur,
1800 1180 1968 1247 duumodo

399 1260 452 1326 Ne
473 1258 557 1326 filius
573 1258 623 1325 sibi
647 1274 768 1337 arroget
788 1253 1009 1346 ulumsruilum
1030 1301 1040 1326 ,
1059 1276 1167 1331 quiex
1202 1279 1307 1324 tamen
1326 1257 1432 1325 debito
1451 1254 1506 1325 suo
1521 1260 1650 1327 servitio
1667 1257 1817 1325 familiam
1835 1280 1900 1325 non
1915 1261 1968 1327 de·

401 1340 459 1407 tali
477 1342 564 1407 lucro
584 1341 744 1418 provenire
761 1338 910 1417 potuiilet
932 1353 1007 1401 ante
1029 1333 1114 1398 suam
1133 1356 1168 1399 e·
1202 1336 1342 1418 fraudet,
1361 1361 1396 1404 ac
1417 1358 1537 1419 tempus
1558 1341 1651 1419 illud,
1670 1342 1750 1416 quod
1771 1340 1896 1406 familiae
1915 1342 1968 1407 de·

402 1421 681 1499 mancipationem,
702 1416 754 1484 vel
776 1421 871 1496 patris
891 1432 1044 1480 mortem.
1066 1429 1095 1498 3.
1119 1413 1169 1479 Ne
1201 1417 1274 1483 beat
1295 1418 1487 1498 impendere,
1508 1443 1572 1487 non
1593 1418 1773 1500 subtrahat,
1793 1437 1829 1485 ut
1850 1418 1967 1487 diutius

401 1521 492 1584 pater
511 1499 563 1563 vel
584 1519 637 1575 per
654 1494 708 1575 se,
728 1499 780 1563 vel
801 1517 854 1574 per
869 1496 961 1588 alium
976 1496 1091 1560 minori
1102 1515 1170 1578 pre·
1202 1497 1261 1566 suia
1278 1499 1372 1564 locris
1392 1501 1567 1568 incumbat.
1591 1500 1673 1564 Nam
1689 1498 1758 1564 srerr
1775 1499 1827 1566 lua
1845 1500 1967 1567 lucran-

346 1599 349 1604 ’
402 1583 452 1650 tio
467 1578 568 1647 facete
583 1577 731 1658 potuisset
753 1599 820 1656 quae
838 1572 914 1641 fecit
934 1572 1033 1640 filius.
1202 1578 1232 1643 di
1252 1573 1408 1644 aviditate
1425 1578 1539 1657 aliquid
1564 1596 1723 1659 pateretur
1743 1581 1860 1657 domus,
1890 1580 1968 1648 illud

443 1662 476 1726 si
496 1657 578 1724 filius
598 1679 637 1725 tx
652 1656 738 1724 bonit
759 1659 857 1737 patris
878 1704 888 1734 ,
906 1667 977 1734 quae
997 1671 1105 1734 pater,
1132 1671 1169 1719 ut
1202 1655 1398 1739 compensate
1416 1675 1595 1726 teneretur.
1618 1660 1764 1738 Dotalia,
1792 1679 1862 1738 quae
1882 1680 1964 1725 uxor

404 1739 485 1808 solet
501 1740 580 1817 dici,
600 1757 723 1806 mortua
743 1738 778 1803 dc
797 1735 957 1812 inoperosa
972 1752 1062 1800 tenet
1081 1783 1090 1813 ,
1116 1754 1170 1798 ne·
1204 1741 1299 1805 tradit
1315 1741 1428 1803 marito
1448 1738 1485 1803 ad
1506 1760 1602 1805 onera
1618 1742 1808 1805 matrimonii
1827 1737 1967 1817 supplen-

402 1824 568 1904 gotietur,
592 1819 627 1887 &
655 1820 774 1885 lucrum
789 1838 829 1882 ex
854 1815 921 1881 sola
948 1812 1000 1881 sua
1024 1811 1170 1879 industria
1202 1820 1259 1884 da.
1280 1817 1460 1884 Communia
1476 1841 1547 1897 quae
1565 1822 1967 1898 temporematrimoniiac-

359 1965 362 1970 .
401 1917 563 1982 reportet,
578 1917 655 1980 puta
674 1919 713 1964 ex
733 1899 880 1977 pecunia,
895 1899 1070 1974 frumento,
1090 1890 1170 1989 aliis·
1203 1901 1384 1980 quiruntur,
1404 1898 1441 1964 ab
1461 1919 1594 1976 utroque
1613 1900 1743 1979 coniuge
1757 1918 1864 1965 eorum
1885 1897 1967 1964 labo-

402 2005 463 2066 qne
482 1979 538 2048 usu
552 1977 853 2057 consumptibilibut,
872 1995 940 2053 quae
956 1994 1048 2053 pater
1070 1974 1169 2040 otiosa
1203 2000 1257 2055 re,
1276 1977 1445 2056 industria,
1466 1980 1525 2045 &o
1546 1976 1637 2044 Hisce
1657 1981 1857 2055 praenotatis.

404 2067 545 2141 retinet,
560 2062 680 2128 luctum
700 2054 871 2123 huiusmodi
900 2054 1096 2121 iudicandum
1125 2053 1168 2117 est
1243 2057 1278 2120 ln
1299 2059 1384 2124 bonis
1406 2057 1670 2138 paraphernalibus
1686 2080 1764 2123 uxor
1779 2056 1966 2137 plenumha-

406 2143 493 2225 filio,
513 2160 623 2223 utpote
657 2137 770 2205 fruetus
803 2131 1053 2202 soliue'eiusdem
1080 2135 1169 2199 indu·
1203 2137 1255 2202 bet
1276 2137 1464 2216 dominium,
1480 2159 1644 2216 eorumque
1672 2137 1965 2202 administrationem

407 2223 489 2291 slriae
508 2272 517 2303 ,
538 2222 676 2301 peccabit
706 2236 784 2284 vero
803 2232 913 2283 contra
930 2216 1141 2309 reverentiam
1159 2262 1169 2293 ,
1204 2216 1320 2295 prorsus
1340 2239 1358 2284 a
1377 2221 1493 2285 marito
1512 2218 1787 2298 independentem,
1802 2217 1967 2283 dummodo

406 2305 442 2375 dc
462 2302 564 2370 forsan
580 2319 691 2369 contra
709 2299 916 2364 obedientiam
936 2311 1017 2372 patri
1034 2294 1168 2359 debitam
1204 2301 1236 2361 in
1257 2297 1392 2370 maritali
1408 2299 1568 2365 contradlu
1590 2300 1744 2376 praecipue
1773 2298 1875 2375 quoad
1899 2318 1965 2376 ea,

406 2387 437 2453 id
452 2386 566 2452 clama
588 2383 702 2448 notitia
719 2380 845 2455 patrita
866 2374 963 2454 endo,
984 2393 1169 2440 nontamen
1203 2398 1271 2455 quae
1291 2380 1455 2457 innuptiis
1478 2378 1693 2445 contrahendis
1713 2377 1812 2443 secum
1836 2379 1966 2456 attulit,

405 2483 513 2535 contra
531 2463 697 2538 iuslitiam,
714 2399 877 2523 dummoio
896 2455 1007 2520 habeat
1024 2455 1104 2519 bona
1119 2476 1170 2520 ca·
1194 2458 1369 2536 explicite,
1387 2459 1438 2524 vel
1471 2460 1618 2538 implicite
1646 2478 1684 2522 ea
1704 2455 1756 2523 fibi
1785 2456 1966 2524 reservave-

405 2545 531 2614 strenfia
547 2592 556 2623 ‚
574 2559 630 2609 aut
648 2538 730 2618 quasi
746 2534 926 2613 caslrenfia,
946 2533 1054 2613 quibus
1081 2533 1168 2600 secu·
1204 2542 1264 2603 rit.
1281 2539 1356 2601 Dixi
1372 2539 1477 2617 quaein
1499 2540 1610 2619 nuptiis
1625 2539 1746 2615 attulit,
1767 2560 1837 2603 nam
1848 2558 1884 2602 ea
1894 2557 1965 2615 qua

404 2650 476 2694 rum
496 2624 620 2690 reddere
641 2620 730 2699 posfit
750 2621 847 2694 patris
866 2613 1054 2708 capitale,s1
1081 2611 1166 2679 forte
1205 2616 1272 2696 ipsis
1293 2617 1392 2695 pollea
1403 2620 1593 2700 adveniunt,
1614 2618 1825 2698 proculdubio
1846 2620 1965 2680 immix-

406 2710 439 2771 in
469 2701 656 2785 negotiando
680 2697 874 2779 periclitetur
896 2745 906 2772 ,
931 2712 984 2759 aut
1007 2693 1090 2758 aliud
1115 2694 1168 2759 da·
1205 2715 1238 2763 ta
1257 2699 1371 2763 censeri
1393 2719 1549 2777 nequeunt
1565 2721 1636 2765 curn
1657 2699 1757 2764 dote.
1784 2699 1856 2761 Dixi
1876 2699 1965 2759 dam·

396 2807 512 2853 <arnum
532 2797 686 2861 emergat,
701 2778 735 2845 ἂ
755 2776 918 2842 dummodo
937 2777 969 2837 in
989 2776 1114 2839 caeteria
1133 2772 1168 2837 sr-
1203 2779 1286 2843 niodo
1301 2779 1455 2858 explicite,
1474 2783 1530 2846 vel
1548 2780 1693 2866 implicite
1712 2800 1746 2843 ea
1758 2776 1814 2858 fili·
1833 2776 1966 2856 reserve-

403 2864 435 2933 bi
452 2888 471 2933 a
486 2880 575 2945 patre
594 2858 755 2929 commissis
776 2855 948 2922 deserviat.
969 2854 1060 2948 Aliae
1076 2850 1168 2919 finon
1186 2859 1307 2936 oeric,
1326 2863 1399 2938 quia
1419 2860 1531 2929 seclusa
1551 2864 1636 2927 omni
1656 2859 1864 2925 reservatione
1883 2856 1965 2920 bona

404 2946 518 3014 babeat
534 2943 617 3011 unde
638 2941 776 3007 securum
791 2936 898 3002 reddat
916 2951 1033 3015 patrem
1048 2954 1081 2998 m
1097 2935 1169 3001 casu
1204 2942 1307 3005 omnia
1327 2940 1443 3008 dotalia
1470 2961 1673 3022 reputantur,
1689 2961 1759 3005 cnm
1788 2937 1843 3001 nist
1874 2936 1965 3001 aliter

405 3027 562 3111 periculi,
589 3021 725 3102 peccabit
742 3017 917 3082 mortaliter
940 3013 978 3080 ob
993 3016 1169 3109 ‚periculum
1206 3039 1352 3102 appareat
1372 3071 1381 3100 ,
1410 3020 1572 3088 censeatur
1594 3023 1711 3085 mulieri
1726 3017 1842 3082 nubens
1862 3021 1966 3077 omnia

405 3109 510 3189 gravit
529 3105 659 3180 damni,
679 3103 729 3166 cui
748 3114 866 3176 patrem
887 3111 1034 3173 exponit.
1056 3095 1087 3157 Si
1117 3113 1167 3161 ta·
1205 3103 1236 3164 in
1252 3101 1354 3167 dotem
1370 3105 1485 3169 marito
1505 3099 1665 3180 aslignare.
1685 3098 1781 3170 Super
1810 3090 1965 3155 dotalibus

407 3207 480 3253 men
496 3206 542 3250 ret
566 3181 739 3264 prosperum
764 3178 912 3242 sortiatur
928 3190 1086 3242 ¹eventum
1107 3224 1116 3252 ‚
1135 3177 1169 3242 dc
1206 3202 1300 3261 vero,
1318 3184 1353 3249 dc
1376 3181 1584 3249 communibus
1600 3198 1678 3247 uxot
1696 3192 1762 3237 non
1792 3169 1881 3255 babet
1909 3171 1966 3233 nili

407 3267 568 3343 lucretur‚·
591 3264 709 3328 lucrum
730 3257 815 3321 suum
832 3259 913 3330 erit,
929 3271 1042 3333 utpote
1058 3276 1168 3331 prove-
1203 3263 1372 3329 dominium
1391 3263 1535 3327 direslum
1553 3308 1562 3337 ,
1580 3257 1630 3323 seu
1662 3254 1968 3343 propriffltsssfuffi

406 3348 497 3413 nient
516 3366 556 3410 ex
573 3338 740 3418 solaipsrus
762 3333 926 3407 industria.
943 3334 1168 3403 occullumlu·
1204 3343 1280 3407 utile
1300 3344 1351 3409 seu
1387 3335 1570 3408 ususfructus
1590 3339 1627 3401 ad
1648 3335 1793 3399 maritum
1809 3349 1966 3407 pertineat

407 3446 494 3495 crum
513 3424 594 3491 bona
614 3420 666 3484 illa
683 3420 761 3497 patri
777 3431 866 3482 etant
885 3415 1034 3478 allatura.
1055 3416 1103 3482 Sic
1113 3440 1168 3497 pu·
1203 3422 1240 3485 ad
1260 3443 1356 3488 onera
1375 3422 1564 3486 matrimonii
1583 3413 1776 3481 sollinenda.
1805 3411 1888 3475 Nam
1915 3410 1965 3474 de·

405 3508 592 3585 tatclrarus
607 3499 785 3564 Cuniliatus
804 3498 835 3557 in
867 3491 1067 3561 huiuscemodi
1096 3499 1167 3565 casu
1204 3499 1311 3567 fundlo
1329 3503 1444 3565 marito
1464 3516 1530 3564 tum
1548 3497 1627 3563 bona
1643 3493 1780 3570 dotalia,
1809 3510 1875 3555 tum
1899 3511 1966 3567 por·

408 3584 610 3657 resolvendo,
630 3580 740 3654 salvo,
759 3578 804 3641 ait
814 3571 892 3652 ipse,
905 3575 1026 3666 'meliori
1043 3576 1167 3661 iudicio,
1203 3583 1249 3649 tio
1260 3630 1269 3661 ,
1285 3580 1335 3645 seu
1356 3578 1502 3654 medietas
1523 3577 1672 3645 bonorum
1690 3570 1964 3647 communium‚li·

410 3666 444 3735 dc
457 3669 507 3731 ita
527 3661 621 3739 sentit
637 3657 675 3721 de
690 3652 746 3720 filii
763 3675 802 3720 ne
820 3655 970 3719 otiatrone
986 3652 1072 3737 supet
1080 3657 1166 3727 bonis
1202 3682 1243 3730 ve
1266 3659 1440 3736 mobilium,
1460 3657 1525 3722 slve
1539 3657 1739 3722 immobilium
1754 3671 1891 3729 tempore
1899 3671 1964 3712 ma·

408 3744 597 3818 mobilibus,
617 3735 774 3802 frumento
793 3678 907 3800 {ilicet
945 3741 1071 3815 pecunia
1097 3789 1107 3818 ,
1132 3763 1166 3808 a·
1202 3741 1337 3807 trimonii
1358 3736 1575 3816 acquisitorum
1595 3743 1661 3802 iure
1688 3734 1841 3800 communi
1870 3731 1964 3794 obve-

409 3823 516 3902 liisque
546 3815 777 3911 huiuscemodi.
807 3813 888 3877 Nam
908 3786 929 3878 {²1
953 3822 1167 3894 negotiaretur
1202 3825 1293 3885 niunt
1313 3822 1402 3883 uxori
1423 3818 1457 3886 dc
1492 3819 1569 3885 uoad
1590 3810 1853 3896 proprietatem&
1864 3810 1964 3886 quoad

408 3901 499 3982 supet
525 3919 559 3965 re
587 3895 759 3973 immobili,
788 3917 819 3959 v.
845 3916 871 3974 g.
903 3898 1028 3963 locando
1042 3900 1166 3966 domum
1202 3895 1445 3976 usumfrudium,
1472 3842 1592 3965 icciuso
1620 3899 1705 3961 omni
1730 3888 1908 3968 contrado,
1928 3889 1962 3954 dt

409 4003 503 4061 quam
520 3994 615 4058 pater·
629 3995 750 4040 morans
772 3976 877 4040 Romae
895 3996 983 4044 tenet
1015 3979 1166 4046 Mediola·
1202 3979 1403 4046 testamento.
1425 3981 1503 4046 Haec
1523 3980 1627 4043 omnia
1648 3976 1746 4053 quoad
1774 3973 1852 4037 bona
1881 3992 1963 4034 com·

405 4060 597 4142 ni,&locare
617 4076 681 4123 non
701 4055 900 4134 vult,lucrum
916 4057 992 4123 illud
1013 4078 1075 4123 non
1090 4059 1165 4126 ellet
1201 4064 1305 4126 munia
1324 4062 1498 4126 obveniunt
1518 4061 1628 4135 uxori,
1647 4075 1683 4121 ut
1699 4057 1853 4129 diximus,
1873 4052 1962 4115 deiu-

406 4140 635 4214 adventitium,
654 4132 702 4200 sed
723 4134 943 4215 proscdlitium,
959 4160 995 4205 ac
1017 4140 1087 4203 ideo
1100 4139 1166 4216 spe·
1202 4163 1235 4208 re
1253 4144 1425 4208 communi.
1447 4137 1539 4202 Unde
1558 4137 1593 4203 bt
1612 4134 1709 4214 quoad
1728 4135 1807 4199 bona
1828 4129 1963 4195 huiusce·

406 4219 492 4291 flans
514 4218 550 4283 ad
572 4234 710 4295 patrem,
728 4220 797 4296 quia
818 4235 892 4283 tunc
914 4219 1030 4285 lucrum
1046 4218 1161 4285 nones·
1201 4223 1304 4302 modi,
1324 4221 1359 4288 dt
1374 4221 1523 4285 donataa
1544 4221 1657 4282 marito
1693 4213 1830 4279 flandum
1858 4209 1901 4274 est
1921 4211 1965 4275 le·

406 4299 453 4365 set
473 4296 563 4363 solius
592 4295 647 4360 filii
674 4296 856 4380 industriae,
882 4296 930 4366 sed
947 4302 990 4365 rel
1007 4318 1166 4380 paternae,
1202 4301 1353 4384 gibus,&
1368 4296 1635 4366 consuetudinibus
1657 4297 1965 4370 locorum,quaenon·

406 4396 517 4455 nempe
542 4377 646 4442 domus
671 4426 680 4456 ,
704 4399 772 4456 quae
798 4402 837 4448 ex
865 4376 894 4446 se
914 4376 1007 4448 babet
1027 4380 1165 4449 valorem
1203 4381 1295 4447 nullis
1312 4384 1345 4443 in
1376 4380 1453 4444 locis
1481 4374 1666 4454 dispofitioni
1695 4382 1766 4442 iuris
1794 4379 1965 4442 communis

406 4455 469 4529 sum
490 4457 669 4524 locationis.
1203 4463 1273 4526 lunt
1293 4464 1489 4537 contrarie,
1514 4457 1548 4523 &
1566 4457 1653 4522 hasce
1671 4461 1704 4521 in
1728 4462 1814 4536 praxi
1834 4456 1963 4534 quilibet

1202 4537 1360 4607 consulere
1379 4559 1414 4603 ac
1431 4541 1510 4617 sequi
1534 4558 1681 4603 tenetur.

703 4628 732 4687 t.
771 4620 856 4688 Vll.
1100 4648 1110 4662 ·
1242 4621 1320 4684 Cum
1340 4621 1435 4713 igitur
1456 4617 1611 4696 utriusque
1630 4621 1745 4699 generis
1761 4617 1912 4684 bonorum
1929 4613 1966 4678 sr-

601 4744 644 4805 a.
664 4738 792 4806 amr...
812 4745 963 4809 ml...
1204 4699 1751 4858 itilt²lll;..lll⁰ltl⁰lll
1780 4693 1966 4853 ‘llil‘lllf

275 4860 393 4939 werra
448 4856 536 4923 Nota
552 4863 611 4924 tria
632 4859 779 4926 bonorum
798 4848 1169 4945 generacomputttipqs·
1205 4881 1252 4924 res
1284 4861 1314 4921 in
1343 4829 1717 4937 conscientia'disponere
1746 4829 1856 4940 pbssrnt
1891 4879 1966 4938 erga

260 4935 435 5006 “¹⁸⁰⁸⁸⁸·s⁶
454 4936 553 5003 Uxori
564 4989 572 5017 ι
595 4939 655 5008 ᾶῗῐᾶ
675 4961 746 5022 quae
762 4940 909 5004 dicuntur
926 4932 1168 5017 Plrllhlrnalffl2
1205 4939 1286 5004 bona
1302 4943 1428 5018 mariti,
1450 4962 1497 5005 tes
1516 4941 1704 5018 elucidetur,
1727 4942 1899 5005 notandum
1925 4960 1966 5004 ex

259 5013 387 5117 „324⁰
405 5021 464 5086 alia
484 5019 623 5098 dotalia,
642 5022 701 5087 alia
720 5017 926 5113 communia,
952 5033 1081 5159 puerum
1106 5014 1169 5110 duo
1204 5022 1359 5084 communi
1387 5039 1450 5085 non
1477 5019 1550 5086 satis
1570 5021 1631 5086 esse
1657 5022 1703 5107 ad·
1722 5041 1818 5101 grave
1845 5017 1965 5085 furtum

260 5127 392 5188 mim,
405 5103 506 5189 priora
521 5104 620 5172 etiam
633 5104 701 5171 iura
720 5096 943 5181 particulatim
972 5114 1012 5163 eu
1032 5094 1169 5191 Muniti·
1205 5100 1308 5168 uxoris
1323 5095 1396 5179 ,seu
1415 5099 1550 5168 filiorum
1571 5106 1603 5168 in
1619 5100 1707 5168 bouis
1723 5101 1896 5169 domesticis
1912 5120 1967 5166 eo·

386 5212 391 5217 ·
1855 5204 1928 5248 tum
