4425 6000
421 537 496 611 342
676 510 849 584 Tutor.
877 529 934 581 οε
961 508 1217 585 Puiecerris
1246 500 1473 584 mortuos
1502 509 1606 585 Cat.
1632 510 1678 587 V.
1761 550 1770 582 i

361 633 405 685 at
420 618 453 683 in
472 609 627 677 clemenu
647 607 845 685 Pastorali'sde
859 626 892 669 re
911 605 1001 671 indic.
1016 604 1132 684 ds'quia
1162 606 1219 672 sibi
1239 607 1392 673 habenta
1410 607 1481 673 Deo
1496 627 1558 671 non
1586 608 1679 674 solum
1704 608 1741 674 ad
1757 608 1859 676 cedes
1877 618 1934 688 pm

366 693 489 772 punitio
504 689 625 767 publica
639 690 804 770 ordinatur
823 685 859 750 ad
873 686 1143 762 publicata-emen
1163 688 1330 764 punitione
1345 685 1591 764 malesaslotum,
1607 691 1655 754 sed
1674 692 1712 754 ad
1730 711 1786 764 eas>
1803 696 1898 755 etiam
1920 709 1937 770 ,’

366 776 542 846 dationem,
562 770 688 844 requirit
708 766 860 844 publicam
878 769 1077 842 citationem,
1096 767 1132 831 dt
1166 786 1235 845 quat
1251 765 1317 830 lieri
1331 772 1515 847 contingant
1535 773 1566 832 iir
1587 772 1667 834 bello
1683 770 1761 834 iuslo
1776 818 1785 848 ,
1801 792 1863 837 non
1880 792 1938 836 ων

365 850 667 932 partlsaoditionem
684 896 694 925 ,
710 865 750 911 ut
772 843 911 909 omnibus
930 844 1050 909 constet
1072 851 1132 908 cri·
1168 849 1296 923 piditate
1318 895 1327 923 ,
1353 867 1388 911 ac
1407 848 1617 926 crudelitate,
1642 848 1694 913 sed
1715 847 1779 913 solo
1800 849 1934 923 public·

364 936 455 996 minis
473 932 607 1000 veritas,
622 928 655 994 dc
671 931 712 989 rei
734 927 896 1002 allegatio,
915 923 950 991 dt
965 930 1035 1001 quia
1051 922 1130 989 solus
1166 926 1313 990 utilitatis
1333 926 1448 1004 lludio,
1469 927 1503 992 dt
1524 928 1647 1006 proinde
1663 927 1711 993 ba·
1727 949 1846 1006 quoque
1868 948 1934 995 nois

364 1013 467 1087 Deus,
485 1014 581 1079 utait
598 1007 638 1070 D.
663 1006 722 1068 Th.
743 1024 772 1066 a.
791 1024 819 1064 a.
841 1025 869 1081 q.
886 1006 936 1084 67.
955 1017 1012 1068 art.
1043 1020 1069 1083 3.
1090 1006 1133 1069 ad
1167 1007 1365 1081 prohibentur
1386 1009 1418 1068 iti
1439 1007 1495 1071 hoc
1516 1026 1667 1083 precepto
1679 1012 1852 1083 proximum
1868 1029 1932 1074 nott

364 1108 392 1172 3.
415 1107 522 1166 utpote
549 1094 600 1163 qui
627 1092 730 1149 omnia
751 1082 911 1147 clariffime
943 1083 978 1150 ab
1009 1103 1129 1148 aeterno
1164 1085 1336 1149 occidendi.
1364 1085 1404 1154 Et
1430 1084 1487 1150 hoc
1513 1085 1631 1151 constat
1657 1109 1699 1153 ex
1718 1086 1837 1166 bellis,
1866 1109 1934 1165 quaa

362 1164 673 1249 comprehendit,ell
690 1165 777 1227 simul
793 1161 968 1240 accusator,
989 1162 1128 1242 tellis‚&
1165 1164 1251 1241 gessit
1272 1164 1443 1243 Abraham,
1466 1168 1514 1229 cui
1536 1172 1706 1231 revertenti
1728 1187 1747 1232 a
1766 1170 1934 1244 caedequar

363 1252 475 1324 iudex,
498 1269 562 1315 non
585 1266 662 1312 vero
685 1247 735 1320 qui
760 1244 895 1319 procedit
923 1264 964 1307 eit
992 1248 1127 1308 veritate
1162 1262 1234 1308 tuot
1250 1265 1355 1325 regum
1385 1245 1528 1309 Sacerdos
1547 1245 1766 1312 Melchisedech
1797 1250 1945 1327 gratulat

362 1332 400 1398 ab
419 1335 482 1396 alio
502 1346 642 1403 accepta.
662 1326 732 1387 Duri
748 1323 899 1387 ordinarie
913 1322 1126 1400 loquendoquia
1157 1323 1278 1389 bundus
1293 1327 1458 1402 occurrit,
1487 1326 1574 1402 eique
1594 1347 1703 1402 panem
1726 1374 1737 1405 ,
1767 1349 1803 1391 ac
1824 1331 1931 1394 vinum

362 1415 393 1474 in
421 1406 577 1474 nonnullis
605 1405 719 1468 casibus
744 1407 772 1467 id
793 1402 863 1466 fieti
892 1401 1014 1481 potest,
1050 1423 1124 1480 puta
1159 1403 1443 1482 obtulit,taecnon
1471 1408 1500 1469 ei
1530 1406 1713 1483 benedixit,
1741 1403 1854 1470 Genes.
1878 1428 1929 1487 η.

359 1490 482 1569 quaudo
496 1483 636 1550 desidium
656 1483 699 1553 eli
716 1488 890 1558 notorium,
908 1502 944 1548 ut
965 1485 997 1545 in
1016 1485 1123 1561 toqui
1159 1482 1226 1547 lmo
1247 1483 1349 1562 passim
1364 1484 1447 1547 Deus
1467 1481 1546 1562 ipse,
1568 1504 1601 1547 ut
1625 1485 1751 1552 habetur
1773 1491 1808 1550 in
1828 1489 1928 1558 veteri

361 1569 514 1647 publicum
529 1563 698 1629 ministrum
719 1568 749 1625 in
770 1560 838 1627 soto
866 1564 985 1640 publico
1008 1564 1126 1627 occide·
1163 1562 1364 1628 Testamento
1383 1611 1392 1641 ‚
1411 1564 1525 1627 bellare
1541 1561 1622 1628 iussit
1643 1566 1786 1631 adversus
1803 1567 1929 1632 Amale-

358 1666 428 1727 ret,
448 1652 479 1711 in
503 1646 600 1709 milite
622 1648 671 1720 qui
694 1664 710 1707 a
730 1644 860 1706 militati
886 1641 1040 1720 disciplina
1070 1664 1124 1719 pu·
1159 1647 1258 1720 citas,
1277 1645 1485 1720 Madianitas,
1501 1642 1633 1720 aliasque
1650 1650 1791 1711 nationes
1814 1648 1925 1721 ,auiti-

357 1730 436 1798 blite
450 1728 608 1803 deviaret,
628 1727 659 1786 iii
679 1721 893 1803 grassatoribus
914 1723 1124 1801 viarum,quia
1158 1723 1292 1800 liumque
1312 1722 1386 1787 iulle
1403 1724 1588 1786 bellantibus
1616 1726 1773 1803 pollicitus
1789 1725 1865 1803 ess,
1887 1746 1925 1791 aa

358 1827 436 1875 tunc
454 1804 555 1875 desisti
574 1806 744 1868 notorietas
761 1802 802 1867 ell
824 1802 891 1865 loco
918 1801 1020 1866 tellis.
1043 1800 1123 1867 ltem
1158 1804 1319 1866 tout-ulit:
1349 1801 1513 1879 Apostolus
1538 1824 1653 1879 quoque
1676 1805 1850 1871 Hebraeor.
1878 1824 1925 1871 η’.

230 1947 236 1968 -.
305 1885 310 1896 ’
354 1888 478 1967 quando
494 1884 662 1963 periculum
676 1883 753 1947 esset
773 1881 966 1956 rebellionis,
985 1898 1039 1945 aut
1058 1897 1123 1944 tur·
1160 1882 1264 1947 laudat
1277 1882 1621 1961 Gedeoneui,leplite,
1638 1884 1795 1964 aliosque,
1814 1889 1927 1963 quipet

357 1968 491 2034 bationis
510 1961 701 2041 reipuclitae,
716 1958 738 2022 fi
755 1962 882 2026 iuridice
903 1962 934 2023 in
951 1959 1123 2025 dissecatis·
1161 1960 1250 2025 fidem
1269 1967 1413 2026 ⁴vicerunt
1435 1982 1526 2041 tegna
1552 2009 1561 2038 ,
1590 1958 1685 2027 sortes
1709 1964 1776 2030 sassi
1800 1963 1873 2030 sunt
1893 1970 1924 2033 in
1945 2025 1953 2041 .

357 2044 389 2111 sa
405 2041 603 2125 procedatur.
624 2040 765 2117 Denique
776 2040 796 2103 si
814 2038 953 2105 desidum
968 2037 1059 2106 facile
1076 2042 1122 2103 iu·
1156 2039 1236 2106 bello
1250 2090 1259 2117 ,
1273 2039 1372 2106 casira
1387 2058 1572 2105 everterunt
1592 2060 1789 2108 exterorum.
1816 2045 1860 2109 Ee
1877 2050 1923 2109 in·

354 2126 448 2198 ridice
469 2120 589 2202 probari
608 2120 727 2198 possit,
752 2116 800 2188 sed
814 2122 967 2197 probatio
995 2121 1122 2184 iuridica
1158 2137 1205 2184 ter
1233 2139 1363 2187 caeteror
1391 2122 1440 2183 SS.
1457 2124 1561 2184 Patres
1586 2120 1624 2185 de
1644 2120 1700 2189 boc
1723 2123 1920 2190 laudabiliter

355 2220 501 2288 vergeret
520 2200 695 2265 indedecos
711 2201 818 2277 Regia,
838 2201 1034 2280 aeReginae,
1055 2199 1120 2265 iitsi
1157 2199 1294 2278 loquitur
1322 2202 1350 2280 S,
1373 2203 1452 2280 Aug.
1475 2218 1517 2278 ep.
1545 2201 1610 2261 ia8.
1644 2205 1680 2267 ad
1700 2204 1921 2270 Macedonium

356 2288 424 2363 quis
445 2280 589 2361 ingressus
608 2281 685 2344 esset
703 2280 740 2344 ad
761 2280 936 2356 Reginam,
961 2297 1015 2348 aut
1040 2278 1121 2345 filius
1156 2300 1270 2357 capa.
1303 2280 1359 2343 Sed
1382 2281 1418 2344 ad
1446 2279 1503 2344 boc
1528 2298 1564 2345 ut
1590 2281 1703 2347 bellum
1723 2282 1762 2349 sit
1782 2282 1923 2363 insitam,¹

355 2359 704 2441 Principucommisiirt
721 2357 891 2436 gravissima
902 2358 1011 2423 deliRa
1028 2377 1120 2435 ,pota
1158 2378 1219 2424 tres
1238 2378 1419 2424 concurrere
1435 2359 1543 2423 debent
1562 2362 1754 2427 conditiones
1774 2413 1783 2443 ,
1803 2363 1964 2447 scilieet„

354 2444 616 2510 machinationem
643 2459 751 2504 contra
773 2438 1010 2514 rempublicam:
1045 2456 1119 2503 tunc
1156 2440 1319 2503 authoritas
1336 2440 1493 2517 legitima,
1527 2461 1595 2515 quae
1616 2440 1712 2505 solum
1732 2445 1765 2506 in
1785 2443 1970 2522 supremosu

355 2526 438 2586 enim
458 2542 525 2587 reus
547 2520 645 2596 puniri
669 2517 765 2594 potest
786 2520 895 2583 moitis
915 2537 1026 2597 poena,
1047 2522 1119 2595 quin
1156 2520 1318 2597 Principe,
1344 2519 1378 2584 dt
1401 2518 1558 2593 repub-lica
1583 2517 1711 2597 persesta
1739 2532 1890 2602 reperitur
1910 2523 1970 2603 ,bal

353 2602 479 2665 iuridice
494 2597 698 2676 procedatur.
872 2651 875 2655 .
1151 2620 1226 2666 tum
1256 2618 1318 2662 uon
1345 2600 1497 2675 pertineat
1522 2599 1558 2659 ad
1584 2603 1739 2676 privatam
1769 2606 1924 2681 personam

398 2675 524 2745 Possunt
541 2679 694 2752 Principes
714 2674 883 2753 dispensate
912 2679 943 2741 in
964 2679 999 2741 iis
1054 2698 1120 2753 quae
1155 2677 1269 2740 bellum
1285 2682 1471 2752 movere,2.
1493 2678 1591 2743 caussa
1609 2679 1713 2758 iulia,
1734 2699 1771 2763 3:
1787 2688 1922 2752 intentio

354 2762 426 2826 suut
448 2758 486 2824 de
505 2761 572 2823 iure
593 2753 724 2832 positivo
743 2802 752 2833 ‚
782 2759 827 2820 uti
849 2756 919 2823 sont
935 2725 1089 2823 accusatio
1112 2806 1121 2835 ,
1157 2754 1253 2819 resia.
1270 2757 1448 2834 Requiiitur
1467 2755 1568 2824 caussa
1583 2757 1661 2823 iusta
1679 2762 1717 2825 ad
1737 2765 1924 2830 bellarmino·

227 2874 230 2878 .
351 2840 473 2904 oblatio
500 2836 593 2902 libelli
610 2829 739 2915 scripti,
765 2840 915 2901 terminus
942 2835 1060 2899 dierum
1081 2837 1120 2902 ad
1156 2834 1315 2913 vendum,
1342 2838 1445 2911 utqui
1463 2838 1704 2919 impugnantur,
1729 2844 1770 2907 ob
1798 2846 1922 2923 culpam

353 2916 610 2998 respondendum,
631 2913 798 2981 dismissa.
816 2915 916 2980 Potest
934 2914 1120 2995 Respublica,
1155 2917 1288 2990 aliquam
1303 2918 1521 2994 impugnentur
1550 2923 1638 2983 iuxta
1659 2920 1686 2980 R
1708 2922 1791 3003 Aug.
1820 2944 1852 3003 q.
1873 2940 1920 2986 iot

354 3018 408 3065 aut
429 2993 737 3074 Princepasupremut
753 2994 825 3059 daie
845 2992 1028 3062 facultatem
1038 2994 1121 3075 filiis,
1155 2999 1186 3058 in
1208 2993 1313 3073 losue,
1330 2994 1379 3060 ubi
1402 2998 1445 3061 ait
1464 3023 1475 3060 r
1494 3000 1571 3072 duda
1587 2995 1660 3062 bella
1675 3000 1794 3080 definiri
1804 3004 1919 3086 sardensi

260 3148 268 3155 ,
354 3098 410 3144 aut
430 3068 598 3154 fratribus,
626 3092 663 3145 ut
684 3077 808 3150 impune
838 3097 890 3152 per
912 3073 1018 3154 seipsos
1029 3135 1033 3153 ,
1040 3082 1120 3141 otei·
1155 3096 1220 3154 que
1240 3073 1419 3155 ulciscuntur
1444 3075 1590 3154 iiiiisrias,
1605 3080 1803 3158 stquagens,
1823 3084 1920 3150 velts⁴

351 3158 429 3222 dant
446 3151 672 3220 intersediorem
694 3158 806 3232 patris,
823 3174 860 3219 at
873 3152 982 3221 sratris
1027 3155 1119 3233 post·
1153 3156 1262 3233 ostar,
1287 3176 1351 3234 quae
1369 3153 1439 3220 bella
1446 3158 1579 3236 pelenda
1597 3159 1637 3235 est
1654 3206 1664 3236 ,
1691 3162 1748 3224 vel
1765 3163 1922 3228 viatim

351 3252 571 3323 quam'coiitra
593 3234 688 3302 talem
707 3254 793 3297 teum
820 3236 973 3311 prolatum
990 3203 1049 3300 suit
1071 3240 1117 3299 iu·
1156 3235 1316 3315 neglexe'rit
1336 3237 1413 3313 quod
1438 3261 1459 3300 a
1482 3236 1690 3326 suir‘i'iiiprode
1712 3238 1836 3319 saisiri
1861 3245 1921 3332 est,

354 3316 485 3380 ditium.
508 3314 585 3387 Cum
606 3312 689 3376 enim
710 3311 874 3391 respublica
894 3314 931 3378 ad
952 3314 1118 3391 puniendos
1153 3315 1206 3379 vel
1230 3314 1352 3378 reddere
1367 3317 1453 3392 -qirod
1468 3335 1520 3395 per
1549 3317 1677 3380 iniuriat
1703 3321 1838 3385 Mauri
1865 3323 1920 3402 est.

354 3415 424 3460 ieos
444 3397 491 3461 uti
508 3390 597 3472 possit
616 3389 763 3456 ministris
788 3400 864 3471 q'uos
884 3394 1046 3474 voluerit,
1075 3395 1118 3460 id·
1154 3394 1252 3473 lgitur
1286 3393 1371 3458 iollae
1400 3397 1510 3463 taufl'ae
1535 3397 1603 3462 belli
1635 3396 1704 3462 sunt
1728 3406 1920 3477 recuperatio

350 3479 436 3543 ‚circo
456 3473 622 3539 concedere
641 3475 756 3546 poterit
776 3470 849 3539 filiis
870 3491 954 3554 ,aut
968 3474 1037 3539 aliis
1046 3493 1115 3540 con:
1152 3473 1300 3538 bonorum
1316 3495 1350 3537 ac
1371 3476 1498 3548 iuriuiu,
1514 3497 1582 3555 quae
1603 3481 1733 3555 Principi
1744 3528 1754 3558 ,
1776 3498 1833 3545 aut
1850 3472 1920 3546 Rei*

352 3552 526 3636 sanguineis
534 3547 626 3618 occisi
639 3548 820 3617 facultatem
833 3555 1036 3618 interficiendi
1049 3574 1119 3632 pro·
1154 3551 1281 3631 publicae
1301 3551 1449 3619 debentur
1468 3604 1478 3632 ,
1503 3559 1583 3621 ultio
1611 3564 1717 3635 gravis·
1745 3563 1920 3638 ignominia

354 3639 414 3713 prii
428 3638 543 3714 patris,
559 3632 610 3698 vel
632 3628 688 3723 filii
706 3631 948 3727 intersesiorem.
970 3635 1051 3723 Haec
1069 3651 1116 3699 ta·
1152 3634 1276 3773 lebgatia
1304 3632 1428 3726 illatae,
1456 3633 1477 3697 si
1503 3637 1584 3701 alter
1613 3640 1759 3715 Princeps
1788 3641 1918 3707 boslibus

352 3735 424 3780 men
442 3711 592 3780 concessio
609 3709 751 3776 rarissime
777 3716 929 3792 contingit
949 3762 958 3791 ,
982 3714 1016 3781 ἃ
1036 3735 1114 3777 non·
1154 3717 1185 3788 ip
1209 3733 1242 3774 ue
1260 3713 1410 3776 auxilium
1426 3712 1618 3792 praebeat,fi
1641 3721 1749 3794 impios
1769 3765 1780 3795 ,
1799 3717 1918 3786 seditio·

352 3793 408 3869 nisi
428 3794 550 3870 quando
565 3787 777 3857 interstflotea
799 3790 1116 3873 patentumsiutgras·
1153 3789 1223 3869 sos‚'
1239 3793 1290 3854 vel
1307 3791 1475 3869 perduelles
1493 3812 1602 3859 contra
1635 3798 1792 3877 publicum
1807 3798 1920 3864 bonum

354 3874 472 3940 satores
482 3870 932 3963 viarm,uulgoalsaffini,aut
942 3870 1116 3949 reipublicae
1153 3888 1300 3963 tueatur,
1320 3871 1545 4013 uiolatiofalsl
1566 3923 1575 3951 ,
1596 3895 1632 3939 ac
1648 3873 1771 3941 soedetis
1793 3927 1803 3956 ,
1834 3894 1922 3958 nega*

352 3951 610 4030 perturbatores,
640 3951 761 4028 quando
785 3968 933 4014 timeatur
946 3962 1001 4015 eds
1020 3951 1116 4018 adhuc
1155 3969 1200 4014 tio
1217 3947 1285 4013 iusli
1306 3948 1434 4022 tributi,
1467 3953 1641 4020 obditorum
1664 3955 1791 4035 seditio,
1813 3960 1862 4022 vel
1878 3977 1921 4022 re·

353 4028 546 4113 perseverate
565 4032 596 4093 in
618 4034 721 4095 animo
740 4030 881 4093 damnum
900 4027 1049 4095 inserendi
1064 4048 1116 4094 et·
1151 4027 1243 4092 bellio
1265 4075 1273 4104 ,
1301 4025 1434 4093 desensio
1454 4027 1672 4098 saederamtum
1696 4085 1705 4113 ,
1735 4040 1787 4115 qui
1814 4035 1921 4101 iniusle

352 4115 416 4175 iam
433 4112 502 4174 aliis
516 4128 559 4174 ex
577 4111 716 4189 cognatis
739 4105 869 4177 desunsli
889 4131 899 4187 ς
929 4109 1006 4174 alias
1023 4110 1116 4173 dene-
1153 4109 1370 4184 opprimuntur
1391 4155 1400 4183 ,
1420 4111 1470 4173 vel
1486 4115 1622 4176 caussam
1639 4112 1750 4179 iustam
1771 4133 1920 4194 tuenturg

351 4191 451 4269 ganda
464 4187 509 4254 ess
525 4189 596 4252 talis
618 4190 767 4265 licentia,
793 4193 864 4264 quia
893 4205 966 4256 tunc
989 4188 1116 4252 tonstri-
1153 4187 1271 4250 innoxii
1293 4186 1439 4252 transitus
1470 4194 1619 4270 negatio,
1647 4194 1686 4256 de
1709 4216 1772 4271 qua
1791 4196 1820 4258 S.
1844 4199 1870 4261 A

349 4273 451 4361 gulosi
472 4264 676 4340 intersedlotes
692 4287 754 4330 non
780 4287 819 4331 tx
836 4266 950 4331 iullitia
971 4315 981 4345 ,
1005 4264 1055 4332 sed
1075 4289 1114 4330 eir
1151 4277 1239 4346 qipa„
1263 4268 1295 4329 in
1313 4268 1439 4331 Nusner.
1464 4271 1535 4333 Non
1552 4272 1594 4335 eli
1621 4276 1715 4350 igitur
1733 4276 1836 4339 caussa
1853 4280 1862 4337 i

352 4344 486 4415 v'indidia
507 4353 653 4414 atrociter
687 4345 824 4414 occidere
847 4343 964 4410 solent.
993 4344 1114 4416 Caeteta
1150 4345 1221 4409 belli
1237 4341 1386 4409 inserendi
1408 4350 1570 4424 ampliatio
1592 4355 1708 4428 imperii
1728 4402 1737 4431 ,
1758 4353 1919 4435 &gloriae

352 4450 427 4494 uero
454 4448 522 4505 quoe
546 4424 710 4504 respiciunt
740 4426 848 4497 iudicis
875 4426 1010 4489 debitum
1032 4431 1114 4490 circa
1151 4424 1316 4500 cupiditas.
1337 4425 1457 4490 Milites
1479 4449 1631 4496 veronon
1650 4439 1920 4500 tenenturexami·

352 4529 444 4584 reos,
475 4514 535 4572 iam
562 4509 693 4573 vidimus
721 4503 772 4569 uhi
799 4507 918 4583 egimus
941 4505 978 4567 de
1004 4505 1118 4571 iudicia
1151 4525 1225 4568 nate
1244 4503 1314 4568 belli
1336 4504 1505 4585 iussitiam,
1525 4508 1572 4574 sed
1594 4531 1699 4589 parere
1717 4511 1921 4579 amieria·-

349 4586 605 4664 obligationibus.
1149 4589 1228 4661 cipi,
1248 4583 1283 4648 &
1302 4583 1436 4648 Ducibus
1454 4586 1491 4650 ab
1510 4590 1575 4664 ipso
1590 4589 1785 4671 constitutis,
1801 4588 1920 4659 etiamfi

355 4686 358 4699 ·
391 4665 480 4731 Nota
516 4669 547 4726 iti
573 4663 680 4740 tapssis
715 4660 863 4743 sauguinis
896 4664 931 4727 iit
956 4665 1113 4728 mitiorem
1150 4662 1240 4727 dubia
1257 4664 1294 4727 lit
1316 4660 1449 4731 eiusdem
1468 4665 1538 4729 belli
1557 4671 1689 4736 iustitia.
1719 4671 1815 4740 ltaS.
1839 4677 1919 4753 Auge

350 4757 471 4826 partem
489 4742 597 4809 debere
618 4744 747 4809 iudicem
763 4744 936 4819 inclinare,
956 4743 1114 4821 &quate'
1150 4743 1199 4807 lib.
1223 4761 1272 4804 aa.
1302 4759 1412 4808 contra
1434 4741 1579 4821 Paullum
1602 4771 1666 4826 tap-
1689 4770 1738 4831 7.
1771 4752 1844 4818 ldoe
1866 4759 1921 4821 au*

351 4847 408 4890 nus
423 4825 502 4903 leget
524 4826 704 4900 permittant
724 4819 923 4887 severitatem
943 4820 1112 4905 misericor·
1151 4841 1214 4887 tem
1233 4821 1522 4899 intelligendum'de
1541 4828 1687 4892 militibus
1703 4772 1926 4907 subditirPrira·

350 4904 401 4971 dia
423 4919 623 4979 temperare,
652 4900 734 4973 ot&
757 4903 835 4980 Aug.
865 4923 913 4980 ep.
944 4918 1011 4982 i53.
1035 4905 1112 4967 alias
1150 4906 1231 4978 cipi,
1254 4901 1431 4977 quibellum
1451 4904 1587 4971 indicit:
1608 4911 1924 4986 namquiriorisunt

351 5007 398 5067 54.
416 4984 455 5048 ad
470 4979 688 5047 Macedonium
706 5000 769 5060 cap.
788 4997 816 5059 3.
1154 4981 1263 5051 subditi
1282 5028 1293 5059 ,
1318 5000 1379 5045 non
1401 4983 1524 5063 possunt
1551 4988 1673 5054 militiai
1691 4991 1841 5072 Principis
1869 4992 1924 5058 ad·

388 5064 566 5143 Principes,
593 5058 626 5131 st
655 5057 844 5165 Respublica
868 5063 916 5128 ios
944 5059 1117 5130 concessum
1152 5059 1265 5142 scribi,
1293 5060 1472 5148 guandode
1496 5062 1610 5132 iustitia
1634 5065 1740 5155 belli,
1768 5071 1923 5151 quoditie

1827 5170 1880 5235 3⁶·
