4425 6000
449 510 501 609 76
687 504 891 580 Tracr.
917 525 982 579 oii
1018 505 1380 582 luiusrirrii
1408 500 1479 579 dcc·
1505 502 1624 577 Cir.
1652 502 1709 579 ΙΙ.

1203 602 1247 670 est
1267 602 1355 667 boriae
1381 599 1451 667 fidei
1468 600 1633 680 possessor.
1664 604 1744 668 Haec
1759 598 1838 844 ¹gere
1862 610 1968 676 omnia

1793 685 1928 754 almatic.

1806 783 1898 844 putat
1917 765 1967 833 es·

716 691 744 755 §-
786 683 851 750 Xl.
1205 702 1316 778 renent
1336 681 1575 777 ingmlessius
1593 683 1646 749 cit.
1667 681 1756 747 hica

578 812 624 873 Β(
640 802 778 887 ΡΟΜΜ
797 799 893 868 ΜΨ
906 802 995 881 fidei*
1206 763 1484 909 sessdirdililisadiutneddi
1497 781 1860 911 {Tasitbiffld‘aqudtineat
1877 894 1886 924 ,
1919 847 1969 913 sed

271 944 325 1014 Qui
347 940 399 1010 pol·
450 922 601 992 Possessor
624 920 720 986 dobiae
750 919 821 984 fidei
850 919 901 983 ille
927 917 1098 996 appellatur
1119 918 1168 994 qui
1206 924 1328 989 domino
1343 924 1464 1000 quando
1484 940 1658 999 compareat
1679 922 1861 990 reddendam
1882 946 1970 1004 ,non

274 1008 349 1085 lpse*
361 1007 578 1085 dependenter
598 1001 745 1080 dubitat,
767 1020 805 1066 an
827 1020 901 1077 res,
926 1019 1017 1077 quani
1042 994 1169 1091 possidet
1207 1021 1329 1081 peccat,
1344 1004 1415 1079 quia
1432 1002 1546 1067 domini
1567 1006 1725 1082 negotium
1740 1004 1863 1068 utiliter
1878 1010 1969 1085 gerit,

270 1070 538 1153 '’¹²⁶³“reresit
558 1082 627 1147 sut.
656 1082 696 1145 Et
724 1076 889 1146 huiusmodi
907 1075 1079 1143 haesitantia
1097 1099 1170 1142 oriri
1206 1103 1262 1148 nec
1278 1102 1404 1147 tenetur
1420 1082 1456 1147 de
1480 1082 1553 1147 casu
1579 1080 1737 1160 fortuito,
1761 1081 1814 1145 nifi
1842 1084 1922 1160 apud
1943 1090 1968 1147 j.

208 1204 211 1209 ,
273 1199 373 1253 mm„
412 1164 509 1246 potest
529 1214 538 1244 ,
557 1162 610 1230 vel
641 1163 671 1223 in
694 1161 753 1237 ipsa
773 1161 817 1224 rei
837 1157 1034 1236 acquisitione
1062 1177 1171 1237 nempe
1207 1163 1290 1250 psum
1320 1179 1425 1240 pereat
1450 1182 1503 1239 per
1530 1162 1652 1241 culpam
1678 1164 1801 1240 latani,
1824 1164 1874 1229 vel
1896 1167 1968 1240 quia

273 1262 394 1315 rarirdir·
413 1266 452 1310 an
469 1267 516 1310 res
536 1245 587 1309 illa
606 1243 642 1306 sit
658 1237 796 1317 furtiva,
818 1240 868 1303 vel
890 1238 909 1301 si
932 1238 1085 1316 postquam
1101 1258 1170 1301 eam
1205 1246 1305 1308 omisit
1324 1240 1457 1306 debitam
1477 1241 1667 1321 diligentiam
1682 1242 1970 1319 iiiinquirendodo·

271 1325 388 1381 bituiti?
410 1324 570 1405 acquisivit
584 1322 664 1388 bona
680 1319 756 1398 fide,
778 1322 884 1397 incipit
906 1317 1045 1385 haesitare
1061 1339 1100 1382 an
1116 1317 1170 1381 ille
1206 1326 1395 1400 mino,cuin
1411 1323 1444 1384 in
1462 1321 1518 1386 tali
1542 1319 1610 1386 casu
1635 1320 1664 1386 se
1684 1320 1821 1397 babeat,
1852 1341 1890 1389 ut
1916 1324 1969 1388 de·

412 1426 504 1485 aquo
519 1426 583 1469 rem
598 1398 760 1479 acquisivit
778 1400 857 1465 elset
875 1399 1027 1479 legitimus
1055 1399 1100 1462 rei
1120 1397 1171 1462 do
1208 1401 1366 1482 positarius
1382 1400 1621 1466 incommodum
1637 1400 1772 1479 domini,
1791 1400 1825 1468 dr
1841 1403 1969 1467 domito

412 1489 535 1561 minus,·
556 1504 595 1548 ari
615 1502 684 1545 eam
698 1500 739 1544 ex
759 1482 861 1556 iniqua
878 1478 929 1543 seu
949 1475 1058 1542 iniussa
1081 1473 1171 1541 adro
1208 1504 1260 1561 per
1275 1480 1424 1547 solicitam
1439 1482 1627 1560 diligentiam
1642 1484 1773 1546 invento
1796 1502 1861 1546 rem
1885 1480 1969 1548 suam

411 1586 450 1631 ne
468 1562 551 1629 furto
567 1562 698 1636 scilicet,
721 1560 771 1625 vel
786 1559 981 1637 usurpatione
999 1554 1169 1633 possideret.
1208 1562 1294 1628 sicuti
1315 1560 1422 1639 debet,
1440 1564 1468 1625 ei
1490 1561 1640 1625 tradendo
1658 1610 1667 1639 ,
1685 1560 1782 1639 potest
1806 1564 1967 1640 recipere,

410 1645 539 1710 Certum
553 1641 596 1707 eil
617 1644 649 1704 in
670 1639 726 1706 bac
746 1660 778 1705 re
796 1660 865 1706 euni
882 1640 1056 1702 mortaliter
1067 1657 1171 1714 pecca·
1208 1642 1376 1722 &exigere
1396 1658 1464 1705 tum
1479 1644 1621 1718 praetium
1640 1641 1719 1717 quod
1733 1662 1788 1718 pro
1804 1642 1857 1705 illa
1873 1641 1969 1720 dedit,

411 1745 469 1804 re,
500 1724 550 1866 qui
572 1742 635 1786 rem
652 1720 783 1786 alienam
810 1716 968 1796 acquisivit
996 1739 1064 1782 eum
1080 1715 1173 1809 dubio
1210 1740 1277 1787 rum
1297 1721 1464 1800 impensas,
1481 1720 1501 1784 si
1519 1721 1627 1798 aliquae
1648 1717 1734 1787 lidie
1750 1719 1809 1786 fine
1826 1742 1880 1800 pro
1906 1717 1970 1798 ipsa

410 1826 486 1871 num
520 1819 609 1868 urata
629 1799 687 1878 sit;
708 1799 1099 1885 quiamortaliterpeccat,
1120 1818 1171 1873 qui
1209 1824 1241 1867 re
1273 1802 1398 1866 domino
1426 1800 1604 1879 servanda,
1636 1803 1709 1878 quia
1743 1822 1814 1865 curri
1845 1800 1970 1866 utiliter

411 1882 442 1949 se
462 1884 592 1962 exponit
613 1882 747 1957 periculo
764 1902 826 1945 rem
846 1878 978 1941 alienam
1002 1880 1102 1941 invito
1121 1876 1173 1939 do·
1209 1902 1271 1946 rem
1294 1881 1408 1946 domini
1439 1882 1564 1960 gesserit
1627 1901 1746 1956 aequum
1774 1901 1835 1943 non
1859 1879 1903 1944 ell
1932 1894 1970 1945 ut

411 1966 496 2032 mino
514 1959 701 2042 poffidendi3
725 1959 758 2026 dt
780 1975 902 2024 tenetur
921 1954 1083 2036 sufficienti
1104 1956 1171 2020 dili·
1208 1962 1353 2027 damnum
1374 1957 1479 2024 subeat
1499 1962 1557 2024 arni
1584 1963 1664 2023 ionis
1680 1962 1779 2037 praetii
1805 1961 1836 2022 in
1856 1980 1893 2025 ea
1910 1955 1970 2023 ser·

429 2045 516 2109 entia
532 2043 683 2117 inquirere
702 2043 887 2117 veritatem,
908 2058 1015 2114 nempe
1024 2057 1063 2100 an
1072 2036 1171 2100 aliena
1210 2042 1332 2118 vanda‚
1350 2039 1446 2105 donec
1466 2041 1620 2106 dominum
1637 2043 1774 2104 invenit.
1796 2038 1871 2103 Non
1886 2040 1970 2104 enini

411 2066 450 2189 ire
466 2122 500 2189 dr
516 2124 618 2186 inviro
633 2119 754 2185 domino
769 2136 913 2186 teneatur
929 2117 963 2183 ἃ
983 2116 1172 2184 inventodu
1210 2121 1372 2186 tenebatur
1389 2122 1501 2196 proprii
1511 2119 1582 2185 boni
1602 2117 1755 2195 dispendio
1777 2119 1907 2185 alterius
1924 2120 1970 2182 ia·

411 2205 498 2267 mino
514 2221 577 2266 rem
593 2198 690 2265 eidem
708 2198 868 2265 restituere
895 2198 983 2262 debet
1012 2196 1085 2260 nihil
1106 2200 1173 2260 exi·
1208 2201 1323 2266 §iuram
1343 2218 1504 2278 avertere,
1520 2200 1553 2267 δι
1574 2200 1694 2264 hocius
1720 2204 1749 2263 ei
1766 2201 1916 2277 competit
1937 2200 1971 2261 iri

428 2283 505 2348 endo
523 2301 579 2359 pro
598 2282 733 2359 praetio,
760 2301 821 2358 quo
840 2299 908 2343 eam
934 2280 1043 2342 emerit
1060 2299 1072 2346 r
1102 2297 1173 2340 cum
1210 2297 1339 2359 utroque
1356 2278 1440 2345 soro.
1464 2279 1500 2343 ln
1520 2281 1566 2344 bis
1583 2297 1689 2344 tamen
1707 2278 1842 2345 habenda
1863 2276 1906 2341 est
1923 2299 1971 2343 ra·

408 2305 562 2442 degitimus
580 2360 720 2426 dominiis
740 2360 816 2424 nihil
843 2379 897 2437 pro
926 2379 958 2421 re
987 2356 1039 2420 sua
1056 2356 1172 2421 solvere
1211 2366 1257 2426 tio
1276 2360 1585 2426 circumstantiarum.
1616 2358 1743 2450 Quodsi
1762 2377 1827 2421 rem
1846 2359 1972 2423 domino

342 2466 343 2475 ι
411 2459 573 2515 terreatur,
595 2441 773 2515 nequidem
793 2439 882 2504 bonae
901 2437 970 2501 fidei
991 2432 1172 2513 possessori.
1211 2440 1410 2517 reddendam,
1438 2438 1713 2515 quihuiusceiion
1740 2439 1873 2502 muitum
1891 2434 1972 2503 sara·

409 2520 476 2584 lino
494 2520 513 2580 si
536 2518 631 2585 liicsit
649 2523 679 2583 in
701 2540 784 2584 mora
805 2519 854 2584 vel
872 2521 904 2580 in
925 2515 1093 2581 adhibenda
1114 2513 1174 2577 lul·
1209 2539 1294 2600 geret
1314 2516 1364 2585 seu
1385 2524 1494 2583 anxius
1516 2540 1578 2583 noir
1599 2516 1674 2583 esset
1705 2539 1759 2593 pro
1788 2538 1827 2583 ea
1847 2538 1971 2595 recupe-

410 2600 529 2675 ficienti
544 2599 704 2680 diligentia
726 2649 734 2677 ,
763 2617 800 2664 ut
821 2600 986 2664 veritatem
1008 2593 1173 2673 depreben-
1210 2601 1325 2676 tanda,
1340 2599 1479 2676 aequali,
1504 2616 1558 2664 aut
1573 2601 1681 2663 maiori
1698 2601 1806 2673 praetio
1819 2600 1932 2661 emerit
1953 2616 1971 2661 a

410 2681 483 2758 dat,
500 2679 715 2757 dominumque
733 2682 776 2743 rei
793 2681 937 2743 inveniet
956 2726 965 2754 ,
986 2676 1036 2740 vel
1060 2678 1090 2738 iii
1108 2673 1173 2738 red·
1210 2678 1293 2757 sure,
1310 2682 1361 2744 vel
1382 2679 1574 2756 culpabiliter
1589 2679 1741 2757 negligens
1757 2674 1850 2744 suerit
1867 2673 1972 2753 inipso

410 2760 506 2823 denda
523 2780 555 2823 re
566 2758 691 2825 domino
710 2761 840 2824 invento
863 2807 871 2835 ,
901 2774 1027 2822 tenerur
1044 2756 1080 2817 de
1102 2754 1172 2818 casu
1209 2762 1331 2823 domino
1351 2759 1553 2836 inquirendo,
1577 2780 1615 2821 ex
1643 2778 1706 2835 quo
1727 2754 1839 2822 fastum
1855 2752 1915 2820 fuit
1933 2772 1972 2821 ut

409 2837 542 2904 fortuito
561 2887 570 2918 ,
595 2839 670 2903 idest
700 2837 719 2900 si
745 2837 887 2916 quamdiu
904 2835 947 2901 est
970 2841 1000 2899 in
1022 2855 1106 2899 mora
1125 2856 1172 2897 res
1209 2838 1347 2917 expensae
1368 2842 1399 2902 in
1420 2859 1457 2903 ea
1476 2837 1625 2902 servanda
1642 2836 1767 2902 redditae
1784 2833 1852 2900 sunt
1873 2836 1974 2899 maio·

409 2920 538 2984 alterius
554 2936 677 2998 pereat,
697 2916 748 2983 sibi
766 2922 847 2999 perit
864 2966 873 2994 ,
890 2914 911 2979 si
928 2915 1003 2978 nihil
1019 2917 1095 2980 certi
1119 2914 1173 2978 ha·
1210 2941 1256 2985 res
1267 2970 1276 2998 ,
1287 2936 1360 2984 tunc
1377 2940 1432 2983 nec
1453 2940 1507 2996 pro
1526 2938 1559 2982 re
1576 2920 1674 2995 polset
1685 2920 1807 2996 exigere
1818 2916 1970 2980 adomirio

409 2999 538 3077 beatur,
554 3001 631 3075 qnod
649 3000 726 3077 apud
743 3000 826 3062 suum
842 2998 997 3062 dominum
1017 3015 1105 3074 aeqiie
1123 3016 1173 3071 pe·
1210 3005 1361 3065 totumrei
1374 3003 1525 3077 pretium,
1541 2994 1911 3078 necintegraseirpensas,

410 3077 530 3155 riisset,
545 3080 716 3156 ideoquead
729 3077 952 3143 restitutionem
963 3093 1174 3152 tenerur,me·
1209 3080 1303 3145 solam
1319 3099 1438 3157 partem
1458 3075 1615 3156 utriusque
1636 3074 1969 3155 prudentumarbitrio;

345 3176 346 3181 ¹
411 3160 517 3222 diante
537 3162 602 3222 eius
623 3161 733 3234 praetio
758 3157 809 3221 vel
842 3157 942 3231 aliquo
970 3159 1015 3220 rei
1037 3157 1175 3232 aequiva·
1209 3165 1277 3238 quia
1297 3181 1353 3227 nec
1376 3167 1405 3223 in
1427 3180 1490 3224 uno
1506 3163 1610 3223 necin
1626 3158 1686 3222 alio
1702 3158 1970 3237 egitutilitereius

411 3237 507 3314 lenti,
524 3239 612 3303 iuxta
630 3238 763 3318 regulam
778 3257 795 3296 ι
801 3256 826 3315 5.
845 3236 918 3310 iuri'r
934 3239 1004 3298 in6.
1026 3256 1106 3299 mora
1116 3234 1175 3314 sua
1210 3245 1367 3320 negotium
1388 3288 1396 3316 ,
1416 3239 1449 3304 δι
1466 3239 1531 3307 baec
1547 3236 1589 3301 est
1610 3241 1778 3302 eommunis
1793 3236 1971 3314 Theologo·

411 3315 526 3382 cuilibet
545 3319 582 3398 est
602 3319 724 3383 nociva.
1002 3357 1029 3410 s
1066 3339 1082 3362 ³
1209 3342 1292 3384 rum.
1310 3319 1438 3394 Quodsi
1459 3319 1598 3385 dominus
1615 3340 1647 3382 re
1667 3319 1720 3382 illa
1731 3317 1902 3396 indigebat,
1919 3311 1971 3378 vel

451 3397 483 3459 Si
505 3413 609 3462 tamen
627 3397 760 3485 adhibita
774 3396 876 3462 debita
892 3397 1052 3479 diligentia
1077 3365 1174 3466 adbuc
1209 3422 1277 3466 eam
1294 3397 1424 3464 habebat
1446 3399 1535 3465 valde
1556 3419 1677 3476 caram,
1697 3414 1771 3462 tunc
1792 3395 1872 3462 iulio
1892 3414 1974 3470 prae·

413 3476 450 3540 de
474 3494 562 3542 certo
577 3477 702 3544 domino
726 3479 833 3544 saltem
858 3479 978 3543 dubium
1010 3481 1175 3557 prudenter
1211 3483 1257 3546 tio
1277 3483 1341 3543 imo
1360 3482 1458 3545 etiarn
1481 3481 1616 3556 maiori,
1645 3477 1665 3540 si
1693 3477 1750 3541 lioc
1771 3497 1845 3554 opus
1866 3471 1972 3537 fuisset

413 3557 541 3622 vincere
564 3575 723 3637 nequeat,
750 3559 822 3622 milii
848 3558 974 3622 videtur
997 3564 1116 3636 aequior
1140 3559 1174 3620 il·
1210 3580 1245 3626 ut
1274 3581 1291 3623 a
1313 3559 1452 3629 manibus
1473 3560 1628 3624 latronum
1651 3561 1821 3634 eriperetur
1851 3572 1973 3617 tenere·

414 3636 511 3701 lorum
528 3635 699 3718 sententia,
718 3643 769 3717 qui
791 3638 904 3703 volunt
924 3639 1175 3703 nontotumred·
1211 3660 1261 3707 tur
1281 3641 1420 3717 dominus
1440 3661 1509 3706 eam
1529 3659 1651 3714 emere,
1669 3640 1741 3714 quia
1769 3640 1800 3699 i'n
1824 3635 1879 3700 tali
1899 3628 1972 3695 casu

412 3717 544 3782 dendum
562 3717 625 3784 esse
641 3718 773 3797 perl'onae
789 3718 826 3782 de
846 3738 904 3795 qua
924 3717 1045 3783 dubitat
1061 3741 1100 3785 ari
1121 3722 1177 3783 lua>
1209 3724 1273 3784 eius
1290 3725 1450 3800 negotium
1467 3719 1605 3796 utiliter,
1622 3716 1655 3784 dr
1678 3715 1841 3795 prudenter
1869 3709 1972 3777 adium

413 3794 451 3860 sit
476 3795 597 3874 ,posito
617 3800 693 3875 qood
714 3799 833 3862 dubiret
848 3801 927 3861 circa
937 3797 1173 3864 determinatam
1210 3798 1333 3864 suisset.
1355 3802 1403 3864 Sic
1418 3800 1578 3866 Covariiv.
1598 3796 1680 3862 Less.
1702 3796 1735 3868 dt
1757 3797 1828 3858 alii.

415 3878 592 3955 personam,
607 3880 658 3941 seii
668 3883 700 3940 in
717 3877 871 3942 individuo
885 3899 892 3939 :
905 3874 953 3938 sed
974 3880 1092 3954 quando
1108 3878 1173 3943 haec
1247 3880 1357 3955 Quoad
1379 3880 1467 3943 illiim
1487 3901 1564 3944 vero
1581 3882 1632 3954 qiii
1646 3900 1717 3941 cum
1726 3876 1804 3940 bona
1823 3871 1881 3936 fide
1892 3889 1971 3934 enie-

414 3957 484 4018 talis
505 3953 628 4033 persona
648 3957 735 4023 nulla
752 3961 871 4021 ratione
888 3956 1092 4023 demonllrare
1108 3958 1173 4035 pol·
1209 3963 1267 4037 rit,
1287 3962 1392 4036 incipit
1408 3960 1549 4024 dubitare
1565 3980 1639 4022 num
1655 3978 1701 4020 res
1717 3955 1753 4019 sit
1768 3955 1904 4029 furtiva,
1922 3950 1972 4012 de·

414 4033 452 4099 sit
473 4032 555 4099 suani
570 4034 717 4101 astionem
735 4036 822 4115 super
846 4035 959 4112 reilla,
979 4036 1173 4103 dividendam
1209 4040 1260 4105 bet
1278 4046 1442 4105 veritatem
1464 4044 1615 4116 inquirere
1631 4038 1714 4101 ouini
1737 4034 1859 4098 meliori
1880 4030 1971 4093 modo

410 4112 475 4179 esse
495 4137 566 4179 cum
581 4116 637 4180 liac
654 4114 796 4194 persona,
812 4116 850 4179 de
865 4136 925 4193 qua
942 4114 1062 4182 dubitat
1074 4139 1111 4182 an
1123 4115 1172 4182 sua
1207 4142 1268 4196 quo
1283 4119 1401 4198 potest,
1419 4117 1454 4184 δι
1475 4119 1606 4183 durante
1627 4113 1819 4192 inquisitione
1835 4109 1857 4174 fi
1874 4106 1971 4174 ressit

411 4192 524 4274 sities,
545 4192 1078 4274 sineulladetraslionepraeriisoluti
1091 4200 1172 4266 inici
1208 4199 1263 4263 iisu
1292 4198 1558 4276 consumptibilis,
1591 4220 1628 4262 ea
1652 4200 1699 4259 uri
1724 4196 1860 4271 nequit,
1897 4189 1971 4254 alias

411 4279 594 4353 emptione.
626 4277 684 4339 Vel
712 4274 732 4338 si
761 4276 885 4340 dubium
912 4272 1000 4340 suum
1031 4277 1173 4343 versetur
1208 4276 1319 4344 sruslra
1334 4280 1472 4344 dominus
1501 4281 1723 4355 inquireretur.
1748 4275 1778 4337 Si
1806 4291 1885 4337 vero
1911 4289 1973 4341 rien

375 4361 378 4372 '
406 4357 491 4417 ‘circa
508 4356 781 4433 indeterminatam,
801 4352 958 4430 personam
978 4404 986 4431 ,
1010 4359 1082 4421 talis
1106 4380 1173 4434 pars
1208 4360 1243 4422 lit
1264 4357 1509 4436 consumptibilis
1529 4407 1537 4434 ‚
1555 4377 1589 4420 iit
1605 4378 1700 4433 equus
1722 4405 1730 4432 ,
1757 4355 1942 4431 mancipium
1962 4394 1972 4426 ,

412 4431 612 4499 distribuenda
632 4435 710 4522 esset
726 4439 758 4498 in
776 4456 936 4512 pauperes.
964 4439 1047 4512 Quia
1062 4460 1133 4501 cum
1149 4440 1173 4499 i·
1209 4436 1305 4516 potest
1327 4460 1361 4501 ea
1383 4442 1429 4502 uti
1454 4455 1578 4514 paratus
1603 4436 1722 4501 solvere
1753 4454 1829 4501 vero
1845 4431 1973 4496 domino

412 4509 490 4588 psius
511 4516 554 4577 rei
576 4513 712 4592 possessio
732 4517 882 4591 inceperit
902 4537 972 4579 cuni
992 4518 1073 4581 mala
1094 4516 1174 4595 fide,
1209 4521 1340 4594 pretium
1358 4515 1444 4597 usus,
1461 4517 1482 4580 si
1500 4539 1560 4581 non
1583 4515 1618 4580 sit
1636 4516 1799 4593 modicus,
1825 4510 1872 4575 sed
1902 4529 1974 4588 gra·

411 4591 487 4656 idest
503 4593 645 4659 dubitans
663 4615 728 4658 reni
748 4595 832 4658 illam
854 4599 1034 4676 acceperit,
1062 4599 1089 4659 ei
1111 4617 1172 4659 noii
1210 4603 1273 4674 vis,
1294 4597 1326 4660 dr
1344 4596 1544 4675 perniciosus,
1559 4597 1688 4661 dedusbs
1709 4594 1824 4670 semper
1835 4585 1974 4676 expensis

411 4668 498 4735 savet
520 4677 589 4738 talis
608 4672 746 4753 possessio
772 4691 808 4737 rit
833 4693 896 4736 rem
917 4693 1018 4741 totam
1046 4676 1097 4740 sibi
1129 4697 1172 4739 re·
1209 4678 1443 4740 alimentorum.
1474 4675 1666 4741 sedlrsaeta
1682 4675 1822 4753 diligenti
1849 4672 1974 4746 inquili-

410 4753 539 4847 tineat,
564 4750 613 4818 sed
633 4775 703 4818 cum
719 4753 793 4817 dato
809 4757 918 4830 praetio
942 4777 1011 4819 eam
1028 4755 1172 4835 acquisie·
1209 4760 1295 4822 tione
1320 4757 1418 4822 adhuc
1445 4758 1567 4822 dubium
1594 4772 1771 4834 permanet,
1798 4770 1873 4816 tunc
1902 4765 1974 4841 tuta

409 4847 480 4909 nt,
506 4854 577 4896 cum
601 4835 729 4911 altero,
754 4834 803 4897 vel
820 4854 890 4897 cum
907 4835 1086 4913 pauperibus
1108 4837 1172 4913 plus
1208 4834 1396 4901 conscientia
1414 4859 1477 4903 rem
1502 4838 1553 4900 sibi
1579 4839 1718 4900 retinere
1750 4832 1844 4912 potcll
1866 4880 1874 4908 ,
1899 4847 1975 4917 qiiila

411 4913 552 4978 minusve
574 4913 711 4977 dividere
727 4911 833 4976 debet.
860 4914 987 4988 Quodsi
1007 4915 1070 4992 post
1089 4917 1171 4980 adbi·
1210 4934 1284 4980 tunc
1300 4921 1418 4992 proprie
1437 4919 1521 4983 valet
1537 4917 1591 4980 illa
1609 4917 1710 4994 regula
1727 4911 1877 4992 generalis
1898 4912 1974 4970 iuris

409 4989 507 5054 bitam
529 4992 717 5070 diligentiam
737 4990 832 5055 cesset
853 4992 996 5071 dubium,
1013 4996 1171 5060 rotamlibi
1208 5014 1270 5072 cap.
1294 4999 1325 5058 6.
1347 5003 1384 5059 In
1403 4997 1501 5061 dubiis
1524 4997 1626 5059 melior
1645 4998 1680 5074 cst
1700 4991 1824 5058 conditio
1838 4987 1974 5070 poffidm·

407 5085 478 5135 ruta
497 5068 684 5139 conscientia
715 5077 849 5140 retinere
870 5072 967 5150 potest
987 5097 997 5152 5
1021 5077 1090 5153 quia
1112 5078 1179 5144 iani
1210 5075 1249 5144 iis
1262 5124 1271 5158 ,
1285 5095 1322 5145 ac.
1339 5079 1467 5165 proinde
1489 5081 1536 5145 uti
1554 5097 1617 5142 rem
1637 5081 1748 5154 luam,
1773 5069 1869 5152 potest
1888 5066 1972 5130 iilam

1209 5206 1214 5213 .
1250 5176 1256 5185 ·
1859 5165 1937 5216 rori·
