4425 6000
437 463 491 542 as
711 461 1647 556 'rarennrlusnsrlunera-11.

385 565 544 630 videntes.
566 561 630 648 Qui
651 580 758 631 autem
772 563 927 630 caderent
948 581 1060 631 contra
1077 585 1157 651 qum·
1192 561 1278 644 eius,
1297 587 1367 632 cum
1383 570 1429 630 ius
1451 564 1603 632 srudiuum
1628 566 1776 636 sundetur
1802 569 1833 634 ln
1854 571 1961 650 aliquo

384 645 534 724 litatem,
559 645 595 714 dr
605 649 820 790 ynantitatenr
835 641 1040 736 praescriptam
1059 647 1153 724 nsque
1184 647 1288 712 'titulo
1310 649 1383 711 iuris
1398 645 1524 724 srvepro
1544 653 1686 726 rietatis,
1707 653 1768 716 sve
1781 650 1961 731 locationis,

385 727 425 791 ad
445 723 573 806 stragem
617 729 840 807 rveunavite,
856 727 1095 804 srvepanlatim,
1115 742 1152 792 ut
1210 729 1269 793 uod
1289 725 1437 791 habeatur
1456 731 1489 791 in
1524 729 1620 794 undo.
1641 732 1732 809 and
1752 729 1773 794 si
1796 733 1826 793 in
1846 731 1961 796 talibus

384 804 501 901 iudicio
515 777 992 886 prudentumcenseanturgra've
1007 808 1153 872 damnum
1181 749 1287 886 sylvis
1303 809 1368 883 quis
1395 805 1494 872 caedat
1512 809 1593 887 ligna
1625 808 1724 887 sicca,
1755 831 1818 876 non
1845 811 1889 875 esl
1911 832 1961 876 ar·

384 887 553 965 rntuliile,
578 891 715 968 graviter
744 906 908 966 peccarent
934 904 1048 952 contra·
1071 883 1153 952 insli-
1190 887 1323 968 guendus
1344 891 1460 965 peccati
1491 891 1662 968 mortalis,
1692 895 1771 968 qnia·
1793 891 1961 956 intercedit

385 969 463 1033 tiam
488 1016 497 1048 ,
524 967 559 1032 dr
579 983 759 1033 tenerentur
774 970 813 1034 ad
838 966 1090 1048 restitutionem,
1117 966 1152 1032 dt
1191 971 1304 1034 tacitus
1326 968 1518 1034 dominorum
1546 969 1734 1049 consensus,
1758 971 1831 1034 dum
1859 965 1962 1036 huius·

383 1045 580 1194 &diiudicic
603 1047 791 1113 sententiam
813 1048 849 1114 ad
877 1046 1052 1112 solvendam
1074 1047 1151 1112 mul·
1189 1047 1271 1112 modi
1295 1047 1375 1128 ligna
1395 1049 1484 1122 parvi
1514 1048 1658 1115 aeslimari
1681 1047 1810 1127 solent,
1835 1048 1869 1118 ἀ
1889 1071 1960 1129 ptr·

414 1149 464 1196 am
484 1149 553 1206 qnae
570 1127 814 1196 inobedientibus
835 1129 947 1208 imponi
969 1125 1150 1204 consuevit,
1188 1131 1275 1194 mitti
1299 1143 1337 1194 ur
1355 1129 1531 1194 caedantur.
2027 1198 2033 1211 ⁸

383 1231 445 1352 yua
464 1207 528 1275 sola
549 1211 646 1274 etiarn
667 1207 732 1274 fieri
760 1207 859 1286 potesi'
885 1226 921 1273 ut
952 1205 1151 1274 absolvantur
1227 1211 1330 1275 Maior
1349 1205 1513 1274 difficultas
1544 1207 1586 1274 ell
1607 1231 1674 1286 quan
1695 1213 1780 1276 circa
1801 1209 1963 1291 lignorum
1982 1200 2040 1266 ‘2⁰¹¹

396 1287 667 1364 necessitatium,
684 1288 772 1354 sicuti
789 1289 1151 1364 tenerenturprodamno
1188 1287 1346 1354 caelioncm
1368 1291 1399 1352 in
1420 1289 1512 1370 sylvis
1539 1293 1644 1354 oritur
1669 1310 1709 1356 ex
1735 1307 1823 1370 parte
1864 1311 1903 1356 au
1973 1279 2039 1380 yavp

383 1368 476 1436 illato
494 1369 716 1434 communitati
739 1367 789 1447 ‚sr
811 1367 976 1447 respublica
996 1417 1006 1448 ,
1032 1369 1084 1434 vel
1104 1369 1150 1431 illl
1180 1383 1272 1447 rum,
1288 1367 1321 1434 ἃ
1343 1369 1386 1432 cll
1405 1369 1490 1433 casus
1509 1373 1613 1446 gravis
1637 1373 1814 1450 momenti,
1836 1313 1871 1436 dc
1892 1309 1961 1435 sebe
1979 1344 2040 1444 ss„

383 1453 439 1526 qui
462 1447 692 1516 damnificantes
713 1451 928 1528 invenerunt,
966 1449 1041 1514 nibil
1067 1447 1149 1514 aliud
1188 1451 1323 1536 qarotidie
1339 1454 1542 1528 contingens,
1562 1468 1634 1536 num
1657 1449 1730 1514 salvi
1753 1450 1859 1514 sintin
1880 1471 1959 1514 con·
1976 1461 2003 1534 in
2022 1455 2040 1522 i

383 1547 501 1606 preter
515 1547 668 1607 poenanr,
696 1529 748 1597 seu
778 1527 923 1596 mulsiam
951 1533 1094 1608 exigant.
1118 1529 1148 1591 Si
1188 1534 1313 1594 scientia
1335 1529 1407 1594 dum
1427 1549 1482 1607 pro
1497 1531 1665 1596 necessario
1686 1529 1741 1594 usu
1759 1528 1802 1596 sui
1819 1531 1880 1594 soci
1896 1539 2028 1596 τεῶ·

382 1609 504 1677 caedena
523 1631 587 1676 non
603 1609 738 1688 indigeat
759 1609 874 1690 lignis,
904 1607 955 1673 sed
968 1611 1121 1676 alimento
1141 1657 1149 1685 ,
1187 1613 1263 1674 dunt
1280 1610 1361 1690 ligna
1383 1612 1414 1673 in
1435 1605 1534 1674 fundis
1554 1612 1810 1689 particularium.
1841 1611 1889 1674 De
1909 1615 1959 1676 vi·

381 1687 418 1756 ἀ
437 1689 553 1758 vendat
572 1689 652 1756 caesa
671 1710 740 1758 non·
754 1694 791 1755 in.
812 1711 923 1770 magna
944 1693 1150 1768 quantitate,
1188 1690 1300 1755 ridibus
1321 1693 1352 1753 in
1373 1687 1493 1773 sylvis,
1523 1689 1648 1768 aliisque
1672 1693 1775 1768 locis,
1803 1711 1872 1767 qrrae
1893 1710 1955 1755 non

379 1770 568 1848 probabilius
587 1789 653 1836 non
666 1770 793 1836 videtur
815 1767 929 1836 iniusle
957 1789 1045 1851 agere
1061 1775 1149 1836 iuxta
1187 1768 1256 1836 sunt
1274 1769 1464 1846 reipublicae,
1486 1771 1536 1836 vel
1553 1775 1802 1852 communitatis,
1825 1769 1874 1834 sed
1896 1775 1956 1848 pri·

381 1851 588 1931 plures,‹1uia
605 1849 764 1916 srcaedena
784 1851 966 1929 moderate,
992 1853 1075 1930 (iam
1101 1853 1148 1912 in·
1186 1866 1331 1915 vatorum
1354 1851 1453 1929 ,licet
1475 1850 1568 1929 aliqui
1593 1849 1679 1929 super
1696 1849 1754 1914 boc
1770 1849 1927 1928 ambigant
1946 1896 1955 1927 ,

380 1933 534 2014 telligitur
552 1931 590 1998 de
604 1931 712 1996 incolis
732 1930 809 2010 ,seu
825 1931 1011 2011 oppidanis)
1027 1933 1063 1995 ad
1080 1949 1148 2008 pro-
1186 1931 1238 1996 clii
1258 1945 1381 2006 tamen,
1401 1930 1435 1995 ἀ
1456 1930 1563 1996 melius
1582 1979 1590 2008 ,
1606 1953 1678 2007 quos
1699 1931 1862 2006 sequendos
1882 1951 1956 1994 cen·

379 2009 867 2094 priumusunr,&s1nonegeat,
883 2029 1083 2076 nontenetur
1100 2023 1150 2074 re·-
1186 2007 1236 2076 seo
1257 2059 1265 2088 ,
1282 2007 1418 2074 sentiunt
1439 2011 1650 2075 indubitanter
1680 2032 1742 2076 non
1764 2011 1845 2088 polle
1865 2009 1957 2074 rulli-

379 2091 534 2173 ssituere,
548 2113 606 2160 cur
625 2091 784 2172 peccabit,
803 2091 1004 2160 &tenebitur
1021 2097 1070 2170 qui
1085 2111 1149 2154 non
1177 2099 1236 2156 'cos
1262 2108 1331 2156 ruta
1353 2089 1569 2169 conscientia,
1598 2089 1632 2156 δι
1663 2089 1724 2154 sine
1748 2091 1955 2154 rcllitutionia

379 2173 479 2240 cedit
493 2174 532 2256 ad
552 2173 639 2239 ufilm
662 2219 680 2252 ‚-
700 2168 755 2238 sed·
769 2175 809 2239 ad
833 2173 949 2238 vistlam
972 2190 1152 2249 comparan·
1185 2191 1281 2236 onere
1309 2171 1382 2235 licet
1408 2191 1552 2248 pauperes
1591 2167 1710 2235 auferre
1746 2170 1954 2236 huiuscemodi

380 2253 471 2318 dum.
501 2253 645 2344 Intellige
676 2270 782 2318 tamen
802 2253 926 2333 quando
949 2251 1076 2317 illi-non
1097 2253 1150 2316 ha·
1188 2251 1357 2330 ligna,nisr
1378 2255 1534 2316 contraria
1554 2297 1564 2328 ,
1587 2251 1621 2316 ἃ
1642 2273 1678 2314 ca
1697 2253 1831 2328 legitima
1848 2253 1959 2328 vigeat

379 2331 478 2400 beant
496 2336 579 2400 unde
595 2333 653 2400 nbi:
663 2333 823 2400 consulere
884 2331 972 2398 ssrnt.
995 2331 1148 2410 Oppidani
1184 2331 1392 2396 consuetudo.
1420 2329 1465 2395 Ut
1483 2349 1587 2396 autem
1613 2331 1678 2395 baec
1706 2331 1897 2395 rcrrrsnetudo
1913 2330 1961 2394 le··

308 2487 311 2493 ,
380 2417 479 2480 nicini
502 2415 585 2498 ligna
612 2415 812 2481 caedentese
850 2415 933 2498 ylvir
960 2415 1088 2478 alterins
1108 2417 1149 2477 ci·
1185 2414 1293 2490 girima
1308 2410 1422 2475 censeri
1445 2409 1559 2491 possit,
1582 2407 1698 2476 fundari
1731 2411 1822 2475 debet
1847 2414 1877 2472 in
1897 2429 1960 2476 ex··

380 2497 493 2562 vitatis
512 2543 530 2574 ,-
557 2515 666 2575 nempe
701 2495 818 2572 oppidis
854 2499 950 2559 ricini
988 2511 1148 2570 peccarent
1189 2493 1303 2568 prerlo,
1325 2493 1375 2554 vel
1394 2511 1491 2556 tacito
1509 2488 1879 2567 dominorumcnnsensu,
1900 2492 1951 2568 qui

379 2575 624 2655 mnasiter,.-d't
644 2576 681 2639 ad
702 2573 928 2639 restitutionem
947 2591 1151 2650 tenerentur,
1184 2574 1363 2648 supponitur
1384 2591 1410 2635 r.
1433 2595 1502 2637 curn
1521 2573 1635 2636 domini
1662 2571 1788 2637 videant
1817 2571 1898 2636 hanc
1920 2571 1957 2634 ll·

378 2653 437 2720 rrisi
459 2657 615 2722 tamen&
635 2653 768 2735 ipsorum
795 2657 1013 2720 communitas·
1031 2655 1150 2737 sylvam
1178 2653 1316 2730 'gnarum
1335 2647 1642 2730 asportationum&
1660 2651 1763 2717 srlenr.
1781 2651 1956 2727 nummo

379 2733 508 2800 baberet
521 2785 529 2814 ,
544 2757 586 2800 est
604 2758 664 2814 qua
685 2735 816 2800 vicissim
831 2735 954 2800 soleant
970 2734 1021 2798 alii
1039 2735 1149 2799 incolae
1185 2731 1300 2794 domini
1318 2731 1458 2796 ubsillcre
1478 2735 1607 2798 valcant
1624 2735 1679 2818 tali
1703 2733 1903 2808 asportationi
1919 2731 1959 2795 sr-

377 2813 402 2880 li
423 2835 462 2880 na
486 2816 606 2882 caedere
626 2865 637 2896 ,
660 2815 742 2882 unde
769 2834 822 2893 per
850 2816 931 2880 hunc
961 2817 1150 2892 reciprocum
1185 2832 1224 2875 ne
1245 2815 1375 2889 quadam
1405 2816 1492 2876 nimis
1516 2813 1629 2878 crudeli
1663 2817 1803 2877 laevitie.
1829 2811 1956 2878 sanbo-

377 2837 467 2960 usum
499 2896 647 2974 obligatio
682 2895 887 2961 restitutionis
923 2895 1149 2974 intelligeretur
1187 2897 1255 2957 vius
1273 2891 1700 2972 vero,l’ontasrus,&cum
1720 2893 1782 2954 illis
1806 2891 1954 2956 Tuurne-

378 2969 512 3055 sublata,
527 2977 580 3042 vel
599 2976 679 3055 qrind
695 2979 790 3041 vicini
809 2981 949 3041 contenti
966 2975 1065 3040 esl'ent
1083 2995 1150 3052 pre·
1186 2973 1262 3036 leius
1281 2974 1428 3054 colligunt
1453 2973 1623 3039 horninibus
1644 2975 1675 3035 in
1698 2973 1755 3036 tali
1775 2971 1956 3039 necessitate

377 3072 442 3135 na,
459 3078 551 3133 quarn
571 3060 701 3135 exigunt
718 3056 756 3119 ab
772 3058 808 3119 iis
828 3102 844 3133 ,-
865 3060 916 3133 qui
944 3059 975 3117 in
996 3052 1080 3119 furto
1100 3058 1150 3117 dc·
1184 3052 1358 3117 constitutis
1379 3102 1388 3128 ,
1412 3072 1524 3117 utnon
1558 3055 1691 3118 habeant
1715 3072 1754 3117 ex
1782 3051 1842 3115 alia
1864 3069 1958 3127 parte

378 3134 637 3212 prehenduntur.
664 3132 718 3200 lta·
740 3138 875 3201 Azorius
896 3184 908 3213 ,
932 3134 1057 3219 Sylvius
1075 3155 1146 3198 curn
1186 3132 1265 3195 unde
1282 3130 1310 3197 se
1326 3130 1528 3211 calefaciant,
1543 3133 1582 3198 dr
1598 3132 1711 3198 calidus
1726 3130 1776 3195 sibi
1793 3132 1876 3195 cibos
1898 3152 1959 3207 pa«

380 3212 467 3281 aliis.
1179 3228 1284 3287 rent,
1311 3213 1430 3278 licitum
1452 3214 1512 3278 else
1543 3214 1686 3293 colligere
1710 3214 1795 3293 ligna
1806 3214 1929 3274 rn'lnur'a
1945 3248 1963 3285 ,ε

419 3296 482 3370 Qui
513 3294 648 3360 caederet
682 3295 767 3373 ligna·
791 3297 825 3358 in
849 3292 937 3379 sylva
963 3294 1151 3372 communi,
1185 3312 1253 3367 quae
1270 3296 1372 3357 iacent
1394 3293 1493 3373 humi,
1515 3312 1659 3371 veprcra,
1681 3292 1889 3373 ginesl'asque.
1913 3290 1957 3355 Et

378 3392 471 3451 quam
493 3375 583 3439 alieni
609 3376 787 3453 particulari
811 3374 976 3453 respublica
1005 3376 1149 3451 locavit,
1185 3371 1307 3455 Sylvius
1339 3376 1481 3439 concedit
1511 3392 1548 3439 ut
1580 3376 1706 3438 licitum·
1723 3373 1823 3449 quoad
1849 3374 1960 3435 omnia·

379 3470 440 3518 aut
454 3453 611 3531 vendidit,
629 3472 771 3535 peccaret
791 3457 991 3535 mortaliter,
1012 3456 1046 3520 bt
1063 3472 1149 3519 tene·
1186 3452 1266 3531 ligna
1292 3454 1374 3518 arida
1391 3494 1408 3531 ,-
1435 3472 1471 3519 ut
1495 3456 1592 3519 etiarn
1629 3475 1667 3519 ea
1695 3452 1812 3518 cadere
1841 3448 1961 3530 possint·

378 3550 475 3599 retur*
496 3534 541 3598 ad'
566 3534 796 3600 resitutionem
818 3558 828 3610 ;
853 3539 924 3613 quia
951 3558 1021 3601 cnm
1044 3534 1148 3612 respu·
1186 3554 1225 3597 cx
1247 3538 1360 3597 truncis
1378 3536 1408 3598 in
1432 3530 1517 3598 usum
1546 3538 1657 3613 proprii
1686 3532 1764 3599 scel.
1796 3532 1837 3595 Et
1865 3532 1886 3592 si
1909 3549 1962 3595 ta··

378 3608 477 3692 blica,
496 3612 531 3679 ἃ
552 3619 692 3693 princeps
711 3616 750 3679 ob
775 3615 926 3690 publicum
943 3616 1148 3681 bonumloca-
1186 3616 1221 3677 lis
1251 3612 1409 3679 necessitas
1434 3631 1541 3693 urgeat
1570 3634 1605 3678 ut
1635 3616 1693 3678 virt
1710 3612 1800 3678 aliter
1822 3608 1908 3687 possit
1926 3613 1957 3675 ei

377 3710 413 3755 re
428 3690 538 3772 pullit,
553 3716 588 3761 ac
605 3692 739 3760 vendere
759 3696 838 3761 bona
857 3698 1032 3761 communia
1050 3744 1059 3774 ,
1076 3716 1147 3759 curn
1186 3692 1339 3757 subveniri
1361 3742 1370 3772 ,
1394 3693 1488 3760 s'entit
1509 3697 1590 3771 quod
1609 3696 1728 3761 cadere
1749 3688 1862 3772 possint
1880 3694 1956 3756 viri·

378 3768 434 3866 illa
454 3774 601 3853 locatio,
619 3776 673 3841 vel
694 3778 833 3841 venditio
850 3776 952 3841 valida
978 3773 1037 3851 sit,
1056 3774 1146 3841 berec
1184 3773 1233 3838 dia
1253 3792 1389 3855 quoque,
1413 3774 1467 3840 lrac
1481 3780 1602 3840 ratione
1614 3775 1741 3854 dusius,
1761 3772 1884 3851 quodin
1897 3772 1956 3836 tali

377 3854 501 3945 iniuria·
515 3858 645 3933 emptori
655 3904 665 3931 ,
684 3855 720 3923 ἃ
739 3856 891 3922 locatario
909 3905 917 3933 ,
939 3853 959 3918 sr
976 3855 1029 3933 ipsi
1044 3858 1148 3920 inviro
1184 3851 1258 3919 casu
1274 3852 1389 3919 domini
1408 3876 1469 3919 non
1491 3856 1561 3920 sunt
1578 3859 1673 3921 inviti
1687 3903 1697 3933 ,
1713 3856 1766 3922 vel
1782 3856 1876 3919 inviti
1886 3854 1965 3917 l'unt-

382 3929 498 4007 aliquid
516 3932 656 3999 notabile
671 3955 712 4001 ex
728 3934 790 4013 ipsa
807 3934 893 4018 sylva
910 3938 1079 4014 eripiatur·
1100 3938 1149 4000 Sic
1185 3934 1461 4001 irrationabiliter.
1666 4006 1670 4021 Ι
1763 4010 1766 4015 Ι

377 4010 513 4075 Azorius
532 4014 649 4079 citatus
675 4036 693 4079 a
722 4017 850 4097 Sylvio.
880 4018 964 4080 Hinc
987 4014 1147 4081 dicendum
1224 4015 1311 4081 Nora
1329 4036 1369 4079 cx
1392 4022 1460 4081 iure
1477 4016 1614 4097 gentium
1643 4016 1812 4081 dominium
1832 4016 1956 4092 pascuo-

377 4086 422 4185 ess
443 4092 636 4185 quodetiam
655 4100 774 4161 caedens
796 4098 917 4176 lignain
928 4094 1037 4180 sylva,
1056 4119 1148 4174 qrram
1185 4116 1251 4159 rum
1266 4095 1299 4160 dt
1322 4094 1480 4178 sylvarum
1500 4098 1736 4162 adiudicandum
1752 4096 1812 4160 esle
1832 4095 1965 4172 populo,-

377 4168 487 4263 alrpurr
505 4174 644 4250 privatus
663 4174 791 4251 possidet
810 4181 903 4241 etiam
921 4178 1015 4241 titulo
1029 4176 1147 4253 planta·
1184 4178 1231 4239 cur'
1250 4172 1320 4239 sunt
1340 4181 1469 4240 vicina.·
1483 4180 1601 4239 Poterit
1619 4180 1806 4243 ranrcnaliis
1824 4174 1956 4253 populis,

377 4254 493 4343 tronis,
512 4251 1148 4337 dtpeccat,bcesl'obligarusrcllirutioni,
1185 4255 1235 4319 vel
1256 4256 1490 4333 particularibus
1511 4258 1644 4333 personis
1675 4278 1715 4322 ex
1743 4257 1924 4320 venditione
1946 4298 1965 4327 ‚-

376 4348 450 4405 nura
461 4332 596 4397 alienum
612 4329 845 4411 surripitinvico
861 4338 1002 4401 domino.
1023 4338 1147 4403 Etlicet
1183 4337 1368 4414 donatione,
1385 4336 1556 4416 locatione,
1576 4335 1612 4403 dt
1629 4332 1698 4402 aliis'
1708 4337 1810 4401 ritulis
1823 4383 1832 4412 ,
1846 4339 1954 4399 utiam

289 4440 292 4445 ·
376 4408 533 4476 allsaliter
557 4414 1147 4497 sentiant,dicendumtamengraviter
1184 4417 1341 4493 vidimus,
1364 4418 1726 4482 conveniresCaererum
1757 4415 1954 4481 iudicandum

378 4508 507 4567 peccare
526 4540 534 4567 ,
561 4513 597 4557 ac
614 4492 801 4560 restitutioni
822 4497 989 4563 obnoxium
1007 4497 1070 4561 elle
1088 4521 1147 4563 cae·
1183 4498 1226 4562 est
1244 4496 1375 4573 aliquem
1397 4500 1428 4558 in
1450 4498 1527 4563 talia
1541 4494 1713 4561 dominium
1732 4494 1876 4574 possidere
1899 4494 1958 4558 boc

377 4570 456 4635 dens
468 4570 552 4668 ligna
580 4576 611 4636 in
633 4570 728 4657 sylvis
752 4578 988 4665 particularium
1011 4578 1148 4643 domino-
1184 4574 1246 4655 ipso
1260 4576 1339 4655 quod
1358 4574 1589 4642 iurisdidlionem
1604 4580 1729 4644 civilem
1753 4627 1761 4654 ,
1787 4595 1841 4641 aur
1856 4576 1957 4641 crini·

371 4670 465 4743 rum,
484 4673 518 4717 rn
533 4675 570 4717 us
584 4656 700 4735 etiam,
719 4678 787 4735 quae
804 4658 875 4723 sunt
892 4660 1049 4737 regum&
1084 4663 1145 4723 rin·
1184 4658 1283 4723 nalem
1303 4658 1498 4737 inpopuluru
1522 4657 1632 4723 babeat
1660 4706 1668 4737 ,
1692 4658 1789 4735 sitque
1817 4656 1956 4721 dominns

375 4750 481 4827 capum
511 4732 735 4829 haereditariae,
762 4758 818 4802 aut
844 4738 935 4803 aliter
963 4682 1146 4816 acquisita,
1184 4739 1288 4802 illius.-
1304 4740 1374 4813 quia
1395 4736 1490 4821 sylvae
1511 4758 1676 4817 ,montes,
1705 4735 1863 4815 &pascua
1885 4734 1957 4801 sunt

375 4830 449 4888 quia
470 4835 541 4879 cum
562 4816 642 4895 ligna
659 4816 717 4880 sint
737 4813 989 4897 fraistussylvae,
1011 4840 1072 4885 non
1090 4820 1147 4885 rni-
1183 4820 1354 4884 communia
1372 4863 1386 4892 ‚.
1405 4817 1630 4896 nisiexalicgno
1662 4821 1758 4887 titulo
1778 4820 1963 4895 alicuiparr

377 4912 438 4959 nus
453 4914 488 4960 ac
505 4893 605 4978 sylvae
623 4896 659 4959 ad
677 4895 995 4974 dominumspedsant,
1015 4902 1146 4979 eoquod
1176 4898 1312 4985 {titulari
1328 4898 1559 4976 adludicentur,
1579 4897 1616 4964 Ε.
1637 4916 1735 4967 omncs
1755 4913 1816 4979 cap.
1838 4900 1966 4977 dcun·-

377 4972 525 5069 dominus
541 4974 626 5041 sundi
649 4975 685 5041 fit
702 4982 798 5041 etiarn
813 4976 953 5042 deminus
972 4975 1144 5061 fratruum,
1191 4978 1267 5055 rib,
1294 4980 1330 5040 L
1358 4978 1391 5042 in
1419 4981 1585 5061 sausnmff.
1608 4980 1644 5047 dt
1664 5002 1722 5047 rer.
1744 4976 1838 5061 divas.
1858 4978 1892 5043 dt
1913 4982 1958 5045 ira

377 5074 440 5117 imo
455 5054 517 5134 ipse
538 5054 616 5122 solus
632 5060 679 5121 ius
707 5056 798 5121 habet
827 5061 1015 5136 praecipuum
1036 5062 1068 5123 in
1086 5058 1146 5128 sru·
1194 5060 1287 5126 tradit
1307 5058 1516 5128 Curarruvlas
1536 5081 1606 5124 curn
1626 5062 1711 5127 allis.
1741 5060 1885 5124 Tenetur
1906 5060 1959 5127 ille

1794 5157 1916 5221 tamen,
