4425 6000
598 519 771 594 Tniet'.
800 539 858 591 na
885 517 1163 591 Seeuinuirte
1195 509 1297 590 Cat.
1322 515 1452 592 Unio.
1681 507 1762 612 483

248 617 334 694 Nem
350 620 504 704 sepulture
520 616 638 702 sumpta
648 618 853 684 materialiter
868 619 1016 694 accipitur
1048 634 1125 693 crit,
1152 629 1188 680 ut
1216 631 1377 694 propterea
1400 612 1548 698 martyria
1578 609 1692 680 suerint
1708 605 1816 689 appel·

249 730 308 789 pro
329 708 398 772 loto
419 707 450 766 iii
473 721 534 780 quo
553 719 748 767 mortuorum
770 698 921 765 cadavera
949 715 1016 776 per·
1048 697 1114 760 lata
1132 717 1152 773 i·
1173 694 1212 760 sic
1236 691 1299 773 poss
1327 693 1594 774 persecutionem,
1630 713 1693 760 non
1717 689 1818 786 solum

249 803 411 852 manenter
432 784 626 860 humantur;
652 782 826 860 Mortuaria
855 776 1016 844 sumuntur
1050 776 1166 854 teinpla
1181 778 1212 839 iii
1227 775 1408 842 civitatibus
1427 779 1546 856 erigere
1560 791 1742 853 ceperunt,
1761 771 1814 836 ubi

247 884 304 947 pro
323 866 432 932 officiii
446 877 662 940 mortuorum,
677 858 1017 938 quaeablenreciidave·
1051 872 1274 933 reponerentur
1301 855 1427 934 publicae
1455 857 1593 922 fidelium
1618 851 1816 922 uenerationi

250 969 284 1014 re
302 949 517 1018 celebtantur,
535 959 573 1009 ut
588 941 659 1008 sunt
675 937 882 1007 anniversaria
902 989 911 1017 ,
931 939 967 1007 dt
982 937 1017 1001 si·
1050 937 1101 1000 SS-
1123 933 1368 1015 Apostolorum,
1395 959 1430 1002 ac
1456 939 1628 1022 Martyrum
1656 951 1821 1010 corpora,

249 1031 356 1106 milia;
373 1026 536 1092 Funeralia
551 1041 626 1090 vero
645 1023 794 1088 dicuntur
807 1021 926 1100 officiii,
946 1039 1016 1098 quae
1051 1020 1273 1082 verumetiam
1290 1018 1425 1098 religiose
1435 1015 1590 1085 servatum
1609 1014 1686 1092 suit,
1702 1013 1820 1078 nullam

272 1111 401 1175 raelente
419 1107 570 1173 cadavere
589 1107 621 1168 in
642 1101 709 1168 edlu
729 1102 895 1182 sepulture
916 1100 1016 1167 fiunt.
1050 1095 1218 1163 consecrari
1230 1097 1392 1164 Ecclesiam
1408 1097 1648 1184 sinemartynim
1669 1095 1819 1172 reliquiis,

249 1125 414 1254 b'oeantur
434 1204 539 1251 autem
560 1186 668 1248 lunera
684 1204 702 1247 a
723 1180 871 1262 funibus,
891 1184 1018 1260 coquin,
1051 1195 1088 1243 ut
1110 1177 1168 1242 boc
1187 1175 1273 1256 passo
1289 1177 1364 1259 ipsae
1378 1175 1519 1244 Ecclesiae
1539 1181 1578 1243 ad
1588 1192 1760 1268 martyrum
1775 1171 1818 1240 se·

249 1270 384 1335 cadaver
398 1267 473 1333 olim
494 1263 616 1330 funibus
624 1264 885 1344 constringeretur
892 1308 903 1341 ,-
920 1261 1016 1326 donec
1070 1257 1153 1324 ultro
1169 1259 1393 1335 quodaminodo
1408 1263 1510 1324 extrui
1532 1263 1598 1326 ritu
1626 1275 1727 1323 veteri
1746 1273 1818 1319 een·

251 1349 414 1425 sepulturae
431 1347 578 1412 daretur.·
604 1343 745 1410 Observa
759 1363 865 1410 tarr-itii
881 1357 1020 1408 mortua·
1051 1279 1221 1433 serentur,
1246 1338 1295 1402 seu
1315 1344 1415 1418 potius
1435 1358 1471 1404 ut
1487 1337 1578 1405 Sedet
1594 1355 1651 1407 aut
1669 1337 1819 1421 dormito·

250 1433 366 1494 riorum
381 1447 493 1493 nomen
511 1472 520 1504 ,
538 1425 572 1490 ἀ
591 1422 735 1490 funerum
750 1426 827 1500 saepe
845 1421 991 1487 confundi
1009 1469 1019 1497 ,
1052 1433 1131 1483 rium
1145 1439 1313 1503 martyrum
1330 1421 1530 1486 haberentur.

252 1523 292 1574 ue
309 1529 405 1574 unuin
429 1527 485 1585 pto
505 1504 699 1584 alinaccipi.
724 1505 774 1572 lta
792 1503 906 1569 Bonae.
927 1502 1016 1586 Sylv.
1091 1497 1251 1596 Postquain
1271 1519 1346 1593 vero
1366 1501 1528 1577 deportata
1549 1499 1636 1566 suere
1656 1497 1694 1564 ad
1715 1496 1819 1592 Etele3

177 1651 233 1707 ιιι·
251 1589 455 1745 ‘belin
476 1666 575 1740 ,im
599 1657 692 1730 ,aaa
720 1679 845 1743 ,ann
867 1657 912 1729 est
933 1662 1020 1730 iai.
1040 1577 1821 1752 ·ltjlsfillfllzlnliil,iliu},llll

194 1734 442 1814 ‘'‘auslontnte
459 1743 597 1824 Episcopi
612 1744 785 1810 benediflus
803 1792 812 1822 ,
838 1749 948 1822 inquo
967 1763 1020 1809 tt·
1051 1759 1172 1834 quoque
1192 1755 1353 1818 coepetunt
1367 1737 1535 1806 desiderare
1546 1739 1715 1820 sepulcrum
1732 1740 1822 1800 inssi·
1861 1753 1872 1762 ··

251 1827 367 1893 davera
383 1824 614 1892 catholicorum
635 1829 683 1903 pie
700 1824 912 1900 decedentium
938 1820 1020 1900 sepe·
1053 1820 1218 1885 vitatibus:
1236 1824 1416 1900 pertimeri
1426 1826 1561 1901 pietate,
1577 1815 1824 1900 partiniaemula·

250 1909 388 1972 liuntur,
418 1906 519 1969 Locus
539 1903 702 1982 sepulturae
723 1904 877 1983 postquam
900 1902 1022 1969 conces·
1053 1902 1138 1964 tione
1158 1898 1193 1965 ἀ
1217 1899 1385 1965 ambitione
1417 1907 1574 1980 petierunt
1600 1925 1617 1968 a
1640 1899 1679 1969 ud
1699 1899 1822 1977 Marty-

249 1987 314 2051 l'um
335 1983 394 2050 fuit¹
411 1983 527 2061 sepeliti
542 1985 696 2050 cadavera
710 1986 742 2048 in
770 1981 891 2048 urbibus
917 2031 926 2058 ,
949 1995 1020 2048 etat
1052 1999 1120 2044 tuin
1138 1980 1205 2045 loca
1220 1979 1358 2057 sepeliri.
1382 1978 1472 2046 Unde
1491 1979 1596 2046 lentim
1617 1925 1750 2073 sepulcra
1769 1999 1834 2062 ur·¹

250 2071 388 2143 atrium,
406 2063 459 2128 seu
477 2069 614 2139 porticui
632 2113 641 2142 ,
671 2063 722 2127 vel
746 2064 828 2128 aliud
846 2075 941 2127 terrae
955 2061 1019 2140 spt-
1052 2061 1134 2124 btna
1150 2060 1309 2125 invaluere
1328 2105 1338 2138 ,
1365 2059 1463 2125 donec
1482 2062 1606 2126 tandem
1628 2063 1747 2128 leonis,
1761 2056 1823 2121 lm·

251 2149 332 2210 tium
348 2163 439 2222 pmpe
463 2143 628 2209 Ecclesiam
641 2145 692 2218 qui
710 2143 799 2208 lindie
817 2145 1021 2208 communiter
1075 2141 1207 2204 cratoris
1225 2139 1456 2207 Coiillitutione
1472 2143 1505 2205 in
1523 2141 1657 2208 Novella
1674 2155 1721 2220 53.
1746 2138 1820 2204 data

249 2223 459 2290 emeterium
496 2224 689 2302 appellatur.
721 2223 795 2300 Cap.
827 2211 1018 2301 Praeclpnnd.
1054 2157 1115 2284 suit
1136 2219 1228 2296 plena
1249 2217 1373 2286 liberter
1395 2221 1445 2286 vel
1467 2225 1566 2300 intra,
1587 2223 1638 2286 vel
1658 2238 1747 2286 extra
1769 2238 1821 2312 ur·

249 2305 300 2368 iit,
321 2324 348 2382 5.
369 2303 464 2384 cauffo
487 2319 534 2384 13.
555 2323 583 2382 q.
603 2320 636 2366 a.
653 2305 860 2368 Caemeierium
890 2302 934 2366 eil
966 2321 1019 2366 no·
1053 2299 1122 2364 bem
1138 2295 1324 2376 sepulturam
1342 2299 1492 2382 eligendi,
1509 2301 1654 2380 abrogata
1663 2316 1827 2366 contrarie

177 2395 321 2470 ‚cannen
336 2381 505 2461 Graecum,
530 2384 613 2459 quod
632 2385 745 2447 Latine
768 2381 920 2462 significat
943 2387 1020 2446 Dor·
1056 2383 1120 2460 lege
1136 2377 1254 2443 Civili.
1271 2378 1471 2446 confidentes
1489 2385 1583 2461 igitur
1602 2381 1766 2446 Christiani
1792 2373 1824 2443 se

177 2497 194 2530 i·
250 2465 401 2529 miserium
428 2482 468 2527 eo
494 2468 565 2539 quia
591 2464 632 2526 ibi
654 2461 845 2540 requiescunt
861 2461 1022 2527 cadavera
1055 2475 1198 2538 inagnum
1218 2478 1423 2536 reportaturos
1441 2459 1626 2539 spiritualem
1647 2453 1824 2538 professum,

177 2563 200 2595 i·
249 2545 511 2622 catholicorum,
540 2545 591 2620 uui
616 2546 741 2607 ratione
759 2539 831 2608 fidei
852 2531 1021 2606 infallibilis
1054 2537 1357 2621 napudnlaityrum
1378 2541 1460 2606 sedes
1483 2541 1534 2608 le'u
1554 2540 1691 2618 sepulcra
1716 2561 1824 2606 eorum
1878 2545 1881 2552 '

251 2621 389 2688 finaliter
404 2621 597 2687 resurresluri
619 2643 681 2688 non
699 2639 764 2687 tain
780 2625 895 2687 mortui
916 2619 957 2684 ibi
974 2623 1020 2684 ia·
1054 2637 1182 2696 corpora
1199 2620 1445 2697 tumularentur,
1466 2638 1502 2688 ut
1524 2622 1669 2688 videlicet
1686 2641 1739 2700 per
1754 2639 1829 2686 ton·

250 2723 322 2767 cere
342 2703 506 2780 dicuntur,
522 2719 615 2782 quam
630 2704 780 2771 dormire.
799 2701 884 2768 loan.
902 2699 1018 2782 capsi.
1055 2698 1243 2764 iunllionem
1262 2720 1331 2763 tuin
1360 2699 1467 2767 sanslit
1490 2707 1584 2768 etiam
1609 2700 1663 2768 sua
1691 2719 1824 2777 torpore

251 2785 394 2849 Lazarus
415 2783 525 2846 amiciis
548 2785 637 2864 noster
657 2783 790 2848 dormit,
1057 2777 1278 2858 quodammodo
1298 2775 1580 2858 sanssil'iearentur,
1606 2803 1641 2848 ac
1656 2801 1763 2847 eorum
1778 2786 1825 2845 in·

294 2860 373 2925 Usus
394 2863 537 2926 humandi
556 2863 707 2928 cadavera
726 2877 918 2928 mortuorum
927 2871 1021 2938 prope
1056 2853 1234 2925 tertesl‘ione
1251 2861 1437 2927 iuvarentur
1459 2880 1637 2940 ,expetere
1662 2877 1830 2938 coeperunt

250 2933 418 3007 Ecclesiam
432 2961 495 3007 non
518 2943 653 3009 invaluit
675 2947 736 3009 ianr
752 2943 901 3021 prioribus
917 2941 1022 3007 Eccle-
1054 2939 1162 3006 eodem
1181 2935 1290 3015 spiritu
1343 2939 1377 3009 ἀ
1399 2942 1566 3009 desiderare
1584 2945 1661 3020 apud
1684 2940 1829 3007 Basilica·

250 3024 302 3087 iia
312 3018 453 3099 seculis,
469 3023 592 3101 quando
602 3022 717 3088 reddita
729 3043 802 3101 pace
818 3019 959 3087 Ecclesiae
969 3042 1021 3099 pu·
1056 3020 1108 3085 seu
1125 3019 1275 3085 Ecclesiae
1294 2985 1433 3101 sepeliri,
1450 3026 1594 3090 contenti
1616 3021 1637 3086 si
1654 3022 1831 3089 tantumad

251 3104 334 3167 blica
351 3103 463 3181 templa
480 3107 555 3183 erigi
566 3122 749 3183 coeperunt,
765 3101 813 3167 sed
824 3109 910 3170 iuxta
925 3106 1021 3166 ritum
1055 3102 1164 3184 limina
1179 3102 1356 3165 eorumdem
1372 3100 1508 3169 luconim
1524 3098 1679 3169 sacrorum
1695 3102 1831 3169 rumuli·

252 3182 430 3246 Gentilium
438 3174 649 3265 Romanorum
673 3184 779 3261 quibus
801 3187 937 3247 vetitum
951 3192 1022 3245 erat
1056 3198 1181 3248 rentur.
1201 3178 1270 3247 Hoc
1288 3186 1453 3263 primorum
1467 3182 1709 3248 Christianorum
1726 3202 1834 3249 eitein·

251 3260 659 3337 sepeliriinciiitatibusex
672 3264 737 3343 lege
748 3263 907 3329 duodecim
920 3260 1022 3327 Tabu·
1056 3264 1107 3341 plo
1124 3257 1232 3325 lassum
1253 3256 1333 3341 suit,
1350 3278 1385 3327 ut
1401 3263 1643 3328 Christianorum
1659 3263 1833 3343 sep'ulturit,

253 3340 376 3417 larunt,
391 3341 1022 3489 extracivitatessettliebanturinagris,
1056 3362 1120 3407 non
1137 3338 1208 3419 ipsae
1228 3340 1368 3409 Ecclelioe
1388 3392 1398 3422 ,
1426 3340 1473 3408 sed
1502 3344 1580 3421 apud
1596 3342 1674 3421 ipsas
1695 3343 1830 3409 vellibu·

252 3420 287 3485 &
308 3422 345 3484 ad
362 3423 430 3487 vias
451 3422 602 3499 publicis.
620 3424 663 3488 Et
699 3442 756 3488 ant
773 3425 870 3503 legem
887 3428 1021 3487 innova·
1059 3424 1121 3487 lum
1141 3420 1258 3485 scilicet
1278 3470 1287 3500 ,
1304 3420 1356 3489 stu
1377 3426 1492 3489 atrium
1512 3438 1605 3502 prope
1626 3422 1704 3502 ipsis
1726 3426 1834 3491 Eccle-

251 3505 302 3563 vit
321 3500 509 3590 Theodosius
539 3498 559 3566 l.
580 3500 610 3565 6.
637 3502 712 3569 Cois.
741 3501 880 3583 Theodos.
909 3504 948 3567 de
971 3500 1022 3581 se·
1055 3502 1289 3578 siasquaenune
1305 3501 1835 3587 dicuntiircoemeteriadesl'igntta,

246 3578 351 3657 pulcro
377 3584 492 3663 violat
509 3604 523 3671 ¹:
563 3582 607 3647 lbi
635 3580 769 3660 sepuleta
792 3582 1022 3671 ponebantur,
1055 3582 1090 3647 δι
1105 3577 1245 3646 concessa
1262 3577 1380 3648 suerint
1390 3631 1401 3662 ,
1421 3583 1511 3660 idque
1528 3601 1590 3647 tani
1611 3586 1721 3662 intra,
1741 3606 1833 3663 quam

249 3668 288 3719 ul
314 3661 356 3725 (5
388 3659 586 3725 humanitatis
610 3660 701 3743 instar
727 3662 885 3727 exhibeant
923 3660 1021 3737 (sunt
1055 3676 1145 3727 extre
1166 3658 1281 3738 urben,
1308 3660 1489 3739 ubicumque
1510 3660 1651 3729 Ecclesia
1666 3664 1832 3733 parochu-

247 3736 345 3801 verba
362 3738 547 3819 Theodosii)
565 3739 638 3805 idesi
659 3744 826 3807 exhibeant
848 3740 1020 3805 bominibus
1057 3742 1100 3825 let
1121 3738 1185 3807 five
1207 3739 1336 3813 publicar
1356 3742 1455 3808 essent
1476 3740 1644 3809 extruslae.

247 3812 430 3909 fragilitatis
449 3868 459 3899 ,
484 3820 519 3885 ὰ
548 3822 751 3888 mortalitatis
780 3821 939 3901 exemplar
958 3818 1022 3885 sive
1094 3819 1187 3898 Apud
1203 3820 1361 3887 Romanos
1377 3821 1504 3899 quilibet
1531 3827 1633 3890 locuni
1652 3822 1743 3891 suui'n
1760 3844 1830 3906 pm·

249 3894 400 3977 speciem,
422 3900 473 3965 vel
488 3898 639 3981 effigiem.
671 3902 711 3966 Et
729 3924 800 3966 tuni
821 3898 1022 3979 Theodosio,
1057 3905 1156 3980 prium
1176 3898 1352 3981 religiosum
1369 3900 1550 3970 reddebatsi
1570 3907 1835 3975 ineomortuum

247 3976 416 4071 allidetiani
435 3976 640 4059 Imperatores
648 3980 814 4048 Clirillieni
833 3979 968 4060 sepulcra
988 3982 1021 4043 in
1058 3979 1221 4061 sepeliebtt
1240 3996 1297 4047 aut
1312 3982 1421 4048 saltem
1438 4001 1558 4059 partem
1588 3984 1655 4049 elus
1683 3989 1835 4067 principa·

249 4056 435 4124 'civitatibus
475 4060 703 4141 inhibuerunt,
729 4080 770 4127 ne
792 4062 889 4127 nimio
909 4058 1021 4125 stetote
1057 4064 1119 4129 lein
1135 4072 1210 4140 puta
1230 4079 1325 4139 caput
1340 4062 1401 4129 &n
1423 4079 1461 4130 ut
1481 4068 1526 4131 ait
1547 4062 1782 4133 Iurisconsultus
1799 4070 1834 4133 i'it

243 4136 444 4203 Civitatetin
479 4152 632 4208 'crenturr
650 4142 855 4221 :Vaneldspen
868 4145 934 4207 Pa
949 4140 1017 4235 sit.
1055 4147 1076 4209 l.
1097 4164 1147 4225 44.
1158 4140 1197 4223 ff.
1217 4140 1254 4206 de
1273 4142 1344 4214 Reli'
1362 4142 1389 4207 i'o
1414 4166 1450 4224 s,
1465 4144 1506 4213 (7
1517 4143 1647 4227 sumptis
1657 4144 1832 4229 funerum.

248 4216 300 4295 38.
316 4212 407 4285 vldaee
440 4220 491 4285 leit¹
516 4224 699 4289 veniebatur
723 4226 820 4301 etiarn
848 4242 930 4287 circa
958 4217 1020 4296 ipsa
1054 4216 1172 4319 Verum
1190 4220 1270 4301 apud
1286 4164 1388 4289 Carbo
1402 4228 1492 4321 leot,
1520 4229 1572 4303 qui
1593 4244 1701 4291 verani
1722 4242 1834 4293 tenent

248 4298 1020 4475 &umbratilibusintinniit
1054 4298 1833 4467 llilllliillnillalllllilillfi

217 4480 222 4495 ·
250 4454 422 4553 baberent,
446 4458 564 4557 Verum
587 4456 761 4530 Chtillitnt
784 4456 947 4559 Religioni:
970 4464 1020 4525 iii·
1055 4406 1229 4543 dispositio,
1250 4465 1337 4529 loeus
1357 4482 1419 4530 noti
1441 4462 1576 4531 efficitur
1603 4466 1758 4547 religiosus
1779 4486 1832 4547 pet

249 4536 427 4605 valescente
452 4542 593 4619 permina
623 4544 749 4610 tandein
778 4543 863 4609 suere
886 4536 1020 4623 sepultii
1056 4546 1151 4610 isam
1173 4542 1443 4623 humanicorporie
1462 4546 1693 4625 lunationem,
1709 4546 1758 4613 sed
1798 4568 1831 4613 et

246 4616 494 4715 APQst⁰l9fflmi
519 4618 556 4689 dt
582 4616 764 4707 Martyrum
786 4624 961 4701 corporibus
986 4627 1020 4685 iri
1054 4560 1269 4692 §sacerdotales
1290 4618 1431 4704 Episcopi
1453 4642 1588 4704 praeces,
1603 4624 1757 4693 &benedi
1790 4632 1833 4694 io·

247 4697 457 4767 Civitatibus.
478 4702 547 4769 lmo
564 4720 623 4783 ea,
641 4718 713 4781 nuae
732 4704 861 4771 durante
881 4700 1018 4782 perseeu-
1055 4725 1110 4771 net
1130 4707 1211 4787 prius
1233 4705 1287 4769 reli
1310 4705 1387 4771 iosio
1420 4705 1585 4784 redditur,
1612 4704 1648 4772 dt
1676 4706 1831 4774 benedici·

249 4780 338 4842 tione
353 4796 445 4845 extra
461 4780 867 4862 urbettumulattfiiertnt,
888 4783 1021 4849 inurbet
1055 4804 1136 4865 tut,
1165 4802 1201 4850 ut
1218 4787 1251 4850 in
1271 4786 1358 4851 ilum
1382 4784 1615 4853 Catholitotuin
1633 4806 1764 4867 corpora
1785 4792 1831 4853 in·

248 4857 354 4933 postea
370 4856 457 4926 suere
472 4864 627 4931 translate
637 4912 647 4942 ,
659 4862 694 4933 ἁ
707 4860 1019 4931 bonorifieeeondita.
1056 4864 1214 4932 fetantur.
1844 4870 1973 4925 nerium

247 4938 346 5001 Sicuti
368 4960 446 5007 vero
464 4945 697 5020 primumdum
715 4944 892 5024 persecutio
910 4941 1022 5010 serie»
1095 4946 1445 5028 Quandoiiaintoeperit
1456 4950 1535 5016 ritus
1544 4942 1759 5027 consecrandi,
1776 4948 1830 5015 seu
1841 4934 1972 5011 ΜΨ·

246 5014 303 5079 ht
320 5019 485 5087 Chrisliani
510 5024 576 5090 loca
601 5024 726 5093 suorum
742 5022 1022 5091 Ettlesiallitotuin
1055 5026 1443 5094 benedicendicoenieteria
1460 5033 1611 5095 incertum
1627 5030 1688 5094 esl.
1704 5029 1833 5095 interim
1852 5016 1977 5117 mentun:

245 5106 464 5169 mventuuin
478 5102 644 5180 trabebant
665 5108 703 5177 td
731 5122 904 5189 martyrum
922 5103 1021 5189 lepnl·
1056 5108 1184 5177 videtur
1210 5106 1239 5173 S.
1259 5106 1641 5255 Gregoriusfl'gnronensit
1666 5110 1834 5255 degm
1850 5140 1927 5181 inu·

319 5212 322 5217 '
1525 5210 1544 5251 a
1643 5240 1647 5247 .
1757 5210 1792 5255 n·
