4425 6000
614 524 1494 603 Tnacr.uuC0nrnacr.Car.v.
1700 556 1770 628 ²03

248 646 326 697 neta
343 646 438 697 aurea
457 625 560 694 llatim
575 627 712 694 redditur
726 640 852 692 naoneta
873 640 1017 705 argentea
1051 625 1153 717 specie⁸
1171 621 1311 707 physica,
1340 624 1402 688 imo
1421 626 1456 693 dt
1476 631 1508 690 in
1528 627 1636 693 eadem
1659 629 1817 706 mensura,

248 708 382 777 ciusdem
404 709 537 775 valoris·
958 785 963 796 .
1051 703 1125 769 idest
1145 723 1178 765 rn
1193 704 1300 768 eadem
1313 706 1477 782 qualitate,
1496 707 1715 783 &quantitate
1722 757 1734 789 ,
1754 708 1819 774 sive

242 832 247 843 ·
287 793 384 855 Porro
401 793 482 854 inter
502 785 769 862 mutuantem,&
796 800 1017 859 mutuatarrum
1051 785 1184 860 pretium
1217 782 1328 849 horum
1357 782 1501 865 crescat,
1540 786 1604 852 sive
1636 787 1817 864 decrescat,
1896 809 1897 812 ’

239 869 408 936 ¹alunnullae
434 869 639 948 obligationes
667 865 888 939 intercedunt,
906 881 1014 938 nempe
1050 861 1168 952 quando
1197 880 1335 940 tempore
1366 870 1467 930 mutui
1496 866 1565 930 talia
1595 873 1730 933 mutatio
1759 888 1817 931 nec

249 946 1016 1023 teneturmutuarorprimomoneremutuatarium
1051 941 1276 1018 praevideatur,
1298 964 1355 1009 nec
1379 944 1416 1010 ad
1436 966 1504 1010 eam
1524 948 1721 1025 attendatur,
1744 950 1817 1025 quia

243 1030 288 1095 'de
309 1031 392 1094 vitio
411 1032 476 1105 rei,
495 1026 516 1089 sr
536 1025 606 1101 quid
626 1023 681 1102 lit,
697 1026 771 1088 alias
793 1039 955 1089 teneretur
979 1021 1017 1083 de
1050 1024 1082 1084 in
1097 1019 1177 1087 hisce
1194 1019 1362 1102 speslatur,
1377 1023 1412 1088 ἀ
1428 1025 1602 1093 attenditur
1618 1031 1661 1091 rei
1678 1027 1813 1092 entitar:

243 1109 379 1187 amno,
399 1124 512 1186 utpote
538 1109 588 1181 qui
613 1108 643 1167 ei
664 1104 800 1170 causam
823 1101 967 1166 dedisset.
985 1118 1014 1161 2.
1050 1099 1130 1164 unde
1154 1104 1186 1164 in
1215 1101 1301 1166 rebus
1327 1100 1546 1184 huiuscemodi,
1577 1109 1609 1187 ip
1628 1105 1735 1185 quibus
1756 1106 1820 1185 spe·

245 1191 320 1257 Nou
336 1206 477 1269 repetere
498 1205 562 1251 rem
582 1199 756 1248 mutuatam
776 1199 850 1249 ante
866 1181 1016 1244 llatutum
1048 1180 1146 1244 diatur
1171 1184 1287 1245 entitas
1303 1230 1313 1260 ,
1332 1183 1365 1247 dt
1393 1183 1518 1265 bonitas
1540 1182 1712 1250 *intrinseca
1752 1185 1817 1250 red·

245 1287 389 1346 tompus,
405 1266 485 1346 quod
505 1262 526 1327 sr
546 1263 775 1351 praefixumnon
792 1260 850 1344 stt,
871 1280 934 1325 non
946 1277 1014 1336 pot·
1048 1259 1150 1324 dendo
1175 1260 1312 1324 eamdem
1341 1262 1512 1330 mensuram
1542 1263 1675 1330 eiusdem
1708 1233 1818 1341 speciei

240 1347 289 1415 ell
310 1348 562 1422 adhuc-repetere
586 1341 638 1406 nssl
660 1340 723 1419 post
746 1340 866 1429 aliquod
895 1358 1013 1430 tempus
1049 1337 1169 1421 physice
1184 1337 1219 1404 dt
1235 1338 1384 1405 bonitatis
1401 1344 1594 1423 intrinsecae,
1612 1363 1735 1409 tantum
1751 1345 1819 1411 red·

246 1427 363 1494 iudicio
394 1426 551 1507 prudentis
576 1421 775 1500 praelinibile,
796 1417 932 1499 spedlatia
956 1438 1015 1482 crr-
1048 1419 1133 1483 ditur
1147 1435 1298 1494 quantum
1321 1419 1380 1485 suit
1403 1443 1579 1501 acceptum,
1599 1421 1633 1490 dt
1654 1423 1694 1490 sic
1714 1422 1818 1490 serva·

243 1505 455 1581 curnstantiis,
471 1502 505 1570 dc
523 1500 585 1567 fine
600 1504 639 1566 ob
660 1522 750 1580 quem
768 1502 878 1575 datur,
893 1495 1012 1563 tametsi
1050 1516 1104 1562 tur
1118 1493 1300 1572 aequalirast
1322 1498 1357 1563 ln
1377 1523 1504 1568 moneta
1520 1524 1595 1569 vero
1613 1506 1683 1579 quia
1707 1504 1739 1568 in
1760 1504 1816 1570 hac

244 1604 394 1652 teneatur
414 1602 508 1651 antea
528 1585 683 1660 recipere;
704 1595 733 1661 3.
750 1601 814 1644 non
835 1579 1016 1657 plusexige·
1048 1573 1198 1653 spediatur
1213 1577 1330 1644 valoris
1346 1583 1528 1660 aequalina,
1550 1604 1611 1648 non
1631 1581 1817 1659 substantia,

245 1686 281 1732 re
298 1688 391 1745 quarn
411 1664 518 1729 valeat
539 1682 587 1727 rea
595 1677 764 1741 mutuata,
782 1676 924 1723 mutuum
933 1660 1014 1720 enim
1047 1676 1110 1721 non
1130 1659 1227 1731 currit
1246 1659 1353 1723 eadem
1379 1663 1483 1742 regula
1508 1683 1544 1728 ac
1569 1664 1603 1726 in
1624 1663 1693 1727 aliis
1706 1662 1816 1737 rebus,

244 1745 290 1812 est
307 1742 482 1811 contradlur
496 1743 534 1804 de
553 1739 682 1806 essentia
712 1738 761 1803 sua
790 1733 1014 1819 gratuitum&
1049 1735 1070 1797 si
1096 1737 1185 1801 valor
1213 1735 1293 1803 illiue
1328 1740 1361 1802 in
1388 1742 1499 1806 utilem
1525 1740 1560 1807 dr
1583 1741 1727 1806 damnum
1749 1764 1816 1806 mu·

246 1826 386 1903 alioquin
401 1823 554 1889 ininllitia
569 1818 844 1909 esiet&usura.·
895 1896 902 1911 θ
1051 1818 1183 1881 tuatarii
1209 1812 1410 1895 crescat,vel
1428 1818 1601 1899 decrescat,
1619 1820 1736 1887 &ideo
1752 1841 1815 1887 non

285 1906 498 1970 Mutuatarius
519 1921 615 1978 vtro,
630 1903 677 1963 uti
700 1902 761 1961 iam
780 1918 820 1962 ex
840 1913 963 1962 ratione
979 1893 1013 1960 dt
1040 1895 1145 1973 ,reddit
1158 1895 1298 1961 eamdem
1313 1897 1350 1961 ad
1371 1899 1534 1977 valorem,
1551 1921 1611 1978 quo
1629 1904 1658 1965 ei
1674 1897 1732 1965 fuit
1749 1916 1815 1967 tra·

246 2000 363 2053 natura
383 1982 473 2060 ipsius
493 1983 592 2045 mutui
607 1976 743 2056 conllat,
757 1977 845 2041 debet
865 1998 891 2040 1.
908 1973 1011 2039 redde·
1045 1975 1128 2051 dita,
1149 1971 1198 2038 sed
1219 1974 1317 2039 reddit
1339 1999 1490 2054 quantum
1513 1981 1652 2058 accepit.
1681 1979 1771 2046 Unde
1794 1978 1815 2042 sr
1888 2024 1899 2049 a

247 2084 282 2131 pe
300 2080 443 2127 marruum
464 2061 620 2138 praelinito
640 2076 793 2135 tempore,
812 2057 846 2122 dt
862 2053 884 2117 sr
904 2051 1012 2117 nonsit
1045 2054 1166 2131 quando
1181 2054 1268 2120 dedit
1288 2074 1431 2123 mutuum
1451 2079 1481 2123 v.
1503 2082 1531 2138 g.
1548 2077 1675 2124 centum
1687 2079 1817 2136 aureos,

247 2142 435 2211 constitutur
456 2143 625 2211 terminus,
642 2135 741 2202 llatim
759 2158 793 2201 at
815 2153 1013 2199 mutuansra·
1046 2131 1153 2213 singuli
1176 2135 1260 2199 aurei
1277 2136 1424 2202 valebant
1445 2141 1554 2218 viginti
1571 2137 1663 2203 libras
1679 2159 1817 2218 numma-

241 2220 435 2288 t'mnabiliter
456 2237 593 2299 repetat.
613 2236 642 2279 2.
659 2219 689 2280 Si
709 2237 748 2281 ex
768 2215 927 2291 suarulpa
950 2233 1011 2276 non
1046 2217 1126 2306 riae,
1150 2213 1188 2306 n&
1202 2231 1339 2291 tempore
1351 2216 1554 2282 restitutionis
1567 2217 1673 2296 singuli
1686 2221 1815 2286 valeant

244 2300 353 2369 reddat
369 2318 506 2380 tempore
525 2297 644 2362 slatuto
657 2345 666 2373 ,
681 2294 830 2373 &debito
840 2343 855 2381 ‚⁸
866 2312 1011 2372 compen·
1047 2308 1157 2370 viginti
1178 2293 1271 2371 duas,
1298 2311 1456 2361 mutuatur
1475 2299 1610 2375 recipere
1625 2317 1689 2362 non
1711 2298 1811 2375 potest
1923 2339 1926 2344 ·

243 2378 312 2447 sare
331 2380 421 2445 debet
438 2381 599 2445 mutuanti
620 2376 729 2440 damna
746 2376 817 2440 inde
838 2380 959 2448 secura,
978 2371 1011 2436 dt
1045 2389 1172 2460 centum
1193 2372 1321 2452 aureos,
1337 2370 1385 2438 sed
1406 2393 1456 2441 tot
1476 2377 1631 2442 duntaxat
1647 2395 1722 2455 quot
1738 2374 1811 2443 satia

243 2460 366 2527 lucrum
381 2457 500 2524 cessans
518 2507 527 2536 ,
549 2478 620 2521 cum
639 2453 678 2519 srt
694 2453 803 2519 iniusla
831 2454 912 2517 illiue
927 2447 1012 2517 caus·
1047 2454 1103 2514 lint
1126 2450 1163 2516 ad
1177 2452 1385 2528 complendam
1405 2453 1559 2520 summanr
1574 2455 1723 2522 librarum
1737 2478 1811 2536 quaa

242 2536 296 2619 sa,
315 2538 377 2603 nist.
392 2558 496 2603 tamen
516 2558 554 2601 ex
574 2535 708 2611 eoquod
727 2552 873 2598 mutuant
889 2552 951 2596 non
968 2548 1014 2623 re·
1046 2530 1149 2597 dedit.
1176 2529 1237 2596 lta·
1257 2535 1352 2596 etiam
1370 2554 1389 2596 e
1407 2537 1577 2613 converso,
1598 2533 1622 2598 sr
1647 2536 1811 2602 dumdati

241 2622 369 2699 perierit
388 2635 548 2694 mutuum,
569 2613 734 2693 prudenter
752 2613 887 2689 iudicet,
908 2629 1013 2678 termr·
1047 2605 1153 2685 suere,
1180 2629 1286 2675 eorum
1307 2612 1394 2678 valor
1413 2633 1483 2680 crat
1513 2617 1623 2695 viginti
1649 2615 1812 2692 librarum,

238 2718 320 2763 num
347 2695 537 2777 prorogasse.
559 2710 575 2773 3
609 2692 751 2758 Tenetur
771 2691 810 2756 de
836 2696 920 2756 otuni
940 2686 1013 2754 casu
1046 2687 1081 2754 dt
1096 2706 1234 2766 tempore
1256 2689 1457 2761 restitutionis
1478 2694 1605 2760 valeant
1625 2691 1813 2760 solummodo

236 2774 396 2854 innuite,
414 2781 458 2840 ita
475 2793 589 2840 utnon
609 2770 774 2849 liberetur,
789 2769 842 2833 nisi
859 2791 928 2835 tum
944 2789 1013 2831 mu·
1045 2765 1228 2847 odiodecim,
1253 2787 1303 2834 tot
1326 2769 1443 2835 reslitui
1471 2773 1585 2838 debent
1604 2776 1710 2850 aurei,
1736 2792 1813 2851 quot

243 2870 351 2923 tuator
366 2873 510 2921 mutuum
534 2850 627 2930 reipsa
651 2854 802 2926 acceperit
823 2850 874 2913 vel
909 2870 963 2926 per
984 2848 1013 2910 le
1047 2846 1082 2910 ad
1103 2844 1249 2913 summam
1264 2847 1408 2930 librarum
1428 2869 1622 2929 receptarum
1637 2849 1811 2930 sufficiant,

241 2935 359 3016 ipsum,
379 2936 430 2999 vel
452 2954 505 3016 ptr
526 2933 622 2996 alium
643 2953 661 2995 a
680 2926 710 2993 se
730 2927 915 3008 designatum
942 2929 1013 3004 quia
1046 2928 1118 3003 quia
1140 2926 1331 2992 tantumdem
1347 2942 1409 2993 nec
1425 2930 1514 3008 plus,
1534 2951 1591 2996 nee
1611 2933 1712 2996 minue
1729 2931 1812 2998 resti·

240 3031 320 3106 «ιρι
342 3035 390 3079 rer
411 3012 584 3092 perseverat
603 3014 663 3074 esle
692 3012 895 3085 mutuatarii,
915 2976 949 3073 dt
973 3005 1014 3070 sic
1048 3009 1197 3100 tuendum
1218 3004 1279 3084 esi,
1301 3026 1369 3072 tum
1388 3012 1484 3076 etiam
1502 3013 1572 3088 quia
1592 3034 1662 3077 curn
1685 3030 1811 3078 mutua·

240 3095 272 3159 ei
291 3096 384 3172 perit.
406 3117 436 3174 4.
460 3093 603 3156 Tenetur
624 3090 782 3175 rellituere
799 3108 862 3151 rem
879 3083 1012 3153 eiusdem
1047 3104 1144 3152 tarius
1162 3084 1265 3152 llatim
1285 3109 1321 3153 ac
1342 3090 1456 3166 accipit
1479 3107 1622 3158 mutuum
1643 3140 1653 3169 ,
1676 3092 1733 3157 liat
1756 3092 1810 3157 do·

241 3169 376 3254 speciei,
394 3174 429 3237 dt
449 3174 622 3245 bonitatis,
642 3190 699 3232 nec
720 3165 854 3244 sufficit,
870 3164 889 3227 sl
908 3167 1008 3231 soluat
1035 3166 1145 3240 ,minut
1166 3168 1209 3229 rei
1226 3182 1337 3232 mutuo
1355 3167 1458 3245 datae,
1479 3167 1530 3234 sibi
1545 3169 1812 3252 crescittalieres,

240 3256 308 3317 eius
330 3257 480 3330 pretium,
502 3248 556 3312 nili
578 3251 660 3312 alter
680 3252 787 3324 lpoute
807 3245 979 3310 consentiat
1003 3287 1009 3304 .
1046 3262 1100 3308 aut
1130 3243 1286 3310 destrel'cit
1306 3247 1401 3322 quoad
1423 3251 1580 3327 valorem;
1605 3251 1675 3315 hinc
1695 3250 1739 3317 est
1758 3267 1809 3316 et·

239 3329 391 3400 Μυιιιιιιιι
408 3333 490 3395 enim
514 3326 698 3392 reddendum
713 3324 757 3389 esl
781 3324 943 3391 &eadem
960 3323 1013 3389 bo·
1046 3321 1146 3390 iamsi
1164 3324 1231 3404 posi
1248 3345 1405 3402 acceptam
1422 3331 1811 3409 pecuniam,illamamit-

240 3414 364 3488 uitam,
383 3410 418 3477 dt
455 3428 547 3473 enere
570 3408 703 3480 eodem,
732 3426 791 3483 quo
811 3405 917 3468 datum
936 3403 980 3468 est
1004 3450 1012 3481 ,
1047 3407 1116 3481 tei,
1136 3402 1189 3470 vel
1210 3402 1261 3468 fibi
1286 3401 1392 3486 furtim
1411 3407 1612 3490 surripiatur,
1638 3407 1690 3475 sibi
1711 3412 1809 3492 perit,

238 3493 311 3572 leg:
328 3505 358 3563 3.
376 3497 402 3557 a.
426 3431 464 3555 ‹st
484 3485 544 3551 reb.
567 3487 645 3551 cred.
670 3485 753 3548 Nam
779 3500 925 3549 mutuum
951 3503 1011 3548 uon
1047 3499 1155 3560 utpote
1172 3502 1248 3549 veto
1262 3483 1386 3549 domino
1401 3487 1549 3554 eiusdem.
1661 3535 1666 3544 -
1872 3537 1876 3545 ι

238 3569 283 3634 est
302 3571 458 3646 venditio,
475 3588 531 3632 nec
553 3566 757 3643 permutatio.
1086 3562 1172 3627 Num
1201 3583 1275 3629 vero
1296 3565 1415 3631 licitum
1437 3567 1476 3633 sit
1497 3568 1607 3649 pacisci
1630 3568 1668 3633 de
1688 3569 1810 3634 redden·
1831 3605 1904 3671 Qu
1920 3607 1953 3656 4,

279 3648 354 3712 Dixi
467 3664 607 3710 mutuam
627 3643 808 3708 reddendam
824 3639 888 3707 esse
906 3641 1012 3707 eadem
1045 3641 1084 3711 da
1105 3662 1139 3707 re
1159 3661 1301 3709 mutuata
1318 3647 1349 3709 in
1369 3644 1475 3712 eadem
1494 3645 1651 3726 mensura,
1674 3647 1809 3726 &quam
1836 3669 1953 3731 patiore

238 3726 357 3809 specie,
372 3668 659 3802 §sonitumque
676 3740 822 3787 mutuata
841 3720 905 3786 suit
927 3742 935 3782 :
955 3722 1014 3788 hoc
1047 3724 1161 3801 ritate,
1190 3725 1399 3812 velpecunia
1422 3729 1453 3789 in
1474 3728 1578 3792 eadem
1596 3724 1693 3805 specie
1715 3724 1811 3809 physi-
1827 3732 1897 3783 irrer

237 3823 344 3872 umen
360 3805 594 3885 intelligendum
610 3803 652 3867 esi
670 3801 708 3864 de
726 3801 816 3894 rebua
834 3801 902 3866 aliia
922 3821 1014 3867 extra
1045 3821 1100 3865 ca.-
1131 3805 1188 3866 Pro
1211 3804 1394 3869 resolutione
1414 3803 1603 3871 difficultatis
1625 3806 1804 3886 videndum,
1822 3807 1929 3906 {mm

239 3889 424 3964 pecuniam;
445 3906 516 3948 nam
532 3884 597 3948 liaec
613 3879 724 3945 seclusa
740 3881 860 3956 spetiali
875 3900 1014 3947 conven-
1046 3878 1071 3942 si
1089 3880 1248 3946 dubitetur
1264 3899 1368 3947 utrum
1386 3904 1435 3948 ret
1452 3903 1590 3964 tempore
1606 3884 1739 3952 restitut
1763 3889 1809 3951 nir
1831 3871 1950 3972 ,fffiss'

238 3966 327 4030 tione
348 3965 455 4031 eadem
474 3961 549 4027 iulle
570 3964 650 4041 exigi
665 3965 773 4037 nequir
786 3964 817 4023 in
834 3958 1013 4040 speriephy·
1047 3960 1186 4025 valitura
1205 3961 1244 4026 srt
1285 3964 1377 4040 luris,
1398 3965 1449 4028 uel
1469 3968 1615 4042 minoris,
1654 3968 1706 4032 uia
1734 3983 1952 4038 ire-reddatur

239 4041 326 4126 fica,
346 4044 393 4109 sed
410 4042 600 4108 solummodo
616 4039 724 4106 niorali
735 4087 745 4118 ,
765 4044 797 4103 in
814 4041 1012 4107 valorenem·
1047 4059 1123 4104 vera
1146 4035 1207 4105 suit
1230 3984 1292 4106 case
1313 4041 1456 4120 dubium,
1475 4042 1598 4109 licitum
1617 3988 1661 4109 eb
1683 4045 1808 4124 pacisci,
1824 4063 1849 4095 ἰη
1868 4046 1949 4110 specie

238 4143 279 4206 pe
296 4146 388 4203 quem
403 4124 511 4198 habuit
532 4138 671 4199 tempore
691 4124 820 4199 mutui,
842 4119 907 4187 save
931 4124 1012 4184 inte·
1047 4137 1081 4183 ut
1110 4119 1254 4186 reddatur
1280 4131 1331 4185 rer'
1356 4126 1389 4184 in
1411 4123 1519 4187 eadem
1547 4122 1706 4203 mensura,
1732 4127 1810 4190 eius·
1851 4123 1876 4162 ⁰·
1944 4146 1951 4160 ·

237 4208 301 4271 rim
327 4204 420 4271 valor
444 4218 579 4268 niunetae
609 4197 711 4265 ruilus
739 4197 855 4277 suerit,
875 4198 937 4265 five
958 4203 1012 4263 im·
1045 4198 1175 4276 demque
1191 4202 1224 4264 in
1244 4197 1272 4266 se
1291 4200 1458 4279 bonitatis,
1477 4202 1512 4268 dt
1533 4224 1602 4269 eam
1621 4205 1674 4270 luo
1693 4224 1811 4283 tempo·

238 4287 402 4362 minutus,
420 4281 531 4349 saltem
550 4280 570 4342 sl
591 4298 729 4356 tempore
748 4286 847 4350 mutui
870 4280 936 4346 haec
946 4301 1012 4343 mu·
1046 4298 1081 4341 re
1102 4278 1175 4344 licet
1196 4284 1349 4358 accipere,
1367 4279 1489 4347 tanaetsr
1505 4285 1571 4352 eius
1587 4286 1717 4362 pretium
1731 4288 1810 4350 inte-

237 4366 323 4431 tatio
339 4361 556 4441 praevil'anun·
573 4354 696 4439 suerit,
720 4382 775 4426 nec
796 4358 933 4438 pearata.
959 4355 1010 4422 Est
1046 4362 1108 4421 rim
1132 4359 1266 4424 multum
1292 4364 1446 4440 creverit,
1474 4381 1535 4443 cap.
1556 4364 1610 4428 ult.
1635 4364 1672 4429 dt
1691 4363 1809 4445 usurisp
1889 4365 1895 4384 ¹
1977 4361 1982 4370 '

236 4446 429 4520 mmunit,
450 4459 485 4506 ut
507 4438 640 4509 testatur
664 4442 700 4505 de
729 4442 836 4521 Lugo,
856 4443 926 4517 quia
941 4460 1011 4503 cum
1045 4457 1117 4506 nam
1136 4454 1211 4503 tunc
1232 4459 1286 4517 par
1309 4438 1353 4504 eli
1373 4442 1629 4509 contrabentium
1652 4446 1810 4525 conditio,

236 4523 272 4586 in
292 4524 423 4600 pecunia
444 4518 623 4601 inspiciatur
640 4516 828 4584 solummodo
847 4520 937 4585 valor
956 4539 1010 4581 ex·
1044 4515 1079 4582 dt
1099 4513 1244 4606 servatur
1256 4518 1434 4599 equalitas,
1453 4544 1525 4586 cum
1541 4544 1580 4587 ex
1595 4540 1726 4601 utraque
1743 4546 1811 4603 par·

236 4601 411 4682 trinsecus,
429 4598 465 4665 dt
480 4602 661 4676 neutiquam
677 4599 799 4679 physica
820 4605 956 4675 entitas,
975 4595 1009 4662 δι
1045 4613 1076 4661 te
1096 4599 1134 4661 lat
1156 4619 1207 4674 par
1228 4597 1288 4673 spes
1304 4601 1417 4679 lucri,
1444 4599 1478 4666 dt
1498 4603 1665 4679 periculum
1685 4604 1787 4670 damni
1797 4627 1810 4681 ;

236 4677 357 4747 crusta
385 4678 504 4746 constet
531 4677 660 4757 speciem
687 4697 822 4743 monetae
856 4685 1009 4758 praecipue
1044 4676 1173 4751 ideoque.
1196 4677 1281 4764 licite
1310 4681 1408 4744 etiam
1436 4683 1517 4760 exigi
1548 4683 1669 4759 possunt
1700 4703 1748 4750 tot
1778 4688 1813 4748 in

237 4757 354 4826 desuem
381 4780 423 4827 ex
451 4761 588 4838 valore,
616 4777 678 4821 non
696 4777 737 4820 ex
760 4761 908 4834 materia,
927 4755 1009 4819 dum
1043 4748 1141 4829 specie
1154 4753 1280 4894 physica
1302 4761 1440 4836 nummi,
1458 4779 1534 4837 quot
1554 4762 1619 4827 dati
1636 4761 1725 4840 sunt,
1747 4761 1810 4829 live

236 4841 336 4905 reddit
391 4835 792 4915 valorem'quemhabebat,
810 4835 1007 4914 quandumu·
1044 4833 1133 4898 valor
1169 4853 1357 4914 mmutetur,
1377 4835 1441 4902 sive
1467 4860 1554 4917 nou,
1576 4843 1697 4918 quando
1726 4861 1808 4906 uter·

236 4923 295 4984 rub
312 4916 374 4986 surr
396 4917 457 4984 tibi
480 4917 593 4998 tradita
605 4940 618 4994 ,·
642 4934 767 4998 tantum
793 4914 894 4981 reddit
914 4932 1008 4991 quan·
1041 4931 1101 4998 que
1122 4912 1272 4988 aequalem
1288 4914 1378 4982 habet
1400 4918 1662 4993 probabilitatem.
1683 4921 1715 4984 Si
1733 4941 1808 4994 vero

424 5001 430 5012 '
462 4999 467 5010 ·
926 5021 929 5026 ·
1042 5010 1060 5055 e
1086 5010 1197 5056 contra
1225 5010 1344 5057 certum
1372 4993 1430 5072 stt,
1460 4998 1509 5063 vel
1541 4998 1723 5076 probabilius
1745 5019 1810 5062 rem

237 5013 523 5148 wldeumeersibsstr
538 5078 608 5145 alie
626 5071 708 5146 reddi
725 5069 837 5141 debent
853 5075 888 5139 iu
901 5069 1008 5178 eadem
1042 5088 1179 5150 tempure
1193 5066 1351 5142 solutionis
1371 5075 1439 5156 plus
1456 5078 1627 5146 valituram
1642 5089 1734 5228 quandi
1746 5099 1811 5143 mo-

1732 5177 1772 5235 02
