4425 6000
598 450 810 527 Tener.
836 474 900 526 nt
926 449 1164 540 ieamer
1194 446 1450 522 iuncar.
1481 445 1540 521 ll.
1756 471 1804 528 ar

273 574 390 627 eontra
410 554 508 635 Regni
530 552 796 628 'Conllitutionem
815 554 886 624 quia
904 551 1047 629 quepot-
1123 547 1305 613 Notandum
1336 565 1365 606 2.
1401 566 1503 610 retum
1531 546 1704 611 dominium
1735 550 1848 625 triplici
1883 548 1975 625 peni.

272 639 406 705 sidemut
426 631 529 700 nollta
550 655 613 699 non
630 632 699 697 lunt
717 630 771 694 nisa
801 633 868 696 iure
895 630 1048 713 humano,
1083 632 1149 694 iure
1174 627 1307 692 obtineri
1334 623 1415 702 polle
1433 674 1443 702 ,
1461 647 1571 702 nempe
1591 633 1659 691 iure
1682 626 1991 709 naturali.‚.¹''⁰⁰¹¹‘.·

273 737 313 786 ut
333 741 374 785 err
393 717 422 779 S·
439 717 517 795 Aug.
540 713 624 778 tradi.
654 716 681 775 6.
710 717 740 775 in
769 711 852 777 loen.
874 712 964 794 Quod
986 711 1049 779 lraet
1078 709 1133 774 leu
1147 708 1302 800 Gentium
1318 753 1327 781 ,
1341 704 1375 770 dt
1399 705 1540 800 hmine
1556 712 1760 801 acquiruntur
1780 730 1847 787 ree,
1863 691 1925 802 {ll-2¹¹,
1942 690 1990 790 {fx

280 798 363 865 villa
375 800 416 878 sst
438 815 522 872 mea,
542 797 586 859 ait
605 794 633 856 S.
652 793 786 870 Dollor,
806 791 841 869 eli
857 812 897 857 ex
915 793 1050 856 r'urelm·
1081 809 1149 866 quae
1169 789 1280 852 nullius
1301 787 1400 878 lunt,
1420 785 1489 849 lure
1512 787 1615 864 crvrlr,
1636 808 1730 863 atque
1754 809 1848 855 cano·
1866 804 1989 877 reacqut.

304 891 470 951 emiorum,
491 879 524 937 in
548 891 699 949 quantum
722 871 839 936 scilicet
857 893 940 953 teges
965 874 1050 936 divi·
1083 874 1171 945 nico,
1190 868 1224 933 &
1239 865 1322 930 hisce
1342 865 1457 930 iuribus
1488 872 1656 943 acquiritur
1681 869 1851 933 dominium
1869 868 1990 932 ‘'tot‘st·

292 980 394 1024 ionem
423 976 524 1022 rerum
553 953 591 1018 ab
623 956 715 1016 initio
732 950 841 1016 fallam
863 972 964 1019 ratam
995 952 1049 1015 ha·
1083 972 1206 1026 rerum,
1224 968 1291 1023 quae
1312 946 1431 1022 quidem
1450 946 1578 1011 alicuius
1595 944 1683 1025 lunt,
1702 948 1751 1011 led
1770 970 1850 1025 prat·
1928 959 1930 964 ’

273 1040 375 1117 irent,
394 1034 506 1106 &luis
522 1033 637 1113 legibus
666 1053 734 1097 eam
760 1032 978 1098 oblervaindam
999 1034 1048 1095 de·
1082 1030 1147 1094 lixo
1163 1027 1314 1105 perleges
1332 1048 1369 1089 ac
1389 1046 1521 1091 canones
1543 1044 1682 1119 tempore
1701 1027 1849 1106 polliden·

278 1121 421 1186 clarant.
444 1119 547 1191 Quare
563 1113 611 1184 obi
630 1113 711 1191 leges
732 1112 893 1190 probibent
910 1114 1049 1177 donatio·
1081 1129 1151 1174 tur.
1173 1109 1244 1171 lore
1268 1108 1478 1194 particulari,
1505 1128 1541 1171 ac
1565 1126 1703 1186 privato-
1719 1109 1848 1175 alicuius

272 1218 335 1265 nee
351 1202 435 1264 inter
455 1198 600 1259 maritum
614 1191 669 1271 ‚·&
690 1213 840 1268 uxorem,
858 1193 909 1256 vel
930 1214 968 1256 ne
998 1214 1048 1271 pa·
1080 1185 1281 1264 contraitur,
1300 1187 1351 1250 len
1375 1191 1615 1265 conventionis,
1636 1184 1670 1251 de
1696 1187 1754 1253 lroc
1782 1192 1850 1254 iure

277 1279 471 1355 rentesplue
492 1277 656 1349 uniquam
687 1276 777 1336 alteri
797 1273 864 1337 filio
884 1273 921 1337 de
947 1291 1048 1350 parer·
1082 1273 1255 1350 acquiritur
1280 1268 1451 1332 dominium
1475 1288 1577 1332 rernm
1593 1317 1606 1345 .‚
1633 1288 1705 1344 quae
1730 1270 1851 1347 quidem

274 1363 326 1424 nis
346 1355 519 1422 substantiis
539 1354 786 1429 tribuanr,·tum
794 1356 962 1431 coniuges,
977 1370 1047 1417 tum
1076 1348 1152 1414 ¹lunt
1172 1349 1303 1441 alicuius
1321 1365 1477 1439 ¹tanquam
1496 1347 1629 1425 domini,
1649 1345 1683 1412 dt
1712 1351 1853 1427 pollello·

275 1453 440 1516 parentes,
459 1440 512 1513 qui
529 1433 622 1497 aliter
637 1430 785 1509 -laciunt,
807 1432 952 1497 iulliriam
962 1454 1046 1498 mot·
1080 1434 1146 1508 rie,
1166 1428 1214 1492 led
1234 1448 1266 1490 ιιι
1287 1428 1380 1491 alium
1410 1425 1640 1493 transferuntur
1670 1449 1722 1507 per
1754 1430 1851 1514 dona-

274 1518 385 1583 taliter
414 1517 552 1590 laeduot,
572 1513 606 1577 dc
635 1515 816 1590 recipientes
841 1531 989 1579 tenentur
1010 1511 1047 1576 ad
1079 1514 1227 1587 tionern,
1252 1508 1488 1587 venditionem,
1518 1527 1573 1573 aut
1603 1510 1697 1573 alium
1724 1528 1851 1578 contra·

275 1596 525 1662 restitutionem.
549 1593 692 1670 ldemque
711 1590 808 1657 dicito
826 1592 863 1656 de
882 1597 920 1657 iis
939 1597 991 1671 qui
1014 1596 1046 1656 in
1080 1592 1178 1654 lium.
1199 1587 1270 1653 lure
1294 1590 1429 1654 naturali
1452 1610 1554 1653 rerum
1572 1588 1742 1654 dominium
1770 1592 1851 1657 mul-

274 1673 483 1749 contradlibus
522 1672 730 1739 solemnitates
771 1676 925 1737 omittunt
956 1694 974 1739 a
1004 1674 1048 1740 le·
1081 1670 1228 1747 tipliciter
1247 1667 1431 1754 obtinetur,
1451 1668 1598 1735 uidelicet
1618 1673 1850 1753 occupatione,

275 1776 314 1835 ge
335 1754 545 1835 ptaelcriptas,
566 1752 689 1831 quando
708 1750 882 1815 contradus
899 1752 958 1817 illis
975 1753 1047 1819 defi·
1080 1750 1259 1826 alluvione,
1286 1747 1535 1826 lpecificatione,
1555 1748 1749 1830 accell'rone,
1775 1771 1850 1817 con·

275 1837 398 1903 cientes
418 1838 499 1902 irriti
515 1856 573 1914 per
585 1834 677 1914 -legee
689 1830 905 1899 declararunt.
1079 1826 1196 1896 irione
1208 1877 1218 1909 ,
1229 1832 1458 1900 -conmpiatione
1479 1880 1487 1909 ,
1505 1829 1713 1923 aedilicarione
1729 1879 1740 1906 ‚
1758 1832 1851 1934 plan·

1080 1912 1221 1986 tatione,
1241 1909 1390 1986 cultura,
1414 1907 1553 1986 satione,
1572 1913 1743 1977 nativitate
1758 1959 1768 1989 ,
1781 1910 1851 1980 itu

588 1998 622 2061 5·
662 1992 726 2062 XI.
1079 1990 1184 2056 dumo
1205 1989 1527 2084 perceptione,.&e.·
1750 2074 1791 2089 ..
1862 2050 1902 2101 h
1940 2052 1967 2101 ‚a

363 2111 456 2176 μ
474 2108 570 2176 «μ
584 2108 753 2192 μμμ
766 2106 905 2175 μμμ·
1079 2070 1846 2229 ,latireintitularentur
1863 2062 1986 2236 pili·

321 2225 406 2301 Quia
422 2246 483 2290 non
497 2247 615 2305 unum,
638 2225 687 2295 sed
706 2228 869 2306 multiplex
885 2227 928 2292 est
944 2248 1044 2293 rerum
1079 2251 1172 2295 manu
1188 2230 1413 2307 apprehendere
1420 2236 1525 2297 animo
1536 2232 1604 2297 illae
1619 2230 1685 2296 suas
1699 2228 1851 2313 faciendi,
1867 2242 1929 2294 dou
1941 2244 1989 2295 ιο.

275 2324 402 2385 genus,
427 2326 495 2383 quae
517 2311 631 2388 acquiri
645 2310 791 2389 «poliunt,
818 2329 937 2374 necnon
961 2311 1045 2375 uarii
1078 2330 1262 2387 eorumquae
1287 2310 1399 2375 habent
1416 2311 1596 2393 dominum,
1622 2315 1688 2376 iure
1707 2316 1847 2382 naturali
1866 2310 1990 2359 uirium.

273 2385 382 2462 modi,
407 2391 555 2464 variaque
578 2391 661 2469 iura,
681 2392 789 2466 quibus
804 2389 840 2452 ad
865 2389 1045 2454 earumdem
1079 2388 1215 2456 sufficere
1230 2408 1374 2454 mutuum
1395 2390 1572 2457 corrlenlum
1591 2394 1692 2459 dantis
1710 2440 1720 2470 ,
1738 2393 1772 2460 ἀ
1798 2416 1866 2472 ac·.,

275 2464 447 2530 dominium
466 2471 627 2544 pervenire
689 2466 912 2546 llumut;·hinc
1022 2550 1029 2564 ⁸
1076 2474 1219 2548 cipientie
1248 2468 1483 2551 significatum,
1511 2476 1577 2538 iure
1613 2494 1689 2539 vero
1714 2473 1867 2552 politive²

177 2562 278 2615 new
315 2545 625 2615 Notandumr.bona
653 2568 693 2613 eu
716 2569 782 2625 res,
801 2568 930 2626 quorum
948 2547 1044 2613 domi·
1078 2554 1247 2627 requiritur
1266 2550 1452 2630 titulut,&
1473 2554 1622 2618 traditio.
1646 2551 1773 2620 Titulus
1800 2556 1847 2621 est

177 2642 233 2678 :nm
273 2624 326 2689 ola
342 2648 361 2690 a
377 2626 462 2691 nobis
483 2633 656 2706 comparari
674 2628 817 2706 poliunt,
835 2628 963 2705 triplicis
976 2632 1043 2692 elle
1078 2634 1190 2710 ratio,
1218 2629 1271 2694 seu
1287 2627 1532 2698 ¹fundamentum
1551 2680 1562 2712 ,
1588 2655 1654 2711 ¹quo
1676 2634 1846 2702 dominium

177 2707 233 2742 '⁸¹⁸
274 2709 411 2784 generis.
430 2708 501 2771 Alia
523 2707 594 2772 lunt
608 2728 679 2787 quae
696 2728 852 2782 mtnquam
871 2707 1044 2774 habuerunt
1078 2710 1167 2774 alicui
1196 2713 1378 2788 competit,
1410 2730 1486 2789 puta
1517 2714 1667 2778 donatio.
1701 2712 1846 2792 Traditio

177 2772 251 2869 mi.m
273 2785 448 2863 dominum,
467 2788 519 2851 vel
535 2787 643 2851 l'altem
658 2806 816 2862 nunquam
833 2786 1043 2849 habuiliecen·
1077 2790 1136 2851 alia
1156 2789 1199 2851 ell
1221 2789 1329 2863 realis,
1344 2811 1405 2864 qua
1422 2812 1469 2854 reo
1485 2794 1575 2855 datur
1591 2796 1623 2855 in
1640 2811 1768 2871 manus,
1784 2793 1846 2861 alia

177 2861 399 2945 ,mandentum
417 2862 584 2954 cuiusmodi
603 2865 673 2932 sunt
695 2865 930 2956 'quamplurimae
950 2861 1044 2940 ferae,
1076 2866 1197 2944 civilis,
1216 2887 1286 2943 quae
1306 2868 1418 2932 dicitur
1437 2867 1506 2934 fieta
1525 2918 1534 2945 ,
1554 2892 1621 2948 quae
1650 2869 1688 2934 fit
1718 2889 1782 2947 per·
1795 2877 1846 2939 in-

177 2948 213 3014 !tl
276 2943 401 3026 insulae,
419 2963 491 3024 quc
510 2943 610 3011 adhuc
630 2966 694 3012 non
716 2939 840 3009 luerunt
857 2943 1011 3009 habitatae
1034 2992 1042 3022 ,
1077 2942 1277 3011 strumentum
1289 2994 1306 3025 ,
1322 2966 1367 3015 ut
1388 2971 1440 3027 per
1458 2950 1655 3017 traditionem
1680 2949 1845 3037 clav-ium,

177 3010 240 3067 *θ’
273 3025 563 3108 ammittant
583 3020 697 3094 dee&
717 3023 861 3091 eiusmodi
887 3025 967 3088 bona
994 3046 1043 3090 ac·
1077 3044 1131 3090 aut
1158 3046 1211 3104 per
1237 3027 1423 3104 quid·srmile
1443 3033 1526 3110 lege,
1546 3049 1601 3097 aut
1621 3028 1843 3101 consuetudine

271 3108 439 3185 quiruntut
457 3127 497 3173 ea
513 3108 711 3188 occupando,
728 3125 763 3171 ac
783 3103 852 3198 ideo
866 3105 1042 3170 torum-do·
1076 3105 1250 3172 statutum,
1274 3108 1430 3186 ‘Quodam
1449 3111 1571 3188 tandem
1597 3133 1661 3178 non
1677 3133 1696 3176 r
1755 3118 1844 3183 irent

272 3189 403 3252 minium
419 3191 591 3266 aequiritur
611 3209 665 3264 per
683 3203 942 3262 occupationem.
968 3185 1041 3249 Alia
1075 3187 1276 3254 traditionem
1294 3191 1339 3253 ad
1358 3210 1467 3257 eorum
1490 3191 1662 3259 dominium
1815 3196 1820 3207 ”

293 3284 342 3332 trae
361 3267 518 3332 dominum
528 3266 681 3344 habuere,
700 3267 753 3333 vel
771 3265 871 3329 multo
891 3281 984 3341 ante,
999 3283 1041 3330 ut
1075 3266 1165 3346 dum,
1185 3284 1222 3334 ut
1238 3271 1329 3335 iura.

287 3363 345 3413 unt
362 3346 515 3426 thelauri,
531 3349 583 3412 vel
605 3347 696 3424 paulo
710 3363 805 3424 ante,
819 3363 856 3410 ut
871 3343 1041 3412 bonadefe·

272 3422 1040 3571 flulae‘epdlp'm’“1¹¹⁸stm‘mi'llpm‘i2’hb‘*
1127 3474 1129 3479 .
1374 3436 1402 3496 ι.
1443 3430 1537 3498 xli.

269 3525 315 3573 na
353 3527 430 3572 eret
463 3527 481 3572 a
521 3526 560 3573 ve
593 3525 732 3573 recenter
762 3527 886 3571 amia.
994 3526 1039 3570 ει
1265 3545 1273 3557 ·
1506 3551 1511 3560 ·
1592 3549 1598 3561 ·

272 3592 476 3664 acquiruntur
491 3554 795 3666 lnventione,.unde
814 3555 921 3651 eoru’m
942 3586 1039 3648 domi·
1150 3549 1201 3609 ω
1216 3562 1318 3627 ΜΟ
1339 3549 1420 3612 '’md‘'
1440 3550 1596 3651 ‘'lum-‘¹⁸
1615 3550 1761 3630 ‘imm'

268 3670 356 3732 niun
380 3668 492 3732 dicitur
516 3665 695 3742 acquisitum
726 3686 777 3743 per
797 3667 1036 3731 inventionem.
1154 3739 1161 3756 .
1250 3646 1416 3708 ”emper
1431 3633 1662 3713 omum·

268 3745 346 3812 Alia
367 3746 489 3809 tandem
505 3743 859 3819 dominomhabent,&
881 3744 1036 3810 nihilomi·
1106 3742 1213 3806 *lirrmo
1229 3744 1510 3823 igitur'acquiritur
1527 3745 1695 3813 dominium
1714 3756 1840 3822 perot·
1928 3781 1936 3795 ·

265 3846 327 3890 nus
353 3823 461 3902 absque
486 3827 553 3886 eiue
579 3820 725 3899 consensu
742 3826 778 3884 in
797 3825 925 3891 alterius
940 3825 1037 3901 domi·
1071 3825 1298 3899 cuparionem,
1322 3847 1391 3902 quae
1418 3825 1459 3890 ¹fit
1479 3829 1512 3890 in
1542 3822 1653 3898 rebus,
1677 3844 1747 3900 quae
1766 3846 1839 3891 cum

265 3908 357 3970 nium
378 3900 636 3979 transferuntur,
662 3900 696 3967 d<
720 3924 792 3968 cum
815 3905 885 3967 talis
907 3900 1036 3969 transll·
1071 3901 1186 3964 nullius
1211 3902 1300 3980 smt,
1322 3908 1390 3970 iure
1416 3906 1577 3980 naturali,
1607 3901 1659 3967 seu
1685 3901 1839 3972 Gentium

265 3987 333 4064 tio,
352 4003 413 4061 qua
438 3982 517 4049 bom
544 3985 633 4046 unius
659 3979 720 4045 lrne
744 3981 972 4049 eiusconlenlrr
987 3984 1033 4047 de·
1071 3980 1151 4045 fiunt
1178 3986 1276 4056 primo
1297 3989 1477 4062 occupantis
1501 4034 1510 4064 ,
1534 4002 1626 4051 textu
1649 3984 1839 4060 expressos.

265 4065 402 4131 veniunt
419 4065 458 4126 in
489 4062 618 4128 alterius
639 4060 842 4140 potestatem,
867 4063 927 4127 liat
949 4064 1035 4141 legali
1071 4059 1164 4146 instit.
1182 4062 1218 4125 de
1239 4082 1295 4127 rer.
1312 4063 1405 4145 droti.
1423 4066 1464 4131 Et
1481 4067 1565 4131 inter
1587 4064 1653 4127 lraec
1683 4067 1839 4141 ptaecipua

266 4141 319 4210 seu
338 4141 452 4221 civili,
473 4142 532 4208 vel
554 4144 701 4208 canonico
727 4141 875 4231 beneficio
900 4142 1035 4220 praelcri·
1070 4140 1140 4204 lunt
1159 4139 1282 4217 belliae,
1299 4143 1441 4209 volueres
1458 4145 1595 4223 scilicet,
1618 4140 1729 4220 pisces,
1749 4143 1783 4208 dr
1802 4164 1838 4208 o·

266 4225 402 4302 ptionis,
417 4221 495 4286 dum
514 4220 594 4287 bona
612 4220 669 4286 hoc
690 4223 780 4286 modo
796 4226 1034 4302 acquiruntur,
1070 4225 1153 4284 mnia
1177 4223 1343 4302 animalia,
1363 4243 1433 4300 quae
1452 4230 1550 4302 mari,
1574 4223 1676 4299 coelo,
1694 4222 1730 4287 δι
1752 4241 1837 4290 terra

264 4304 409 4371 dicuntur
430 4301 599 4379 preterini,
620 4323 656 4366 ac
681 4303 807 4379 proinde
829 4303 950 4367 illorum
982 4302 1033 4366 do-
1069 4297 1263 4367 naleuntur.
1285 4301 1439 4368 Animalia
1465 4324 1570 4371 autem
1594 4308 1628 4367 in
1647 4302 1837 4379 quadruplici

261 4385 392 4448 minium
407 4384 524 4447 dicitur
544 4379 723 4458 acquisitum
749 4403 802 4459 per
833 4381 1033 4458 praescriptio·
1068 4400 1179 4457 genere
1204 4379 1471 4453 considerantum
1500 4383 1688 4462 Theologis,
1706 4381 1742 4448 dt
1761 4381 1840 4449 luri·

261 4483 357 4542 nem,
378 4461 430 4527 seu
447 4458 676 4539 usucapionem.
695 4463 836 4527 Primarii
858 4465 954 4539 igitur
968 4482 1034 4525 mo·
1067 4458 1143 4523 llis.
1167 4460 1239 4525 Alia
1259 4466 1342 4524 enim
1367 4482 1483 4531 natura
1500 4463 1555 4528 l'ua
1582 4465 1653 4528 sunt
1682 4459 1774 4539 lerae,
1800 4478 1837 4528 ut

260 4542 294 4608 di
318 4538 495 4620 acquirendi
519 4542 687 4604 dominium
709 4540 780 4606 lunt
808 4560 837 4607 a.
864 4562 915 4620 per
941 4562 1034 4606 occu·
1066 4543 1152 4604 cervi
1168 4588 1175 4617 ,
1191 4539 1383 4616 repensare.
1405 4544 1465 4607 alia
1483 4539 1662 4625 mansueta,
1681 4541 1716 4607 dt
1731 4543 1838 4607 dome-

264 4626 440 4702 pationem,
462 4639 491 4682 ι.
513 4625 817 4699 perimentium,
837 4634 867 4701 3.
885 4642 1032 4699 perprae·
1067 4617 1169 4696 lliea„
1187 4637 1325 4697 utover,
1343 4621 1494 4701 galline,
1544 4622 1578 4691 d
1610 4621 1729 4703 boves,
1750 4617 1838 4688 anse-

262 4702 477 4781 lctiptionem.
500 4702 565 4766 Alii
582 4702 755 4766 etiamlunt
775 4703 856 4766 modi
874 4704 1033 4779 acquiren·
1067 4697 1218 4792 rem-&e
1241 4700 1303 4765 alia
1321 4720 1362 4765 ex
1381 4698 1454 4766 seris
1483 4642 1570 4771 fga·
1669 4698 1773 4781 stica,
1799 4716 1838 4766 ut

262 4782 295 4847 di
318 4781 472 4860 dominia,
493 4780 529 4847 dt
555 4785 706 4859 ptaecipne
725 4801 777 4858 per
796 4782 1033 4848 translationem
1065 4777 1228 4844 corridet.
1250 4778 1308 4842 alia
1324 4800 1366 4845 err
1387 4781 1555 4849 domellieit
1684 4780 1779 4858 ferae,
1798 4796 1835 4845 ut

244 4882 304 4926 ἰιι
330 4860 521 4927 dominorum
550 4859 727 4938 consensu,
758 4877 795 4928 ιιι
827 4859 1033 4939 contradus,
1065 4879 1272 4936 caprae,quae
1292 4857 1364 4926 lerae
1385 4861 1541 4928 evadunt.

262 4943 457 5020 emptiones,
477 4943 678 5016 donationes,
697 4940 758 5005 &n
778 4940 816 5004 de
835 4940 941 5018 quibus
971 4944 1032 5006 iam
1105 4939 1261 5012 Animalia
1282 4941 1468 5008 naturaliter
1483 4937 1642 5008 mansueta
1681 4940 1715 5008 ἀ
1731 4935 1835 5004 dome·

263 5021 355 5086 iuxta
368 5039 482 5109 eorum
501 5022 639 5086 ordinem
658 5020 799 5085 suoloco
813 5020 1009 5089 differemus.
1066 5017 1163 5095 llice,
1186 5034 1221 5083 ut
1241 5038 1341 5110 oves,
1358 5018 1472 5094 boves,
1491 5023 1583 5102 equi,
1601 4988 1747 5102 pallinae,
1771 5017 1836 5089 &cr

340 5098 436 5184 lustri.
456 5099 552 5173 rimi.
573 5100 681 5168 trioni.
700 5100 789 5166 Tom.
806 5093 860 5165 lll.
1189 5122 1193 5126 ·
1454 5097 1481 5163 B
1520 5115 1538 5182 3
1699 5119 1796 5178 quan·
