4425 6000
550 532 726 605 Trana.
748 552 810 602 uu
837 530 1096 615 Praemia
1126 533 1352 609 Dacaaoor
1384 534 1488 605 Cra.
1515 537 1560 622 Υ.

269 632 369 699 miodo
393 627 509 709 poliunt
523 675 540 692 ,.
567 652 596 707 24·
616 630 680 706 Qu
705 628 806 693 elerici
834 647 896 691 non
925 624 1040 695 suerint
1075 636 1162 700 cuiue
1175 631 1276 714 Bulla
1291 631 1368 695 nibil
1390 632 1569 710 derogatum
1582 634 1628 699 ess
1646 638 1676 698 in
1691 634 1750 700 bac
1774 659 1840 713 par·

277 719 375 777 etiam
406 710 661 790 irregularitatem
683 708 897 771 contrahunt.
927 727 957 783 ς.
978 708 1040 772 Ex·
1070 734 1107 778 ¹te
1132 732 1150 776 a
1173 710 1321 791 Gregorio
1345 710 1430 775 xlv.
1456 731 1483 771 a.
1506 712 1612 795 litii,
1638 720 1689 793 qui
1711 715 1839 782 aborum

271 794 449 857 tenduntur
468 791 583 854 eaedem
599 809 697 867 poeuae
716 790 752 850 ad
769 809 841 865 eos,
861 788 914 863 qui
931 784 1040 849 slerili·
1077 794 1188 857 volunt
1209 790 1304 856 solum
1333 794 1599 872 interpretative,
1623 813 1660 860 nt
1675 793 1695 857 fi
1710 797 1777 873 quic
1805 817 1839 859 a·

279 876 354 935 tatis
375 874 514 946 potiones
533 872 721 946 propinarint
732 914 740 941 ‚
753 867 790 931 dt
807 870 966 943 quominus
982 865 1041 931 sce·
1071 879 1155 936 erius
1167 890 1386 951 ,pagoarrtem
1404 872 1600 951 verberaret,
1620 875 1838 954 simulierpra

274 970 331 1016 tus
366 955 580 1024 conciperetur
610 947 857 1025 impedimentum
892 944 1040 1032 praessite·
1071 954 1148 1017 aida
1167 953 1369 1018 immoderate
1390 950 1480 1015 saltet
1517 951 1681 1031 srexperta
1702 954 1730 1017 se
1752 956 1840 1033 abor·

273 1035 362 1097 rint,
385 1028 448 1091 live
463 1048 649 1105 quocumque
669 1027 758 1090 modo
774 1030 806 1089 in
823 1026 868 1089 ltit
883 1026 1039 1089 consulue-
1072 1051 1144 1097 tum
1175 1028 1276 1095 facere
1297 1080 1307 1108 ,
1332 1033 1453 1108 qarando
1481 1000 1541 1095 sert
1568 1053 1647 1098 onus
1671 1055 1783 1112 grave,
1801 1031 1839 1097 ab

247 1187 249 1191 Α
278 1115 361 1186 rint,
388 1129 424 1171 ac
445 1108 483 1171 ad
502 1111 643 1172 mulieres
660 1104 755 1184 ipsas,
775 1126 844 1183 quae
865 1105 970 1169 eadem
988 1126 1040 1181 po·
1071 1113 1131 1175 illo
1147 1111 1296 1187 portando
1312 1133 1374 1174 non
1395 1114 1425 1174 le
1442 1110 1607 1189 abstineat,
1627 1114 1681 1176 nili
1704 1113 1762 1177 boc
1787 1117 1837 1174 in·

274 1190 347 1255 cula
366 1185 497 1251 scienter
517 1210 554 1253 ac
570 1182 677 1264 sponte
703 1184 900 1262 sermpserlnt.
923 1187 952 1246 6.
978 1186 1040 1248 Ex·
1072 1192 1272 1255 advertenter
1299 1188 1392 1255 stciat
1411 1236 1421 1267 ,
1438 1211 1499 1267 quo
1522 1195 1555 1253 ira
1579 1191 1651 1257 casu
1669 1194 1744 1258 licet
1772 1211 1835 1256 non

231 1278 235 1288 '
267 1271 519 1334 ¹communicatio
535 1266 899 1332 obabortomcootracla
915 1262 969 1327 soli
990 1285 1040 1329 re·
1075 1268 1162 1348 possit
1190 1272 1251 1333 esse
1274 1270 1370 1351 libera
1390 1291 1408 1334 a
1426 1271 1546 1348 culpa,
1570 1274 1692 1337 videtur
1708 1292 1769 1336 non
1790 1276 1837 1333 in·

274 1347 418 1413 servatur
443 1347 584 1411 Romano
604 1345 744 1411 Pontisici
775 1365 978 1423 praeterquam
1007 1348 1039 1409 in
1073 1371 1195 1414 currere
1217 1353 1344 1427 poeoam·
1361 1354 1715 1417 excommunicationis.
1742 1348 1863 1416 Ulte·'

278 1427 410 1491 articulo
438 1432 569 1491 mortis.
590 1445 618 1506 7.
648 1424 683 1487 Ei
715 1445 834 1504 quoque
866 1420 1049 1490 reservatur
1074 1432 1279 1495 rius·aburtus
1296 1433 1418 1508 quivit,
1439 1428 1533 1493 saliat
1551 1449 1661 1505 praeter
1686 1436 1836 1495 intentio·

267 1504 460 1582 -dispensatio
478 1508 513 1570 ab
530 1505 757 1584 irregularitate
771 1504 928 1572 contraiit
945 1524 962 1566 a
983 1508 1037 1569 cle·
1072 1530 1161 1586 nem,
1182 1511 1216 1574 dc
1235 1532 1274 1574 err
1295 1507 1442 1573 industria
1460 1509 1602 1586 quaelitua
1625 1532 1687 1575 non
1708 1512 1763 1588 srt,
1782 1529 1835 1573 ex·

275 1583 368 1664 rici'c,
388 1589 439 1662 mii
467 1583 614 1650 eiusmodi
640 1585 744 1649 delida
768 1587 1040 1663 perpetraverint,
1073 1589 1197 1652 cusator
1218 1611 1236 1653 a
1255 1585 1400 1662 censura,
1421 1606 1488 1665 quae
1509 1592 1634 1665 proinde
1656 1612 1715 1655 non
1732 1595 1833 1653 incut-
1954 1664 1958 1672 Ι

267 1662 393 1729 etiamst
414 1669 528 1729 crimen
546 1685 652 1729 eorum
668 1665 826 1729 occultum
846 1665 900 1729 srt.
1064 1672 1172 1747 titur,
1193 1669 1264 1733 licet
1281 1672 1455 1747 ignorantia
1475 1666 1511 1730 lit
1537 1670 1713 1745 vincibilis,
1743 1670 1835 1731 modo

317 1746 387 1817 Duo
402 1764 504 1809 tamen
530 1746 577 1808 hic
603 1745 737 1809 notanda
752 1743 823 1809 lunt
841 1765 872 1808 a.
891 1744 1040 1821 privatio·
1072 1766 1137 1811 non
1153 1748 1188 1810 sit
1204 1748 1318 1824 crassa,
1336 1747 1463 1823 supina,
1480 1768 1536 1811 aut
1554 1746 1715 1812 affeslata.
1739 1748 1772 1809 lu
1788 1748 1833 1808 hie

267 1845 346 1890 >nem
365 1825 582 1889 beneficiorum
605 1843 622 1887 a
646 1824 735 1887 Sixto
754 1823 793 1885 V..
811 1823 957 1889 statutam
976 1843 1039 1885 non
1072 1843 1177 1890 tameo
1208 1826 1241 1891 ὰ
1266 1825 1409 1889 similibus
1436 1825 1550 1890 casibus
1579 1828 1711 1891 securius
1735 1825 1835 1890 estut

276 1905 387 1969 habere
412 1905 510 1968 locum
531 1902 587 1967 nisa
608 1902 674 1981 poll
700 1903 803 1966 iudicia
829 1901 1039 1978 sententiam,
1065 1904 1179 1968 ‘saltem
1195 1908 1232 1969 ad
1247 1907 1403 1970 cautelam
1429 1903 1609 1970 Confessam
1623 1924 1732 1973 curent
1755 1906 1833 1968 tales

271 1983 311 2049 dc
327 1983 383 2047 nisi
403 1986 578 2058 procuratio
600 1986 722 2046 abortus
744 1982 781 2047 srt
804 1980 888 2045 simul
914 1984 1038 2058 parrici-
1073 1988 1176 2061 person
1219 1983 1334 2050 absolvi
1352 1982 1530 2067 acensuta,
1552 1984 1585 2049 dt
1607 1984 1644 2049 ab
1660 1985 1832 2063 irregulari·

273 2068 385 2127 dium.
415 2082 445 2124 2.
477 2059 651 2127 Praedislam
679 2062 759 2125 Sixti
783 2063 821 2123 V.
838 2060 1036 2125 Decretalem
1073 2082 1138 2128 tate
1158 2065 1188 2128 di
1206 2066 1339 2141 pensari,
1360 2064 1526 2142 ptaelertim
1541 2086 1613 2128 cum
1632 2065 1777 2139 abortus,
1795 2063 1834 2127 de

272 2142 463 2205 moderatam
488 2139 573 2203 fuisse
594 2140 630 2203 ab
650 2145 715 2205 eius
738 2142 903 2205 successore
923 2141 1037 2216 Grego·
1071 2143 1320 2221 praeloquimur,
1342 2144 1452 2208 habeat
1474 2147 1627 2208 rationem
1646 2148 1715 2208 veri
1736 2146 1837 2210 inmi·
1904 2207 1907 2214 .

272 2225 322 2285 tio
342 2221 426 2283 XlV.
447 2223 480 2283 in
496 2216 628 2283 eiusdem
645 2218 755 2296 Bulla,
774 2241 841 2297 quaa
859 2223 965 2295 incipit
985 2223 1036 2282 Se·
1071 2225 1141 2287 cidii
1154 2272 1165 2300 ,
1178 2223 1217 2288 dc
1234 2225 1397 2289 bornrcidio
1412 2218 1508 2288 etiam
1527 2220 1641 2289 casuali
1662 2226 1762 2288 mixto
1781 2223 1834 2286 ad·

262 2300 342 2376 des,
360 2318 511 2376 quatenus
537 2302 588 2375 qui
615 2300 755 2364 abortum
782 2304 989 2377 procuravit,
1018 2319 1036 2363 a
1071 2324 1150 2367 nexa
1170 2302 1455 2384 sirirreguiariear..

272 2397 400 2457 peccato
422 2379 455 2442 &
475 2384 793 2444 excommunicatione
808 2379 967 2443 contradit
985 2377 1035 2441 ab·

271 2458 356 2602 {olivi
376 2457 464 2534 possit
484 2460 663 2601 aunolibet
680 2456 959 2601 {Egrssse‘sllffioltam
982 2455 1034 2522 sae·
1370 2469 1408 2526 ’4.
1458 2460 1520 2523 Vl.

265 2582 267 2585 -
327 2558 368 2600 arr
408 2557 478 2601 uam
528 2557 678 2601 euarra
755 2561 817 2599 nr
858 2557 1076 2608 erumeonr
1497 2576 1504 2589 ·
1701 2575 1706 2585 ·

271 2558 415 2692 semona
434 2560 625 2692 excipiegndas
644 2666 653 2695 ,
674 2618 708 2682 ἃ
731 2616 776 2679 ad,
793 2618 847 2681 hos
862 2621 946 2703 mus
969 2617 1034 2694 spe·
1114 2582 1164 2643 De
1183 2575 1339 2643 homicidio
1352 2576 1434 2659 fallo
1453 2589 1577 2657 priuata
1595 2579 1782 2642 auilorrsate.

270 2695 392 2759 cialiter
408 2696 447 2760 ab
457 2697 626 2761 ‘Ordinatio
646 2699 815 2774 deputato.
832 2696 927 2760 'Unde
947 2714 1034 2760 tenet
1107 2690 1262 2757 Hactenus
1277 2697 1391 2772 egimus
1400 2692 1437 2757 de
1454 2689 1615 2756 homicidio
1624 2689 1702 2757 sacto
1712 2691 1834 2771 publica

271 2773 293 2837 S
318 2776 396 2839 lviur
419 2822 428 2852 ,
458 2774 620 2839 habentem
649 2779 820 2854 getreralem
854 2775 1034 2839 facultatem
1070 2772 1274 2835 audioritate:
1295 2794 1376 2836 nunc
1388 2774 1537 2849 agendum
1553 2771 1588 2833 de
1610 2773 1770 2835 homicidio
1789 2773 1833 2835 al·

313 2852 447 2918 solvendi
475 2854 622 2919 acasibus
646 2854 708 2931 ,bt
731 2853 864 2917 censuris
889 2853 1034 2931 Episcopo
1071 2856 1164 2914 terius
1190 2847 1268 2915 sasso
1300 2852 1481 2917 audieritate
1514 2853 1667 2927 privata,¹
1694 2849 1729 2915 dt
1760 2871 1830 2914 curu

249 2987 251 2989 ,
271 2932 436 2998 reservatis
452 2954 513 2998 uon
535 2935 615 3012 posse
635 2933 745 2999 abhoc
764 2933 836 2998 casu
856 2932 1013 2998 absolvere
1025 2979 1033 3010 ,
1070 2930 1171 3009 plures
1189 2927 1248 2994 srnt
1269 2934 1380 2996 causl'ae
1402 2932 1553 2994 homicidii
1582 2930 1636 2993 tali
1657 2931 1746 2995 modo
1764 2950 1831 3006 pere

263 3034 341 3077 >cum
362 3011 502 3078 Pontifex
517 3020 671 3090 requirat,
689 3033 725 3079 ut
743 3012 947 3078 wiladus
968 3010 1030 3088 spe·
1070 3009 1255 3087 perram&
1275 3033 1315 3076 ex
1336 3013 1383 3076 laia
1404 3014 1474 3077 aliae
1494 3060 1503 3089 ,
1527 3030 1594 3086 quar
1616 3007 1712 3084 ipsum
1739 3011 1831 3073 coho·

264 3093 393 3158 cialiter
415 3095 451 3157 ad
468 3093 523 3157 laos
536 3095 621 3158 casus
637 3093 673 3159 srt
692 3096 856 3171 deputatus
877 3139 885 3155 .
911 3092 1043 3160 Nihilo·¹
1070 3090 1186 3153 neslare
1202 3094 1347 3156 videntur
1361 3139 1371 3169 ,
1383 3090 1454 3155 binc
1474 3091 1603 3167 singulas
1620 3088 1754 3152 dillinsle
1777 3109 1832 3153 et·

272 3177 374 3235 minus
391 3191 494 3238 tamen
511 3172 694 3238 consulenda
717 3173 786 3240 sunt
804 3171 1032 3250 uniuscuiusque
1070 3168 1271 3250 psiathium,
1290 3189 1324 3236 aa
1346 3191 1397 3236 res
1424 3191 1481 3248 pro
1504 3172 1759 3235 conscientiarun
1782 3187 1831 3232 re-

258 3251 417 3339 ·'Dioecesrs
437 3252 571 3330 statuta,
595 3252 629 3318 bc
653 3254 858 3320 consuetudo.
880 3253 958 3317 Cum
978 3273 1032 3316 au·
1068 3250 1138 3328 pule
1153 3252 1322 3315 eomlinri
1339 3251 1429 3315 modo
1447 3271 1508 3326 quo
1531 3247 1599 3313 fieri
1622 3246 1831 3325 poreii,e1u·

265 3347 336 3394 tem
355 3330 519 3410 Gregorius
539 3335 678 3399 laudatus
699 3338 832 3411 requirat
850 3331 1031 3398 facultatem
1068 3330 1207 3394 eidetur.
1291 3409 1293 3412 .
1653 3409 1660 3421 .
1820 3406 1828 3420 Ο

268 3408 491 3476 abOrdinario
510 3413 676 3476 concessam
700 3414 736 3477 ad
749 3412 920 3477 ¹huiusmodi
952 3413 1032 3492 rela-
1107 3410 1242 3475 Notat.
1268 3409 1489 3488 homicidium,
1516 3407 1594 3486 quod
1617 3422 1737 3483 privata
1761 3403 1827 3468 fieri

271 3491 404 3552 arandum
425 3489 579 3567 delisium‚
602 3490 635 3556 dt
654 3494 818 3568 censuras,
834 3513 894 3555 oon
916 3488 1030 3555 suffice·
1068 3487 1166 3566 potell
1183 3488 1387 3568 fflorita'te,
1406 3488 1478 3554 idest
1500 3488 1740 3567 independenter
1759 3484 1831 3548 ale·

270 3585 320 3631 ret
341 3570 499 3644 deputatio
514 3571 712 3641 Prouincialis
732 3569 788 3633 nisi
804 3570 945 3646 respectuv
964 3564 1031 3633 ltro·
1066 3573 1173 3646 gitima
1203 3570 1310 3633 iudicia
1338 3569 1520 3645 poteslate,
1548 3570 1600 3631 vel
1631 3566 1829 3651 necessarium

269 3668 359 3723 rum,
379 3653 429 3723 qui
446 3667 515 3725 erga
537 3647 609 3722 hoe,
626 3668 686 3710 non
702 3668 773 3726 erga
805 3646 963 3731 saeculares
986 3645 1029 3709 eii
1066 3646 1146 3724 esse,
1162 3665 1236 3726 puta
1252 3652 1407 3730 cumquis
1426 3648 1570 3721 occidat,
1588 3665 1623 3710 ut
1649 3643 1755 3706 liberet
1781 3656 1828 3706 le·

267 3725 465 3790 ordinarius.
496 3725 573 3788 ltem
598 3727 731 3789 limitata
751 3724 794 3789 est
809 3727 915 3790 eadem
941 3727 1030 3805 Syxti
1068 3727 1179 3802 ipsum,
1199 3726 1511 3790 ac'Communitatem
1533 3748 1550 3789 a
1567 3726 1654 3805 gravi
1671 3741 1773 3797 noxa,
1795 3742 1824 3783 v.

266 3803 460 3868 Conslitutio
480 3852 491 3884 ,
510 3805 545 3871 ἁ
567 3805 605 3869 ad
631 3809 777 3868 terminos
799 3806 872 3867 iuris
896 3806 1043 3869 commu
1066 3827 1093 3884 g.
1108 3803 1135 3867 vfi
1158 3805 1276 3868 occidat
1297 3824 1489 3886 tyrannum,
1510 3803 1561 3868 vel
1584 3826 1623 3868 ne
1642 3801 1828 3878 occidatur,

267 3886 319 3945 nia
350 3882 465 3947 redasla
489 3884 588 3961 quoad
614 3906 687 3963 eor,
707 3882 875 3961 quafoetus
902 3886 1029 3946 animati
1066 3884 1118 3949 vel
1139 3884 1368 3961 voluntarium,
1384 3906 1452 3947 curn
1467 3888 1531 3958 quis
1547 3885 1679 3958 occidit,
1694 3884 1828 3964 qoiaoor

266 3959 412 4024 abortum
432 3981 620 4042 procurant,
643 3985 697 4030 aut
719 3963 895 4028 mulieribus
920 3961 1029 4025 llerilir
1064 3963 1165 4028 cidere
1186 3962 1276 4038 vult,
1302 3961 1352 4028 seu
1377 3982 1507 4026 mortem
1523 3964 1647 4031 alteriue
1671 3964 1702 4024 in
1731 3957 1827 4039 seipsa

267 4043 343 4104 tatis
360 4060 479 4105 venena
495 4044 685 4121 ministrant,
707 4063 762 4109 aut
776 4041 956 4117 consilium,
976 4041 1029 4106 vel
1066 4043 1163 4119 velit,
1184 4040 1323 4106 leucam
1343 4043 1421 4106 velit
1443 4045 1473 4104 in
1491 4044 1607 4119 caussa,
1628 4062 1695 4120 quae
1712 4039 1751 4103 ab
1772 4060 1826 4104 ea·

266 4119 417 4205 auxilium
450 4123 485 4186 ad
515 4125 571 4189 hoc
595 4125 853 4200 ptaebent,unde
873 4121 915 4183 ·hi
940 4120 1028 4185 hodie
1064 4122 1133 4186 dem
1148 4141 1248 4187 morte
1264 4121 1300 4186 srt
1317 4119 1434 4199 prorsus
1456 4120 1678 4198 inseparabilis,
1701 4119 1751 4183 vel
1775 4139 1827 4183 ca·

265 4218 331 4262 uon
362 4197 515 4266 subiacent
540 4205 876 4277 excommunicationi,
905 4221 959 4262 uec
982 4218 1028 4262 et·
1065 4201 1173 4280 l'uale,
1200 4201 1234 4266 ἀ
1258 4202 1314 4265 hoc
1343 4203 1453 4277 duplex
1479 4199 1547 4279 est,
1576 4220 1683 4275 nempe
1707 4198 1828 4263 casuale

266 4279 330 4341 iam
347 4278 522 4346 iudicandus
542 4283 585 4346 est
612 4285 780 4363 irregularis
808 4279 861 4344 nisr
892 4282 944 4355 qui
966 4282 1028 4342 iam
1064 4281 1187 4357 simplex
1209 4329 1218 4356 ,
1239 4282 1317 4354 quod
1345 4284 1498 4358 contingit
1531 4300 1643 4358 prater
1678 4281 1827 4339 intentio·

266 4355 400 4420 lbrmato
414 4365 595 4438 puerperio,
616 4362 669 4426 seu
687 4361 767 4429 soetu
788 4362 929 4426 abortum
958 4379 1027 4437 pto·
1063 4380 1134 4423 nem
1151 4365 1265 4438 agentis
1282 4381 1322 4425 ex
1338 4362 1474 4438 atiione,
1489 4381 1529 4423 ex
1545 4382 1605 4437 qua
1634 4380 1690 4421 nec
1715 4359 1827 4432 ptaevi·

266 4457 375 4514 curat,
398 4441 487 4513 aits.
509 4440 648 4505 Thomas
665 4445 696 4506 iu
713 4466 741 4525 a.
761 4441 883 4520 distinc‘l.
904 4454 951 4516 31.
1061 4439 1221 4515 debatur,
1244 4459 1300 4501 nec
1324 4439 1483 4523 moraliter
1509 4439 1670 4515 praevideri
1702 4452 1823 4513 poterat

225 4549 235 4562 ·
306 4515 496 4593 sopradieias
517 4540 623 4597 peenas
643 4523 805 4585 incurrunt
825 4540 849 4581 r.
871 4522 923 4595 qui
942 4517 1027 4580 abor·
1064 4517 1256 4602 secuturum,
1275 4516 1308 4581 ἀ
1333 4517 1454 4582 casuale
1479 4523 1633 4598 mixtum,
1660 4514 1738 4594 quod
1756 4518 1823 4590 quir

220 4585 242 4686 f,
265 4609 334 4659 tum
359 4597 468 4661 diredle
492 4601 658 4672 intendunt
674 4649 682 4678 ,
700 4623 734 4665 ac
758 4604 784 4662 ei
804 4616 1026 4674 cooperantur,
1063 4601 1158 4674 reipsa
1179 4618 1243 4659 non
1263 4597 1415 4670 intendit,
1435 4598 1483 4660 sed
1505 4593 1673 4675 prividere
1693 4601 1822 4674 potuit,

221 4715 241 4750 ,.
266 4671 319 4738 seu
336 4677 585 4756 percussionibus,
605 4685 752 4759 venenis,
773 4680 956 4755 pharmacis,
978 4698 1026 4753 po
1063 4700 1096 4743 ac
1120 4675 1243 4747 proinde
1264 4676 1425 4752 impedire.

221 4757 430 4835 rationibus,
458 4759 600 4823 oneribus
629 4807 638 4837 ,
672 4755 878 4837 laboribusque
906 4758 1026 4821 mulieri
1101 4756 1309 4820 Homicidium
1339 4754 1516 4835 simpliciter
1540 4755 1683 4832 casuale,
1709 4772 1820 4832 utpote
1844 4785 1964 4838 Hm„

262 4842 440 4979 fraegnanu
462 4839 626 4917 impolitis,
649 4839 700 4904 seu
715 4859 822 4919 opem,
841 4836 1026 4915 consillum,
1063 4837 1331 4911 involuntarium,
1360 4840 1565 4901 communiter
1592 4842 1652 4899 iam
1683 4854 1769 4913 patet
1801 4853 1947 4923 eumn·-

278 4935 403 4980 avorem
423 4915 553 4982 scienter
572 4919 670 4984 dando
690 4970 698 4997 ‚
720 4941 754 4984 ac
775 4923 870 4982 etiam
900 4915 1027 4980 scriben·
1061 4920 1151 4996 culpa
1171 4913 1424 4991 excusam-‘unde
1441 4915 1593 4980 homicidii
1611 4935 1678 4979 reus
1693 4911 1963 4977 censen-fimr11‘2·

259 4995 304 5060 do
323 4996 447 5073 literas,
469 4999 582 5075 verbis,
606 5018 659 5064 aut
680 5000 786 5080 signis,
806 5000 859 5062 vel
880 4996 945 5062 alio
961 5016 1025 5058 mo·
1061 5001 1115 5062 dus
1131 5015 1190 5059 non
1209 4991 1304 5065 esta.
1326 4999 1389 5084 qui,
1401 4995 1624 5071 inculpabiliter
1639 4993 1737 5059 ebrius
1760 4991 1817 5084 ali·
1837 4990 1932 5089 ³²:¹⁶⁸·
1999 5020 2003 5027 ·

256 5074 300 5142 do
320 5078 477 5156 iuvando,
496 5079 773 5148 velconlulendo.
796 5075 965 5160 SicSyslut
985 5076 1024 5140 V.
1060 5074 1302 5156 quem-occidit,
1323 5076 1384 5140 imo
1399 5094 1439 5195 ne
1458 5073 1579 5150 quidem
1594 5076 1645 5150 qui
1661 5071 1817 5149 culpabili·
1832 5071 1965 5216 „255
2041 5098 2046 5109 ·

309 5212 315 5223 ,
376 5219 380 5227 .
818 5189 842 5215 χ
1443 5194 1451 5202 -
1731 5169 1778 5214 ter
1834 5181 1849 5217 a
1912 5178 1958 5227 pa.
