<?xml version="1.0" encoding="UTF-8"?>
<!DOCTYPE html PUBLIC "-//W3C//DTD XHTML 1.0 Transitional//EN"
    "http://www.w3.org/TR/xhtml1/DTD/xhtml1-transitional.dtd">
<html xmlns="http://www.w3.org/1999/xhtml" xml:lang="en" lang="en">
 <head>
  <title>
</title>
<meta http-equiv="Content-Type" content="text/html;charset=utf-8" />
  <meta name='ocr-system' content='tesseract 3.04.00' />
  <meta name='ocr-capabilities' content='ocr_page ocr_carea ocr_par ocr_line ocrx_word'/>
</head>
<body>
  <div class='ocr_page' id='page_1' title='image "./institutionesth00boragoog_0229.png"; bbox 0 0 4425 6000; ppageno 0'>
   <div class='ocr_carea' id='block_1_1' title="bbox 612 539 1771 645">
    <p class='ocr_par' dir='ltr' id='par_1_1' title="bbox 612 539 1771 645">
     <span class='ocr_line' id='line_1_1' title="bbox 612 539 1771 645; baseline -0.001 -22"><span class='ocrx_word' id='word_1_1' title='bbox 612 539 1496 623; x_wconf 74' lang='lat' dir='ltr'>Tracr.uaCortrnaer.Gna.ll1.</span> <span class='ocrx_word' id='word_1_2' title='bbox 1690 543 1771 645; x_wconf 66' lang='lat' dir='ltr'>arg</span> 
     </span>
    </p>
   </div>
   <div class='ocr_carea' id='block_1_2' title="bbox 249 637 1918 809">
    <p class='ocr_par' dir='ltr' id='par_1_2' title="bbox 249 637 1918 809">
     <span class='ocr_line' id='line_1_2' title="bbox 249 637 1918 734; baseline -0.003 -17"><span class='ocrx_word' id='word_1_3' title='bbox 249 637 390 734; x_wconf 71' lang='lat' dir='ltr'>speciem</span> <span class='ocrx_word' id='word_1_4' title='bbox 402 648 612 716; x_wconf 73' lang='lat' dir='ltr'>contritum</span> <span class='ocrx_word' id='word_1_5' title='bbox 631 698 640 726; x_wconf 87' lang='lat'>,</span> <span class='ocrx_word' id='word_1_6' title='bbox 671 648 719 713; x_wconf 85' lang='lat' dir='ltr'>sed</span> <span class='ocrx_word' id='word_1_7' title='bbox 734 647 910 712; x_wconf 87' lang='lat' dir='ltr'>eorumdem</span> <span class='ocrx_word' id='word_1_8' title='bbox 924 667 1025 712; x_wconf 83' lang='lat' dir='ltr'>mora·</span> <span class='ocrx_word' id='word_1_9' title='bbox 1060 643 1148 722; x_wconf 85' lang='lat' dir='ltr'>supra</span> <span class='ocrx_word' id='word_1_10' title='bbox 1168 642 1281 709; x_wconf 83' lang='lat' dir='ltr'>sortem</span> <span class='ocrx_word' id='word_1_11' title='bbox 1296 649 1406 727; x_wconf 79' lang='lat' dir='ltr'>recipit</span> <span class='ocrx_word' id='word_1_12' title='bbox 1427 641 1551 725; x_wconf 77' lang='lat' dir='ltr'>praecise</span> <span class='ocrx_word' id='word_1_13' title='bbox 1571 646 1694 710; x_wconf 85' lang='lat' dir='ltr'>ratione</span> <span class='ocrx_word' id='word_1_14' title='bbox 1710 639 1825 713; x_wconf 60' lang='lat' dir='ltr'>aureli·</span> <span class='ocrx_word' id='word_1_15' title='bbox 1911 645 1918 699; x_wconf 85' lang='lat'>-·&#39;</span> 
     </span>
     <span class='ocr_line' id='line_1_3' title="bbox 257 723 1827 809; baseline -0.008 -11"><span class='ocrx_word' id='word_1_16' title='bbox 257 735 384 798; x_wconf 85' lang='lat' dir='ltr'>iitatem</span> <span class='ocrx_word' id='word_1_17' title='bbox 401 779 410 809; x_wconf 90' lang='lat'>,</span> <span class='ocrx_word' id='word_1_18' title='bbox 434 730 484 796; x_wconf 88' lang='lat' dir='ltr'>seu</span> <span class='ocrx_word' id='word_1_19' title='bbox 504 729 651 793; x_wconf 82' lang='lat' dir='ltr'>iuslitiam</span> <span class='ocrx_word' id='word_1_20' title='bbox 672 731 723 794; x_wconf 89' lang='lat' dir='ltr'>vel</span> <span class='ocrx_word' id='word_1_21' title='bbox 750 728 954 803; x_wconf 83' lang='lat' dir='ltr'>iniustitiam,</span> <span class='ocrx_word' id='word_1_22' title='bbox 977 728 1026 790; x_wconf 87' lang='lat' dir='ltr'>de·</span> <span class='ocrx_word' id='word_1_23' title='bbox 1059 727 1206 790; x_wconf 80' lang='lat' dir='ltr'>rationis.</span> <span class='ocrx_word' id='word_1_24' title='bbox 1222 725 1387 792; x_wconf 81' lang='lat' dir='ltr'>Usurariur</span> <span class='ocrx_word' id='word_1_25' title='bbox 1405 727 1482 793; x_wconf 82' lang='lat' dir='ltr'>esset</span> <span class='ocrx_word' id='word_1_26' title='bbox 1497 732 1529 790; x_wconf 92' lang='lat' dir='ltr'>in</span> <span class='ocrx_word' id='word_1_27' title='bbox 1542 723 1736 804; x_wconf 78' lang='lat' dir='ltr'>primocasu;</span> <span class='ocrx_word' id='word_1_28' title='bbox 1753 728 1827 804; x_wconf 68' lang='lat' dir='ltr'>quia</span> 
     </span>
    </p>
   </div>
   <div class='ocr_carea' id='block_1_3' title="bbox 258 805 1920 887">
    <p class='ocr_par' dir='ltr' id='par_1_3' title="bbox 258 805 1920 887">
     <span class='ocr_line' id='line_1_4' title="bbox 258 805 1920 887; baseline -0.004 -10"><span class='ocrx_word' id='word_1_29' title='bbox 258 811 382 877; x_wconf 72' lang='lat' dir='ltr'>linire?</span> <span class='ocrx_word' id='word_1_30' title='bbox 414 810 503 874; x_wconf 88' lang='lat' dir='ltr'>Unde</span> <span class='ocrx_word' id='word_1_31' title='bbox 522 809 543 872; x_wconf 83' lang='lat' dir='ltr'>sl</span> <span class='ocrx_word' id='word_1_32' title='bbox 564 815 594 874; x_wconf 86' lang='lat' dir='ltr'>in</span> <span class='ocrx_word' id='word_1_33' title='bbox 617 809 746 875; x_wconf 82' lang='lat' dir='ltr'>secundo</span> <span class='ocrx_word' id='word_1_34' title='bbox 767 809 836 872; x_wconf 87' lang='lat' dir='ltr'>casu</span> <span class='ocrx_word' id='word_1_35' title='bbox 856 811 900 870; x_wconf 89' lang='lat' dir='ltr'>ait</span> <span class='ocrx_word' id='word_1_36' title='bbox 920 809 1028 870; x_wconf 87' lang='lat' dir='ltr'>Ponti·</span> <span class='ocrx_word' id='word_1_37' title='bbox 1060 810 1251 873; x_wconf 86' lang='lat' dir='ltr'>mutuatario</span> <span class='ocrx_word' id='word_1_38' title='bbox 1270 810 1401 887; x_wconf 91' lang='lat' dir='ltr'>imponit</span> <span class='ocrx_word' id='word_1_39' title='bbox 1418 829 1496 872; x_wconf 81' lang='lat' dir='ltr'>onus</span> <span class='ocrx_word' id='word_1_40' title='bbox 1517 812 1615 885; x_wconf 88' lang='lat' dir='ltr'>pretio</span> <span class='ocrx_word' id='word_1_41' title='bbox 1633 805 1826 884; x_wconf 71' lang='lat' dir='ltr'>eliimihlle,</span> <span class='ocrx_word' id='word_1_42' title='bbox 1918 817 1920 822; x_wconf 84' lang='lat'>&#39;</span> 
     </span>
    </p>
   </div>
   <div class='ocr_carea' id='block_1_4' title="bbox 257 884 1944 1129">
    <p class='ocr_par' dir='ltr' id='par_1_4' title="bbox 257 884 1944 1129">
     <span class='ocr_line' id='line_1_5' title="bbox 258 884 1827 1028; baseline -0.005 -70"><span class='ocrx_word' id='word_1_43' title='bbox 258 892 316 958; x_wconf 76' lang='lat' dir='ltr'>sex</span> <span class='ocrx_word' id='word_1_44' title='bbox 336 891 389 955; x_wconf 80' lang='lat' dir='ltr'>ille</span> <span class='ocrx_word' id='word_1_45' title='bbox 407 911 591 969; x_wconf 79' lang='lat' dir='ltr'>quoque....</span> <span class='ocrx_word' id='word_1_46' title='bbox 621 903 675 955; x_wconf 83' lang='lat' dir='ltr'>non</span> <span class='ocrx_word' id='word_1_47' title='bbox 691 885 776 952; x_wconf 80' lang='lat' dir='ltr'>debet</span> <span class='ocrx_word' id='word_1_48' title='bbox 803 887 836 950; x_wconf 83' lang='lat' dir='ltr'>in</span> <span class='ocrx_word' id='word_1_49' title='bbox 855 887 905 952; x_wconf 81' lang='lat' dir='ltr'>hot</span> <span class='ocrx_word' id='word_1_50' title='bbox 926 884 1028 965; x_wconf 76' lang='lat' dir='ltr'>usura·</span> <span class='ocrx_word' id='word_1_51' title='bbox 1060 898 1211 1028; x_wconf 45' lang='lat' dir='ltr'>puateuus</span> <span class='ocrx_word' id='word_1_52' title='bbox 1239 908 1309 951; x_wconf 80' lang='lat' dir='ltr'>eum</span> <span class='ocrx_word' id='word_1_53' title='bbox 1339 892 1442 966; x_wconf 84' lang='lat' dir='ltr'>privat</span> <span class='ocrx_word' id='word_1_54' title='bbox 1468 887 1608 952; x_wconf 89' lang='lat' dir='ltr'>libertate</span> <span class='ocrx_word' id='word_1_55' title='bbox 1640 886 1827 952; x_wconf 85' lang='lat' dir='ltr'>assecurandi</span> 
     </span>
     <span class='ocr_line' id='line_1_6' title="bbox 257 960 1944 1050; baseline -0.005 -13"><span class='ocrx_word' id='word_1_56' title='bbox 257 972 327 1037; x_wconf 67' lang='lat' dir='ltr'>tius</span> <span class='ocrx_word' id='word_1_57' title='bbox 348 971 479 1050; x_wconf 81' lang='lat' dir='ltr'>reputari</span> <span class='ocrx_word' id='word_1_58' title='bbox 496 993 506 1047; x_wconf 76' lang='lat'><em>3</em></span> <span class='ocrx_word' id='word_1_59' title='bbox 529 969 685 1047; x_wconf 85' lang='lat' dir='ltr'>perillam</span> <span class='ocrx_word' id='word_1_60' title='bbox 706 967 889 1043; x_wconf 74' lang='lat' dir='ltr'><strong>particulam</strong></span> <span class='ocrx_word' id='word_1_61' title='bbox 904 968 1028 1042; x_wconf 86' lang='lat' dir='ltr'>copula·</span> <span class='ocrx_word' id='word_1_62' title='bbox 1074 984 1174 1031; x_wconf 88' lang='lat' dir='ltr'>ortem</span> <span class='ocrx_word' id='word_1_63' title='bbox 1197 960 1284 1046; x_wconf 81' lang='lat' dir='ltr'>alia,</span> <span class='ocrx_word' id='word_1_64' title='bbox 1307 989 1376 1044; x_wconf 83' lang='lat' dir='ltr'>quae</span> <span class='ocrx_word' id='word_1_65' title='bbox 1403 966 1454 1032; x_wconf 84' lang='lat' dir='ltr'>sibi</span> <span class='ocrx_word' id='word_1_66' title='bbox 1471 989 1518 1032; x_wconf 89' lang='lat' dir='ltr'>ma</span> <span class='ocrx_word' id='word_1_67' title='bbox 1540 972 1563 1032; x_wconf 82' lang='lat' dir='ltr'>ir</span> <span class='ocrx_word' id='word_1_68' title='bbox 1580 969 1728 1044; x_wconf 81' lang='lat' dir='ltr'>placuerit</span> <span class='ocrx_word' id='word_1_69' title='bbox 1744 971 1797 1032; x_wconf 84' lang='lat' dir='ltr'>via</span> <span class='ocrx_word' id='word_1_70' title='bbox 1813 1013 1828 1043; x_wconf 71' lang='grc'>,,</span> <span class='ocrx_word' id='word_1_71' title='bbox 1934 995 1944 1041; x_wconf 74' lang='lat'>¹.</span> 
     </span>
     <span class='ocr_line' id='line_1_7' title="bbox 261 989 1785 1129; baseline -0.005 -12"><span class='ocrx_word' id='word_1_72' title='bbox 261 1057 368 1117; x_wconf 86' lang='lat' dir='ltr'>‘tivam</span> <span class='ocrx_word' id='word_1_73' title='bbox 390 1064 501 1129; x_wconf 75' lang='lat' dir='ltr'>quoque</span> <span class='ocrx_word' id='word_1_74' title='bbox 519 1045 755 1113; x_wconf 76' lang='lat' dir='ltr'>maniseliisfime</span> <span class='ocrx_word' id='word_1_75' title='bbox 774 1048 907 1110; x_wconf 86' lang='lat' dir='ltr'>oliendit</span> <span class='ocrx_word' id='word_1_76' title='bbox 920 1066 983 1108; x_wconf 89' lang='lat' dir='ltr'>rem</span> <span class='ocrx_word' id='word_1_77' title='bbox 1000 1043 1029 1107; x_wconf 89' lang='lat' dir='ltr'>se</span> <span class='ocrx_word' id='word_1_78' title='bbox 1064 1062 1138 1123; x_wconf 83' lang='lat' dir='ltr'>puta</span> <span class='ocrx_word' id='word_1_79' title='bbox 1159 1066 1211 1122; x_wconf 85' lang='lat' dir='ltr'>per</span> <span class='ocrx_word' id='word_1_80' title='bbox 1231 1051 1336 1127; x_wconf 76' lang='lat' dir='ltr'>pignus</span> <span class='ocrx_word' id='word_1_81' title='bbox 1352 1065 1408 1112; x_wconf 90' lang='lat' dir='ltr'>aut</span> <span class='ocrx_word' id='word_1_82' title='bbox 1442 1068 1494 1125; x_wconf 88' lang='lat' dir='ltr'>per</span> <span class='ocrx_word' id='word_1_83' title='bbox 1511 989 1737 1123; x_wconf 62' lang='lat' dir='ltr'>ddeiullorem3</span> <span class='ocrx_word' id='word_1_84' title='bbox 1766 1067 1785 1109; x_wconf 89' lang='lat' dir='ltr'>u</span> 
     </span>
    </p>
   </div>
   <div class='ocr_carea' id='block_1_5' title="bbox 260 1123 1943 1204">
    <p class='ocr_par' dir='ltr' id='par_1_5' title="bbox 260 1123 1943 1204">
     <span class='ocr_line' id='line_1_8' title="bbox 260 1123 1943 1204; baseline -0.004 -9"><span class='ocrx_word' id='word_1_85' title='bbox 260 1131 376 1196; x_wconf 81' lang='lat' dir='ltr'>babere</span> <span class='ocrx_word' id='word_1_86' title='bbox 397 1136 428 1192; x_wconf 89' lang='lat' dir='ltr'>in</span> <span class='ocrx_word' id='word_1_87' title='bbox 450 1132 506 1193; x_wconf 87' lang='lat' dir='ltr'>hoc</span> <span class='ocrx_word' id='word_1_88' title='bbox 521 1129 650 1193; x_wconf 89' lang='lat' dir='ltr'>secundo</span> <span class='ocrx_word' id='word_1_89' title='bbox 663 1127 735 1192; x_wconf 87' lang='lat' dir='ltr'>casu</span> <span class='ocrx_word' id='word_1_90' title='bbox 757 1126 833 1190; x_wconf 87' lang='lat' dir='ltr'>licut</span> <span class='ocrx_word' id='word_1_91' title='bbox 854 1130 885 1187; x_wconf 90' lang='lat' dir='ltr'>in</span> <span class='ocrx_word' id='word_1_92' title='bbox 906 1129 1029 1202; x_wconf 81' lang='lat' dir='ltr'>primo,</span> <span class='ocrx_word' id='word_1_93' title='bbox 1063 1146 1167 1192; x_wconf 80' lang='lat' dir='ltr'>autem</span> <span class='ocrx_word' id='word_1_94' title='bbox 1187 1129 1218 1190; x_wconf 90' lang='lat' dir='ltr'>iu</span> <span class='ocrx_word' id='word_1_95' title='bbox 1239 1124 1370 1192; x_wconf 86' lang='lat' dir='ltr'>secundo</span> <span class='ocrx_word' id='word_1_96' title='bbox 1386 1126 1455 1194; x_wconf 84' lang='lat' dir='ltr'>casu</span> <span class='ocrx_word' id='word_1_97' title='bbox 1467 1145 1478 1204; x_wconf 73' lang='lat'>‚¹</span> <span class='ocrx_word' id='word_1_98' title='bbox 1498 1131 1567 1203; x_wconf 89' lang='lat' dir='ltr'>quia</span> <span class='ocrx_word' id='word_1_99' title='bbox 1587 1126 1763 1203; x_wconf 87' lang='lat' dir='ltr'>illealiquid</span> <span class='ocrx_word' id='word_1_100' title='bbox 1776 1123 1828 1190; x_wconf 90' lang='lat' dir='ltr'>su·</span> <span class='ocrx_word' id='word_1_101' title='bbox 1941 1164 1943 1168; x_wconf 93' lang='lat'>-</span> 
     </span>
    </p>
   </div>
   <div class='ocr_carea' id='block_1_6' title="bbox 224 1201 1925 5261">
    <p class='ocr_par' dir='ltr' id='par_1_6' title="bbox 224 1201 1925 5261">
     <span class='ocr_line' id='line_1_9' title="bbox 263 1201 1830 1287; baseline -0.003 -12"><span class='ocrx_word' id='word_1_102' title='bbox 263 1211 357 1287; x_wconf 82' lang='lat' dir='ltr'>idest,</span> <span class='ocrx_word' id='word_1_103' title='bbox 374 1207 395 1272; x_wconf 81' lang='lat' dir='ltr'>si</span> <span class='ocrx_word' id='word_1_104' title='bbox 412 1231 473 1274; x_wconf 88' lang='lat' dir='ltr'>uon</span> <span class='ocrx_word' id='word_1_105' title='bbox 494 1208 535 1271; x_wconf 89' lang='lat' dir='ltr'>eli</span> <span class='ocrx_word' id='word_1_106' title='bbox 558 1207 646 1273; x_wconf 86' lang='lat' dir='ltr'>usura</span> <span class='ocrx_word' id='word_1_107' title='bbox 664 1211 694 1270; x_wconf 92' lang='lat' dir='ltr'>in</span> <span class='ocrx_word' id='word_1_108' title='bbox 716 1207 773 1269; x_wconf 89' lang='lat' dir='ltr'>hoe</span> <span class='ocrx_word' id='word_1_109' title='bbox 794 1205 925 1269; x_wconf 87' lang='lat' dir='ltr'>secundo</span> <span class='ocrx_word' id='word_1_110' title='bbox 942 1202 1030 1280; x_wconf 72' lang='lat' dir='ltr'>casu,</span> <span class='ocrx_word' id='word_1_111' title='bbox 1064 1223 1117 1282; x_wconf 88' lang='lat' dir='ltr'>pra</span> <span class='ocrx_word' id='word_1_112' title='bbox 1137 1201 1249 1271; x_wconf 84' lang='lat' dir='ltr'>sortem</span> <span class='ocrx_word' id='word_1_113' title='bbox 1263 1210 1383 1283; x_wconf 87' lang='lat' dir='ltr'>accipit</span> <span class='ocrx_word' id='word_1_114' title='bbox 1411 1207 1535 1286; x_wconf 72' lang='lat' dir='ltr'>pratili:</span> <span class='ocrx_word' id='word_1_115' title='bbox 1562 1223 1599 1271; x_wconf 91' lang='lat' dir='ltr'>ut</span> <span class='ocrx_word' id='word_1_116' title='bbox 1626 1226 1694 1270; x_wconf 89' lang='lat' dir='ltr'>earn</span> <span class='ocrx_word' id='word_1_117' title='bbox 1715 1207 1830 1284; x_wconf 84' lang='lat' dir='ltr'>pericu·</span> 
     </span>
     <span class='ocr_line' id='line_1_10' title="bbox 259 1283 1830 1375; baseline -0.003 -20"><span class='ocrx_word' id='word_1_118' title='bbox 259 1307 363 1367; x_wconf 77' lang='lat' dir='ltr'>neque</span> <span class='ocrx_word' id='word_1_119' title='bbox 384 1294 498 1366; x_wconf 86' lang='lat' dir='ltr'>pariter</span> <span class='ocrx_word' id='word_1_120' title='bbox 525 1291 555 1350; x_wconf 90' lang='lat' dir='ltr'>in</span> <span class='ocrx_word' id='word_1_121' title='bbox 576 1293 673 1364; x_wconf 88' lang='lat' dir='ltr'>primo</span> <span class='ocrx_word' id='word_1_122' title='bbox 690 1335 699 1364; x_wconf 88' lang='lat'>,</span> <span class='ocrx_word' id='word_1_123' title='bbox 715 1305 749 1349; x_wconf 88' lang='lat' dir='ltr'>ac</span> <span class='ocrx_word' id='word_1_124' title='bbox 773 1286 895 1363; x_wconf 82' lang='lat' dir='ltr'>proinde</span> <span class='ocrx_word' id='word_1_125' title='bbox 920 1289 1031 1350; x_wconf 83' lang='lat' dir='ltr'>merito</span> <span class='ocrx_word' id='word_1_126' title='bbox 1065 1287 1127 1350; x_wconf 90' lang='lat' dir='ltr'>lum</span> <span class='ocrx_word' id='word_1_127' title='bbox 1147 1291 1179 1348; x_wconf 92' lang='lat' dir='ltr'>in</span> <span class='ocrx_word' id='word_1_128' title='bbox 1201 1284 1229 1347; x_wconf 94' lang='lat' dir='ltr'>se</span> <span class='ocrx_word' id='word_1_129' title='bbox 1251 1283 1435 1363; x_wconf 80' lang='lat' dir='ltr'>suscipiendo</span> <span class='ocrx_word' id='word_1_130' title='bbox 1455 1286 1607 1352; x_wconf 76' lang='lat' dir='ltr'>assecurat</span> <span class='ocrx_word' id='word_1_131' title='bbox 1636 1286 1743 1362; x_wconf 78' lang='lat' dir='ltr'>eodem</span> <span class='ocrx_word' id='word_1_132' title='bbox 1763 1287 1830 1375; x_wconf 73' lang='lat' dir='ltr'>pre·</span> 
     </span>
     <span class='ocr_line' id='line_1_11' title="bbox 260 1363 1746 1448; baseline -0.004 -14"><span class='ocrx_word' id='word_1_133' title='bbox 260 1370 475 1448; x_wconf 75' lang='lat' dir='ltr'>quamplurimi</span> <span class='ocrx_word' id='word_1_134' title='bbox 500 1367 569 1429; x_wconf 83' lang='lat' dir='ltr'>DD.</span> <span class='ocrx_word' id='word_1_135' title='bbox 591 1368 711 1446; x_wconf 78' lang='lat' dir='ltr'>insignis</span> <span class='ocrx_word' id='word_1_136' title='bbox 731 1383 845 1441; x_wconf 70' lang='lat' dir='ltr'>notai,</span> <span class='ocrx_word' id='word_1_137' title='bbox 881 1380 1028 1442; x_wconf 85' lang='lat' dir='ltr'>textum,</span> <span class='ocrx_word' id='word_1_138' title='bbox 1070 1371 1116 1430; x_wconf 92' lang='lat' dir='ltr'>tio</span> <span class='ocrx_word' id='word_1_139' title='bbox 1138 1366 1213 1429; x_wconf 87' lang='lat' dir='ltr'>iulio</span> <span class='ocrx_word' id='word_1_140' title='bbox 1254 1389 1315 1443; x_wconf 80' lang='lat' dir='ltr'>quo</span> <span class='ocrx_word' id='word_1_141' title='bbox 1333 1368 1410 1431; x_wconf 86' lang='lat' dir='ltr'>alter</span> <span class='ocrx_word' id='word_1_142' title='bbox 1431 1386 1500 1430; x_wconf 90' lang='lat' dir='ltr'>eam</span> <span class='ocrx_word' id='word_1_143' title='bbox 1521 1363 1746 1429; x_wconf 76' lang='lat' dir='ltr'>assecuraret.&#39;</span> 
     </span>
     <span class='ocr_line' id='line_1_12' title="bbox 263 1414 1830 1531; baseline -0.003 -21"><span class='ocrx_word' id='word_1_144' title='bbox 263 1453 313 1526; x_wconf 75' lang='lat' dir='ltr'>qui</span> <span class='ocrx_word' id='word_1_145' title='bbox 343 1445 557 1512; x_wconf 80' lang='lat' dir='ltr'>circumfertur</span> <span class='ocrx_word' id='word_1_146' title='bbox 586 1445 726 1526; x_wconf 79' lang='lat' dir='ltr'>Gregorii</span> <span class='ocrx_word' id='word_1_147' title='bbox 763 1445 817 1508; x_wconf 88' lang='lat' dir='ltr'>lx.</span> <span class='ocrx_word' id='word_1_148' title='bbox 857 1445 1030 1508; x_wconf 86' lang='lat' dir='ltr'>iudicarunt</span> <span class='ocrx_word' id='word_1_149' title='bbox 1088 1446 1195 1519; x_wconf 80' lang='lat' dir='ltr'>-Quod</span> <span class='ocrx_word' id='word_1_150' title='bbox 1214 1414 1235 1506; x_wconf 73' lang='lat'>¹²1</span> <span class='ocrx_word' id='word_1_151' title='bbox 1256 1447 1419 1511; x_wconf 88' lang='lat' dir='ltr'>obiiciatur</span> <span class='ocrx_word' id='word_1_152' title='bbox 1439 1446 1604 1531; x_wconf 68' lang='lat' dir='ltr'>eustatium</span> <span class='ocrx_word' id='word_1_153' title='bbox 1634 1468 1696 1509; x_wconf 88' lang='lat' dir='ltr'>uou</span> <span class='ocrx_word' id='word_1_154' title='bbox 1713 1443 1830 1507; x_wconf 87' lang='lat' dir='ltr'>suffice·</span> 
     </span>
     <span class='ocr_line' id='line_1_13' title="bbox 260 1521 1832 1602; baseline -0.003 -11"><span class='ocrx_word' id='word_1_155' title='bbox 260 1525 456 1602; x_wconf 84' lang='lat' dir='ltr'>mendosum.</span> <span class='ocrx_word' id='word_1_156' title='bbox 484 1528 550 1591; x_wconf 89' lang='lat' dir='ltr'>Nec</span> <span class='ocrx_word' id='word_1_157' title='bbox 564 1526 719 1592; x_wconf 72' lang='lat' dir='ltr'>ullatenus</span> <span class='ocrx_word' id='word_1_158' title='bbox 748 1526 848 1590; x_wconf 87' lang='lat' dir='ltr'>officit</span> <span class='ocrx_word' id='word_1_159' title='bbox 868 1525 937 1589; x_wconf 87' lang='lat' dir='ltr'>huic</span> <span class='ocrx_word' id='word_1_160' title='bbox 953 1525 1031 1587; x_wconf 90' lang='lat' dir='ltr'>iudi·</span> <span class='ocrx_word' id='word_1_161' title='bbox 1065 1528 1151 1589; x_wconf 82' lang='lat' dir='ltr'>read</span> <span class='ocrx_word' id='word_1_162' title='bbox 1173 1525 1343 1589; x_wconf 88' lang='lat' dir='ltr'>tollendum</span> <span class='ocrx_word' id='word_1_163' title='bbox 1364 1521 1531 1602; x_wconf 85' lang='lat' dir='ltr'>periculum</span> <span class='ocrx_word' id='word_1_164' title='bbox 1560 1530 1674 1600; x_wconf 73' lang='lat' dir='ltr'>inuit,</span> <span class='ocrx_word' id='word_1_165' title='bbox 1702 1528 1764 1587; x_wconf 90' lang='lat' dir='ltr'>imo</span> <span class='ocrx_word' id='word_1_166' title='bbox 1780 1544 1832 1599; x_wconf 90' lang='lat' dir='ltr'>po-</span> 
     </span>
     <span class='ocr_line' id='line_1_14' title="bbox 264 1604 1831 1685; baseline -0.006 -12"><span class='ocrx_word' id='word_1_167' title='bbox 264 1614 317 1673; x_wconf 86' lang='lat' dir='ltr'>tio</span> <span class='ocrx_word' id='word_1_168' title='bbox 336 1609 415 1685; x_wconf 89' lang='lat' dir='ltr'>quod</span> <span class='ocrx_word' id='word_1_169' title='bbox 435 1608 540 1671; x_wconf 89' lang='lat' dir='ltr'>dicunt</span> <span class='ocrx_word' id='word_1_170' title='bbox 556 1605 740 1685; x_wconf 86' lang='lat' dir='ltr'>adversarii,</span> <span class='ocrx_word' id='word_1_171' title='bbox 761 1626 867 1670; x_wconf 83' lang='lat' dir='ltr'>texum</span> <span class='ocrx_word' id='word_1_172' title='bbox 883 1606 963 1668; x_wconf 79' lang='lat' dir='ltr'>lione</span> <span class='ocrx_word' id='word_1_173' title='bbox 972 1605 1029 1682; x_wconf 78' lang='lat' dir='ltr'>legi</span> <span class='ocrx_word' id='word_1_174' title='bbox 1066 1610 1128 1669; x_wconf 86' lang='lat' dir='ltr'>tius</span> <span class='ocrx_word' id='word_1_175' title='bbox 1140 1604 1352 1684; x_wconf 80' lang='lat' dir='ltr'>illudaugere,</span> <span class='ocrx_word' id='word_1_176' title='bbox 1367 1609 1448 1670; x_wconf 92' lang='lat' dir='ltr'>unde</span> <span class='ocrx_word' id='word_1_177' title='bbox 1468 1605 1599 1681; x_wconf 84' lang='lat' dir='ltr'>sequitur</span> <span class='ocrx_word' id='word_1_178' title='bbox 1615 1606 1725 1679; x_wconf 79' lang='lat' dir='ltr'>ahquid</span> <span class='ocrx_word' id='word_1_179' title='bbox 1750 1607 1831 1680; x_wconf 74' lang='lat' dir='ltr'>exigi</span> 
     </span>
     <span class='ocr_line' id='line_1_15' title="bbox 261 1675 1831 1764; baseline -0.005 -12"><span class='ocrx_word' id='word_1_180' title='bbox 261 1687 328 1752; x_wconf 81' lang='lat' dir='ltr'>stne</span> <span class='ocrx_word' id='word_1_181' title='bbox 345 1687 397 1752; x_wconf 87' lang='lat' dir='ltr'>illa</span> <span class='ocrx_word' id='word_1_182' title='bbox 417 1688 614 1764; x_wconf 80' lang='lat' dir='ltr'>particulam</span> <span class='ocrx_word' id='word_1_183' title='bbox 635 1689 772 1751; x_wconf 77' lang='lat' dir='ltr'>omnibus</span> <span class='ocrx_word' id='word_1_184' title='bbox 789 1706 848 1749; x_wconf 87' lang='lat' dir='ltr'>non</span> <span class='ocrx_word' id='word_1_185' title='bbox 870 1682 966 1747; x_wconf 89' lang='lat' dir='ltr'>solum</span> <span class='ocrx_word' id='word_1_186' title='bbox 987 1681 1032 1746; x_wconf 85' lang='lat' dir='ltr'>se-</span> <span class='ocrx_word' id='word_1_187' title='bbox 1064 1707 1120 1762; x_wconf 87' lang='lat' dir='ltr'>pro</span> <span class='ocrx_word' id='word_1_188' title='bbox 1140 1686 1276 1763; x_wconf 86' lang='lat' dir='ltr'>periculo</span> <span class='ocrx_word' id='word_1_189' title='bbox 1296 1686 1384 1761; x_wconf 75' lang='lat' dir='ltr'>ipsius</span> <span class='ocrx_word' id='word_1_190' title='bbox 1405 1675 1548 1758; x_wconf 70' lang='lat' dir='ltr'>audiani,</span> <span class='ocrx_word' id='word_1_191' title='bbox 1569 1687 1602 1754; x_wconf 79' lang='lat' dir='ltr'>dt</span> <span class='ocrx_word' id='word_1_192' title='bbox 1620 1684 1658 1747; x_wconf 78' lang='lat' dir='ltr'>fic</span> <span class='ocrx_word' id='word_1_193' title='bbox 1675 1687 1707 1745; x_wconf 89' lang='lat' dir='ltr'>in</span> <span class='ocrx_word' id='word_1_194' title='bbox 1730 1681 1831 1745; x_wconf 81' lang='lat' dir='ltr'>infini-</span> 
     </span>
     <span class='ocr_line' id='line_1_16' title="bbox 265 1758 1831 1846; baseline -0.006 -12"><span class='ocrx_word' id='word_1_195' title='bbox 265 1789 299 1834; x_wconf 88' lang='lat' dir='ltr'>re</span> <span class='ocrx_word' id='word_1_196' title='bbox 326 1768 488 1832; x_wconf 89' lang='lat' dir='ltr'>Codicibus</span> <span class='ocrx_word' id='word_1_197' title='bbox 511 1803 520 1844; x_wconf 90' lang='lat'>·‚</span> <span class='ocrx_word' id='word_1_198' title='bbox 547 1767 596 1829; x_wconf 89' lang='lat' dir='ltr'>sed</span> <span class='ocrx_word' id='word_1_199' title='bbox 616 1766 650 1831; x_wconf 90' lang='lat'>&amp;</span> <span class='ocrx_word' id='word_1_200' title='bbox 675 1770 707 1829; x_wconf 90' lang='lat' dir='ltr'>in</span> <span class='ocrx_word' id='word_1_201' title='bbox 729 1767 758 1829; x_wconf 88' lang='lat' dir='ltr'>S.</span> <span class='ocrx_word' id='word_1_202' title='bbox 787 1758 969 1846; x_wconf 85' lang='lat' dir='ltr'>Raymundo</span> <span class='ocrx_word' id='word_1_203' title='bbox 993 1764 1031 1827; x_wconf 82' lang='lat' dir='ltr'>ad</span> <span class='ocrx_word' id='word_1_204' title='bbox 1066 1781 1134 1828; x_wconf 92' lang='lat' dir='ltr'>tum</span> <span class='ocrx_word' id='word_1_205' title='bbox 1157 1787 1247 1843; x_wconf 87' lang='lat' dir='ltr'>‚tum</span> <span class='ocrx_word' id='word_1_206' title='bbox 1266 1764 1300 1830; x_wconf 89' lang='lat'>&amp;</span> <span class='ocrx_word' id='word_1_207' title='bbox 1320 1767 1394 1830; x_wconf 88' lang='lat' dir='ltr'>illud</span> <span class='ocrx_word' id='word_1_208' title='bbox 1416 1766 1624 1844; x_wconf 81' lang='lat' dir='ltr'>periclitetur.</span> <span class='ocrx_word' id='word_1_209' title='bbox 1655 1763 1735 1827; x_wconf 89' lang='lat' dir='ltr'>lteru</span> <span class='ocrx_word' id='word_1_210' title='bbox 1764 1784 1831 1825; x_wconf 87' lang='lat' dir='ltr'>mu·</span> 
     </span>
     <span class='ocr_line' id='line_1_17' title="bbox 263 1842 1832 1925; baseline -0.004 -14"><span class='ocrx_word' id='word_1_211' title='bbox 263 1863 356 1925; x_wconf 66' lang='lat' dir='ltr'>tuem</span> <span class='ocrx_word' id='word_1_212' title='bbox 383 1849 461 1910; x_wconf 90' lang='lat' dir='ltr'>idem</span> <span class='ocrx_word' id='word_1_213' title='bbox 481 1844 625 1911; x_wconf 85' lang='lat' dir='ltr'>Pontifex</span> <span class='ocrx_word' id='word_1_214' title='bbox 653 1857 721 1909; x_wconf 84' lang='lat' dir='ltr'>eam</span> <span class='ocrx_word' id='word_1_215' title='bbox 743 1844 934 1909; x_wconf 85' lang='lat' dir='ltr'>Decretalem</span> <span class='ocrx_word' id='word_1_216' title='bbox 955 1843 1033 1906; x_wconf 90' lang='lat' dir='ltr'>dire·</span> <span class='ocrx_word' id='word_1_217' title='bbox 1067 1849 1238 1909; x_wconf 90' lang='lat' dir='ltr'>tuatarium</span> <span class='ocrx_word' id='word_1_218' title='bbox 1254 1850 1351 1911; x_wconf 86' lang='lat' dir='ltr'>teneri</span> <span class='ocrx_word' id='word_1_219' title='bbox 1363 1846 1400 1910; x_wconf 85' lang='lat' dir='ltr'>ad</span> <span class='ocrx_word' id='word_1_220' title='bbox 1420 1845 1591 1911; x_wconf 85' lang='lat' dir='ltr'>tollendum</span> <span class='ocrx_word' id='word_1_221' title='bbox 1609 1844 1772 1921; x_wconf 80' lang='lat' dir='ltr'>periculum</span> <span class='ocrx_word' id='word_1_222' title='bbox 1793 1842 1832 1903; x_wconf 90' lang='lat' dir='ltr'>il·</span> 
     </span>
     <span class='ocr_line' id='line_1_18' title="bbox 264 1920 1832 2000; baseline -0.005 -8"><span class='ocrx_word' id='word_1_223' title='bbox 264 1932 336 1992; x_wconf 73' lang='lat' dir='ltr'>tritt</span> <span class='ocrx_word' id='word_1_224' title='bbox 358 1928 479 1993; x_wconf 79' lang='lat' dir='ltr'>Etenim</span> <span class='ocrx_word' id='word_1_225' title='bbox 500 1926 556 1990; x_wconf 81' lang='lat' dir='ltr'>lioc</span> <span class='ocrx_word' id='word_1_226' title='bbox 576 1922 733 1988; x_wconf 86' lang='lat' dir='ltr'>mauiselie</span> <span class='ocrx_word' id='word_1_227' title='bbox 753 1925 886 1989; x_wconf 89' lang='lat' dir='ltr'>osleudit</span> <span class='ocrx_word' id='word_1_228' title='bbox 906 1973 914 1999; x_wconf 91' lang='lat'>‚</span> <span class='ocrx_word' id='word_1_229' title='bbox 935 1945 953 1986; x_wconf 88' lang='lat' dir='ltr'>a</span> <span class='ocrx_word' id='word_1_230' title='bbox 973 1926 1032 1999; x_wconf 88' lang='lat' dir='ltr'>pri·</span> <span class='ocrx_word' id='word_1_231' title='bbox 1066 1920 1117 1987; x_wconf 93' lang='lat' dir='ltr'>lud</span> <span class='ocrx_word' id='word_1_232' title='bbox 1140 1923 1251 1988; x_wconf 88' lang='lat' dir='ltr'>sortem</span> <span class='ocrx_word' id='word_1_233' title='bbox 1277 1926 1444 1990; x_wconf 86' lang='lat' dir='ltr'>reddendo.</span> <span class='ocrx_word' id='word_1_234' title='bbox 1475 1923 1682 2000; x_wconf 79' lang='lat' dir='ltr'>Rel&#39;poudetur</span> <span class='ocrx_word' id='word_1_235' title='bbox 1713 1922 1749 1986; x_wconf 90' lang='lat' dir='ltr'>ad</span> <span class='ocrx_word' id='word_1_236' title='bbox 1771 1928 1832 2000; x_wconf 78' lang='lat' dir='ltr'>pri·</span> 
     </span>
     <span class='ocr_line' id='line_1_19' title="bbox 265 2002 1833 2083; baseline -0.004 -13"><span class='ocrx_word' id='word_1_237' title='bbox 265 2010 323 2071; x_wconf 82' lang='lat' dir='ltr'>inis</span> <span class='ocrx_word' id='word_1_238' title='bbox 339 2005 560 2082; x_wconf 76' lang='lat' dir='ltr'>exemplaribus</span> <span class='ocrx_word' id='word_1_239' title='bbox 583 2004 768 2083; x_wconf 82' lang='lat' dir='ltr'>transcriptis</span> <span class='ocrx_word' id='word_1_240' title='bbox 787 2026 827 2066; x_wconf 88' lang='lat' dir='ltr'>ex</span> <span class='ocrx_word' id='word_1_241' title='bbox 844 2002 1034 2083; x_wconf 78' lang='lat' dir='ltr'>autographo</span> <span class='ocrx_word' id='word_1_242' title='bbox 1065 2023 1167 2080; x_wconf 90' lang='lat' dir='ltr'>mum,</span> <span class='ocrx_word' id='word_1_243' title='bbox 1189 2004 1356 2069; x_wconf 78' lang='lat' dir='ltr'>audiarium</span> <span class='ocrx_word' id='word_1_244' title='bbox 1378 2004 1453 2069; x_wconf 91' lang='lat' dir='ltr'>illud</span> <span class='ocrx_word' id='word_1_245' title='bbox 1474 2025 1533 2066; x_wconf 89' lang='lat' dir='ltr'>non</span> <span class='ocrx_word' id='word_1_246' title='bbox 1555 2009 1634 2083; x_wconf 84' lang='lat' dir='ltr'>exigi</span> <span class='ocrx_word' id='word_1_247' title='bbox 1662 2002 1698 2066; x_wconf 91' lang='lat' dir='ltr'>ad</span> <span class='ocrx_word' id='word_1_248' title='bbox 1719 2004 1833 2067; x_wconf 88' lang='lat' dir='ltr'>tollen·</span> 
     </span>
     <span class='ocr_line' id='line_1_20' title="bbox 265 2081 1833 2160; baseline -0.003 -10"><span class='ocrx_word' id='word_1_249' title='bbox 265 2084 390 2150; x_wconf 79' lang='lat' dir='ltr'>huiusce</span> <span class='ocrx_word' id='word_1_250' title='bbox 406 2087 575 2149; x_wconf 79' lang='lat' dir='ltr'>Decretalis</span> <span class='ocrx_word' id='word_1_251' title='bbox 607 2084 669 2149; x_wconf 89' lang='lat' dir='ltr'>tale</span> <span class='ocrx_word' id='word_1_252' title='bbox 696 2086 836 2148; x_wconf 89' lang='lat' dir='ltr'>mendum</span> <span class='ocrx_word' id='word_1_253' title='bbox 858 2088 968 2146; x_wconf 75' lang='lat' dir='ltr'>ineius</span> <span class='ocrx_word' id='word_1_254' title='bbox 989 2083 1033 2145; x_wconf 89' lang='lat' dir='ltr'>le·</span> <span class='ocrx_word' id='word_1_255' title='bbox 1066 2083 1140 2147; x_wconf 91' lang='lat' dir='ltr'>dum</span> <span class='ocrx_word' id='word_1_256' title='bbox 1161 2085 1325 2160; x_wconf 83' lang='lat' dir='ltr'>periculum</span> <span class='ocrx_word' id='word_1_257' title='bbox 1340 2082 1508 2160; x_wconf 83' lang='lat' dir='ltr'>futurum,</span> <span class='ocrx_word' id='word_1_258' title='bbox 1537 2081 1586 2147; x_wconf 90' lang='lat' dir='ltr'>sed</span> <span class='ocrx_word' id='word_1_259' title='bbox 1616 2104 1669 2159; x_wconf 91' lang='lat' dir='ltr'>pro</span> <span class='ocrx_word' id='word_1_260' title='bbox 1697 2083 1833 2157; x_wconf 80' lang='lat' dir='ltr'>periculo</span> 
     </span>
     <span class='ocr_line' id='line_1_21' title="bbox 264 2163 1832 2246; baseline -0.002 -17"><span class='ocrx_word' id='word_1_261' title='bbox 264 2165 398 2229; x_wconf 77' lang='lat' dir='ltr'>silonem</span> <span class='ocrx_word' id='word_1_262' title='bbox 415 2164 581 2246; x_wconf 79' lang='lat' dir='ltr'>irrepsisse¹</span> <span class='ocrx_word' id='word_1_263' title='bbox 595 2166 673 2228; x_wconf 91' lang='lat' dir='ltr'>unde</span> <span class='ocrx_word' id='word_1_264' title='bbox 694 2169 823 2243; x_wconf 77' lang='lat' dir='ltr'>contigit</span> <span class='ocrx_word' id='word_1_265' title='bbox 845 2212 852 2239; x_wconf 92' lang='lat'>‚</span> <span class='ocrx_word' id='word_1_266' title='bbox 874 2182 908 2226; x_wconf 90' lang='lat' dir='ltr'>ut</span> <span class='ocrx_word' id='word_1_267' title='bbox 928 2165 1033 2226; x_wconf 89' lang='lat' dir='ltr'>omnia</span> <span class='ocrx_word' id='word_1_268' title='bbox 1068 2164 1229 2240; x_wconf 80' lang='lat' dir='ltr'>praeleati,</span> <span class='ocrx_word' id='word_1_269' title='bbox 1245 2164 1279 2229; x_wconf 79' lang='grc' dir='ltr'>δι</span> <span class='ocrx_word' id='word_1_270' title='bbox 1300 2165 1412 2229; x_wconf 84' lang='lat' dir='ltr'>damno</span> <span class='ocrx_word' id='word_1_271' title='bbox 1430 2164 1559 2242; x_wconf 85' lang='lat' dir='ltr'>quodam</span> <span class='ocrx_word' id='word_1_272' title='bbox 1581 2163 1648 2227; x_wconf 75' lang='lat' dir='ltr'>adiu</span> <span class='ocrx_word' id='word_1_273' title='bbox 1668 2164 1832 2239; x_wconf 73' lang='lat' dir='ltr'>exiliente,</span> 
     </span>
     <span class='ocr_line' id='line_1_22' title="bbox 266 2240 1833 2387; baseline -0.003 -78"><span class='ocrx_word' id='word_1_274' title='bbox 266 2243 371 2387; x_wconf 54' lang='lat' dir='ltr'>fellea</span> <span class='ocrx_word' id='word_1_275' title='bbox 397 2247 613 2321; x_wconf 77' lang='lat' dir='ltr'>exemplaria,</span> <span class='ocrx_word' id='word_1_276' title='bbox 651 2265 718 2320; x_wconf 85' lang='lat' dir='ltr'>quae</span> <span class='ocrx_word' id='word_1_277' title='bbox 750 2249 811 2307; x_wconf 88' lang='lat' dir='ltr'>iam</span> <span class='ocrx_word' id='word_1_278' title='bbox 843 2243 1034 2319; x_wconf 85' lang='lat' dir='ltr'>supponenda</span> <span class='ocrx_word' id='word_1_279' title='bbox 1068 2244 1149 2320; x_wconf 87' lang='lat' dir='ltr'>quod</span> <span class='ocrx_word' id='word_1_280' title='bbox 1181 2242 1250 2308; x_wconf 77' lang='lat' dir='ltr'>adiu</span> <span class='ocrx_word' id='word_1_281' title='bbox 1273 2240 1352 2310; x_wconf 89' lang='lat' dir='ltr'>subit</span> <span class='ocrx_word' id='word_1_282' title='bbox 1376 2264 1546 2320; x_wconf 84' lang='lat' dir='ltr'>mutuans,</span> <span class='ocrx_word' id='word_1_283' title='bbox 1571 2246 1649 2307; x_wconf 89' lang='lat' dir='ltr'>dum·</span> <span class='ocrx_word' id='word_1_284' title='bbox 1674 2246 1833 2320; x_wconf 87' lang='lat' dir='ltr'>pecuniam</span> 
     </span>
     <span class='ocr_line' id='line_1_23' title="bbox 280 2311 1833 2402; baseline -0.001 -14"><span class='ocrx_word' id='word_1_285' title='bbox 280 2324 339 2389; x_wconf 80' lang='lat' dir='ltr'>&#39;unt</span> <span class='ocrx_word' id='word_1_286' title='bbox 369 2323 406 2388; x_wconf 87' lang='lat' dir='ltr'>ab</span> <span class='ocrx_word' id='word_1_287' title='bbox 433 2311 499 2402; x_wconf 80' lang='lat' dir='ltr'>ipsis</span> <span class='ocrx_word' id='word_1_288' title='bbox 527 2336 668 2401; x_wconf 85' lang='lat' dir='ltr'>excerpta</span> <span class='ocrx_word' id='word_1_289' title='bbox 695 2346 765 2387; x_wconf 90' lang='lat' dir='ltr'>cum</span> <span class='ocrx_word' id='word_1_290' title='bbox 792 2325 898 2385; x_wconf 87' lang='lat' dir='ltr'>eodem</span> <span class='ocrx_word' id='word_1_291' title='bbox 926 2317 1035 2384; x_wconf 85' lang='lat' dir='ltr'>mendo</span> <span class='ocrx_word' id='word_1_292' title='bbox 1068 2323 1146 2400; x_wconf 89' lang='lat' dir='ltr'>apud</span> <span class='ocrx_word' id='word_1_293' title='bbox 1169 2320 1199 2387; x_wconf 88' lang='lat' dir='ltr'>se</span> <span class='ocrx_word' id='word_1_294' title='bbox 1225 2342 1344 2388; x_wconf 87' lang='lat' dir='ltr'>certam</span> <span class='ocrx_word' id='word_1_295' title='bbox 1366 2328 1495 2401; x_wconf 79' lang='lat' dir='ltr'>exponit</span> <span class='ocrx_word' id='word_1_296' title='bbox 1524 2327 1628 2388; x_wconf 85' lang='lat' dir='ltr'>manui</span> <span class='ocrx_word' id='word_1_297' title='bbox 1660 2321 1833 2399; x_wconf 65' lang='lat' dir='ltr'>periculosa</span> 
     </span>
     <span class='ocr_line' id='line_1_24' title="bbox 271 2399 1832 2481; baseline -0.001 -15"><span class='ocrx_word' id='word_1_298' title='bbox 271 2406 455 2481; x_wconf 78' lang='lat' dir='ltr'>prodierint:</span> <span class='ocrx_word' id='word_1_299' title='bbox 477 2403 543 2468; x_wconf 89' lang='lat' dir='ltr'>lmo</span> <span class='ocrx_word' id='word_1_300' title='bbox 562 2404 628 2467; x_wconf 83' lang='lat' dir='ltr'>fieri</span> <span class='ocrx_word' id='word_1_301' title='bbox 647 2408 747 2479; x_wconf 89' lang='lat' dir='ltr'>potuit</span> <span class='ocrx_word' id='word_1_302' title='bbox 768 2403 847 2478; x_wconf 86' lang='lat' dir='ltr'>quod</span> <span class='ocrx_word' id='word_1_303' title='bbox 866 2404 961 2465; x_wconf 87' lang='lat' dir='ltr'>etiam</span> <span class='ocrx_word' id='word_1_304' title='bbox 982 2420 1035 2476; x_wconf 87' lang='lat' dir='ltr'>per</span> <span class='ocrx_word' id='word_1_305' title='bbox 1069 2405 1099 2465; x_wconf 89' lang='lat' dir='ltr'>in</span> <span class='ocrx_word' id='word_1_306' title='bbox 1121 2423 1179 2477; x_wconf 88' lang='lat' dir='ltr'>qua</span> <span class='ocrx_word' id='word_1_307' title='bbox 1198 2400 1528 2479; x_wconf 69' lang='lat' dir='ltr'>essminorumlous,</span> <span class='ocrx_word' id='word_1_308' title='bbox 1544 2405 1672 2477; x_wconf 75' lang='lat' dir='ltr'>ariamiri</span> <span class='ocrx_word' id='word_1_309' title='bbox 1684 2399 1756 2479; x_wconf 88' lang='lat' dir='ltr'>lua,</span> <span class='ocrx_word' id='word_1_310' title='bbox 1775 2421 1832 2467; x_wconf 82' lang='lat' dir='ltr'>net</span> 
     </span>
     <span class='ocr_line' id='line_1_25' title="bbox 258 2479 1832 2561; baseline 0.002 -20"><span class='ocrx_word' id='word_1_311' title='bbox 258 2484 531 2547; x_wconf 85' lang='lat' dir='ltr'>inadvertentiam</span> <span class='ocrx_word' id='word_1_312' title='bbox 549 2483 662 2547; x_wconf 81' lang='lat' dir='ltr'>Scribae</span> <span class='ocrx_word' id='word_1_313' title='bbox 690 2486 722 2545; x_wconf 91' lang='lat' dir='ltr'>in</span> <span class='ocrx_word' id='word_1_314' title='bbox 745 2479 841 2558; x_wconf 83' lang='lat' dir='ltr'>ipsum</span> <span class='ocrx_word' id='word_1_315' title='bbox 863 2481 1034 2545; x_wconf 78' lang='lat' dir='ltr'>Decreralis</span> <span class='ocrx_word' id='word_1_316' title='bbox 1069 2480 1233 2546; x_wconf 77' lang='lat' dir='ltr'>auliauum</span> <span class='ocrx_word' id='word_1_317' title='bbox 1252 2503 1341 2561; x_wconf 72' lang='lat' dir='ltr'>auget</span> <span class='ocrx_word' id='word_1_318' title='bbox 1359 2485 1527 2561; x_wconf 78' lang='lat' dir='ltr'>perieulum</span> <span class='ocrx_word' id='word_1_319' title='bbox 1547 2481 1747 2559; x_wconf 62' lang='lat' dir='ltr'>lorris13cum</span> <span class='ocrx_word' id='word_1_320' title='bbox 1767 2503 1832 2545; x_wconf 81' lang='lat' dir='ltr'>mu·</span> 
     </span>
     <span class='ocr_line' id='line_1_26' title="bbox 264 2558 1830 2641; baseline -0.001 -14"><span class='ocrx_word' id='word_1_321' title='bbox 264 2562 488 2641; x_wconf 76' lang='lat' dir='ltr'>autographum</span> <span class='ocrx_word' id='word_1_322' title='bbox 508 2565 565 2626; x_wconf 88' lang='lat' dir='ltr'>hoc</span> <span class='ocrx_word' id='word_1_323' title='bbox 581 2562 723 2626; x_wconf 89' lang='lat' dir='ltr'>mendum</span> <span class='ocrx_word' id='word_1_324' title='bbox 744 2561 920 2638; x_wconf 86' lang='lat' dir='ltr'>irrepserit,</span> <span class='ocrx_word' id='word_1_325' title='bbox 941 2560 974 2624; x_wconf 81' lang='lat' dir='ltr'>dt</span> <span class='ocrx_word' id='word_1_326' title='bbox 996 2558 1034 2623; x_wconf 83' lang='lat' dir='ltr'>sic</span> <span class='ocrx_word' id='word_1_327' title='bbox 1069 2578 1161 2625; x_wconf 83' lang='lat' dir='ltr'>ruant</span> <span class='ocrx_word' id='word_1_328' title='bbox 1190 2564 1365 2635; x_wconf 86' lang='lat' dir='ltr'>recipiendo</span> <span class='ocrx_word' id='word_1_329' title='bbox 1394 2568 1557 2640; x_wconf 74' lang='lat' dir='ltr'>quotanus</span> <span class='ocrx_word' id='word_1_330' title='bbox 1589 2584 1695 2640; x_wconf 88' lang='lat' dir='ltr'>parum</span> <span class='ocrx_word' id='word_1_331' title='bbox 1721 2559 1760 2625; x_wconf 89' lang='lat' dir='ltr'>ob</span> <span class='ocrx_word' id='word_1_332' title='bbox 1780 2583 1830 2639; x_wconf 82' lang='lat' dir='ltr'>pe·</span> 
     </span>
     <span class='ocr_line' id='line_1_27' title="bbox 267 2638 1830 2721; baseline -0.004 -15"><span class='ocrx_word' id='word_1_333' title='bbox 267 2647 372 2708; x_wconf 82' lang='lat' dir='ltr'>omnia</span> <span class='ocrx_word' id='word_1_334' title='bbox 388 2643 573 2721; x_wconf 87' lang='lat' dir='ltr'>exemplaria</span> <span class='ocrx_word' id='word_1_335' title='bbox 592 2664 662 2708; x_wconf 90' lang='lat' dir='ltr'>cum</span> <span class='ocrx_word' id='word_1_336' title='bbox 682 2641 790 2706; x_wconf 85' lang='lat' dir='ltr'>eodem</span> <span class='ocrx_word' id='word_1_337' title='bbox 806 2642 917 2705; x_wconf 85' lang='lat' dir='ltr'>mendo</span> <span class='ocrx_word' id='word_1_338' title='bbox 937 2638 1034 2704; x_wconf 87' lang='lat' dir='ltr'>trans·</span> <span class='ocrx_word' id='word_1_339' title='bbox 1069 2641 1202 2705; x_wconf 84' lang='lat' dir='ltr'>ticulum</span> <span class='ocrx_word' id='word_1_340' title='bbox 1218 2641 1305 2717; x_wconf 80' lang='lat' dir='ltr'>ipiius</span> <span class='ocrx_word' id='word_1_341' title='bbox 1326 2642 1441 2720; x_wconf 77' lang='lat' dir='ltr'>sortis;</span> <span class='ocrx_word' id='word_1_342' title='bbox 1470 2648 1607 2720; x_wconf 73' lang='lat' dir='ltr'>quamvis</span> <span class='ocrx_word' id='word_1_343' title='bbox 1637 2639 1739 2719; x_wconf 70' lang='lat' dir='ltr'>polica</span> <span class='ocrx_word' id='word_1_344' title='bbox 1761 2663 1830 2707; x_wconf 74' lang='lat' dir='ltr'>eam</span> 
     </span>
     <span class='ocr_line' id='line_1_28' title="bbox 269 2719 1833 2801; baseline -0.001 -15"><span class='ocrx_word' id='word_1_345' title='bbox 269 2721 359 2786; x_wconf 75' lang='lat' dir='ltr'>milia</span> <span class='ocrx_word' id='word_1_346' title='bbox 379 2719 466 2787; x_wconf 77' lang='lat' dir='ltr'>lunt.</span> <span class='ocrx_word' id='word_1_347' title='bbox 740 2789 743 2796; x_wconf 48' lang='lat'>‚</span> <span class='ocrx_word' id='word_1_348' title='bbox 1005 2787 1008 2796; x_wconf 73' lang='grc'>,</span> <span class='ocrx_word' id='word_1_349' title='bbox 1069 2724 1211 2797; x_wconf 80' lang='lat' dir='ltr'>amittat,</span> <span class='ocrx_word' id='word_1_350' title='bbox 1230 2724 1330 2785; x_wconf 84' lang='lat' dir='ltr'>minus</span> <span class='ocrx_word' id='word_1_351' title='bbox 1350 2724 1494 2787; x_wconf 88' lang='lat' dir='ltr'>damnum</span> <span class='ocrx_word' id='word_1_352' title='bbox 1514 2722 1717 2801; x_wconf 85' lang='lat' dir='ltr'>patietur,&amp;</span> <span class='ocrx_word' id='word_1_353' title='bbox 1738 2726 1833 2786; x_wconf 86' lang='lat' dir='ltr'>inter·</span> 
     </span>
     <span class='ocr_line' id='line_1_29' title="bbox 267 2790 1833 2886; baseline 0.001 -24"><span class='ocrx_word' id='word_1_354' title='bbox 267 2829 271 2835; x_wconf 97' lang='lat'>·</span> <span class='ocrx_word' id='word_1_355' title='bbox 307 2802 425 2867; x_wconf 89' lang='lat' dir='ltr'>Verum</span> <span class='ocrx_word' id='word_1_356' title='bbox 441 2790 722 2879; x_wconf 76' lang='lat' dir='ltr'>quomodocumque</span> <span class='ocrx_word' id='word_1_357' title='bbox 739 2801 796 2865; x_wconf 87' lang='lat' dir='ltr'>hoe</span> <span class='ocrx_word' id='word_1_358' title='bbox 817 2805 848 2865; x_wconf 89' lang='lat' dir='ltr'>in</span> <span class='ocrx_word' id='word_1_359' title='bbox 870 2817 962 2866; x_wconf 82' lang='lat' dir='ltr'>textu</span> <span class='ocrx_word' id='word_1_360' title='bbox 982 2799 1036 2864; x_wconf 92' lang='lat' dir='ltr'>illo</span> <span class='ocrx_word' id='word_1_361' title='bbox 1069 2805 1339 2886; x_wconf 74' lang='lat' dir='ltr'>eamutuatariua</span> <span class='ocrx_word' id='word_1_362' title='bbox 1364 2804 1478 2877; x_wconf 89' lang='lat' dir='ltr'>poterit</span> <span class='ocrx_word' id='word_1_363' title='bbox 1509 2805 1617 2867; x_wconf 87' lang='lat' dir='ltr'>lucrari</span> <span class='ocrx_word' id='word_1_364' title='bbox 1646 2822 1684 2864; x_wconf 87' lang='lat' dir='ltr'>ex</span> <span class='ocrx_word' id='word_1_365' title='bbox 1722 2819 1833 2864; x_wconf 84' lang='lat' dir='ltr'>mutuo</span> 
     </span>
     <span class='ocr_line' id='line_1_30' title="bbox 267 2878 1832 2960; baseline -0.001 -16"><span class='ocrx_word' id='word_1_366' title='bbox 267 2884 436 2960; x_wconf 74' lang='lat' dir='ltr'>eontigerit</span> <span class='ocrx_word' id='word_1_367' title='bbox 453 2883 552 2944; x_wconf 87' lang='lat' dir='ltr'>velint</span> <span class='ocrx_word' id='word_1_368' title='bbox 574 2882 675 2944; x_wconf 86' lang='lat' dir='ltr'>nolint</span> <span class='ocrx_word' id='word_1_369' title='bbox 692 2878 882 2958; x_wconf 77' lang='lat' dir='ltr'>adversarii,</span> <span class='ocrx_word' id='word_1_370' title='bbox 906 2885 971 2945; x_wconf 84' lang='lat' dir='ltr'>eius</span> <span class='ocrx_word' id='word_1_371' title='bbox 992 2880 1035 2945; x_wconf 91' lang='lat' dir='ltr'>le·</span> <span class='ocrx_word' id='word_1_372' title='bbox 1070 2879 1104 2942; x_wconf 81' lang='lat' dir='ltr'>ad</span> <span class='ocrx_word' id='word_1_373' title='bbox 1126 2878 1238 2941; x_wconf 76' lang='lat' dir='ltr'>lortedi</span> <span class='ocrx_word' id='word_1_374' title='bbox 1266 2879 1463 2955; x_wconf 76' lang='lat' dir='ltr'>solvendam3</span> <span class='ocrx_word' id='word_1_375' title='bbox 1489 2884 1599 2945; x_wconf 85' lang='lat' dir='ltr'>ideirco</span> <span class='ocrx_word' id='word_1_376' title='bbox 1627 2880 1701 2943; x_wconf 84' lang='lat' dir='ltr'>nihil</span> <span class='ocrx_word' id='word_1_377' title='bbox 1732 2878 1832 2959; x_wconf 84' lang='lat' dir='ltr'>potest</span> 
     </span>
     <span class='ocr_line' id='line_1_31' title="bbox 268 2957 1833 3101; baseline -0.001 -77"><span class='ocrx_word' id='word_1_378' title='bbox 268 2960 400 3026; x_wconf 72' lang='lat' dir='ltr'>silonem</span> <span class='ocrx_word' id='word_1_379' title='bbox 415 2971 615 3025; x_wconf 84' lang='lat' dir='ltr'>correxerunt</span> <span class='ocrx_word' id='word_1_380' title='bbox 631 2961 737 3026; x_wconf 87' lang='lat' dir='ltr'>Critiei</span> <span class='ocrx_word' id='word_1_381' title='bbox 767 2957 929 3026; x_wconf 86' lang='lat' dir='ltr'>secundum</span> <span class='ocrx_word' id='word_1_382' title='bbox 949 2958 1036 3024; x_wconf 92' lang='lat' dir='ltr'>suum</span> <span class='ocrx_word' id='word_1_383' title='bbox 1069 2961 1149 3039; x_wconf 82' lang='lat' dir='ltr'>exigi</span> <span class='ocrx_word' id='word_1_384' title='bbox 1166 2958 1207 3022; x_wconf 92' lang='lat' dir='ltr'>ob</span> <span class='ocrx_word' id='word_1_385' title='bbox 1229 2960 1394 3035; x_wconf 89' lang='lat' dir='ltr'>periculum</span> <span class='ocrx_word' id='word_1_386' title='bbox 1409 2958 1657 3038; x_wconf 76' lang='lat' dir='ltr'>audiariisperati</span> <span class='ocrx_word' id='word_1_387' title='bbox 1688 2959 1758 3046; x_wconf 84' lang='lat' dir='ltr'>lice&#39;t</span> <span class='ocrx_word' id='word_1_388' title='bbox 1768 2980 1833 3101; x_wconf 51' lang='lat' dir='ltr'>een</span> 
     </span>
     <span class='ocr_line' id='line_1_32' title="bbox 269 3035 1833 3124; baseline -0.002 -20"><span class='ocrx_word' id='word_1_389' title='bbox 269 3060 398 3119; x_wconf 71' lang='lat' dir='ltr'>verum,</span> <span class='ocrx_word' id='word_1_390' title='bbox 418 3063 453 3104; x_wconf 86' lang='lat' dir='ltr'>ac</span> <span class='ocrx_word' id='word_1_391' title='bbox 472 3046 635 3120; x_wconf 77' lang='lat' dir='ltr'>genuinum</span> <span class='ocrx_word' id='word_1_392' title='bbox 656 3040 792 3116; x_wconf 80' lang='lat' dir='ltr'>sensum,</span> <span class='ocrx_word' id='word_1_393' title='bbox 813 3060 849 3106; x_wconf 92' lang='lat' dir='ltr'>ut</span> <span class='ocrx_word' id='word_1_394' title='bbox 872 3040 1035 3105; x_wconf 73' lang='lat' dir='ltr'>seeundum</span> <span class='ocrx_word' id='word_1_395' title='bbox 1070 3035 1232 3104; x_wconf 86' lang='lat' dir='ltr'>riculolum</span> <span class='ocrx_word' id='word_1_396' title='bbox 1247 3061 1257 3112; x_wconf 91' lang='lat'>;</span> <span class='ocrx_word' id='word_1_397' title='bbox 1274 3045 1346 3124; x_wconf 77' lang='lat' dir='ltr'>quia</span> <span class='ocrx_word' id='word_1_398' title='bbox 1367 3046 1414 3105; x_wconf 87' lang='lat' dir='ltr'>ius</span> <span class='ocrx_word' id='word_1_399' title='bbox 1429 3039 1592 3118; x_wconf 78' lang='lat' dir='ltr'>adipum,</span> <span class='ocrx_word' id='word_1_400' title='bbox 1612 3039 1755 3118; x_wconf 84' lang='lat' dir='ltr'>ipsiusque</span> <span class='ocrx_word' id='word_1_401' title='bbox 1781 3058 1833 3118; x_wconf 78' lang='lat' dir='ltr'>per</span> 
     </span>
     <span class='ocr_line' id='line_1_33' title="bbox 269 3115 1899 3200; baseline -0.002 -15"><span class='ocrx_word' id='word_1_402' title='bbox 269 3118 441 3200; x_wconf 69' lang='lat' dir='ltr'>regularem</span> <span class='ocrx_word' id='word_1_403' title='bbox 478 3116 809 3197; x_wconf 84' lang='lat' dir='ltr'>communilsunumque</span> <span class='ocrx_word' id='word_1_404' title='bbox 838 3122 960 3185; x_wconf 89' lang='lat' dir='ltr'>modum</span> <span class='ocrx_word' id='word_1_405' title='bbox 989 3118 1035 3183; x_wconf 93' lang='lat' dir='ltr'>lo·</span> <span class='ocrx_word' id='word_1_406' title='bbox 1068 3118 1112 3185; x_wconf 77' lang='lat' dir='ltr'>est</span> <span class='ocrx_word' id='word_1_407' title='bbox 1130 3115 1279 3184; x_wconf 79' lang='lat' dir='ltr'>sufficiens</span> <span class='ocrx_word' id='word_1_408' title='bbox 1300 3118 1343 3184; x_wconf 90' lang='lat' dir='ltr'>lui</span> <span class='ocrx_word' id='word_1_409' title='bbox 1360 3122 1448 3197; x_wconf 80' lang='lat' dir='ltr'>ipsius</span> <span class='ocrx_word' id='word_1_410' title='bbox 1470 3121 1593 3200; x_wconf 85' lang='lat' dir='ltr'>periculi</span> <span class='ocrx_word' id='word_1_411' title='bbox 1608 3116 1831 3193; x_wconf 76' lang='lat' dir='ltr'>cuiipensano.</span> <span class='ocrx_word' id='word_1_412' title='bbox 1897 3123 1899 3127; x_wconf 83' lang='grc'><strong>’</strong></span> 
     </span>
     <span class='ocr_line' id='line_1_34' title="bbox 270 3196 1834 3277; baseline 0.001 -15"><span class='ocrx_word' id='word_1_413' title='bbox 270 3198 378 3276; x_wconf 79' lang='lat' dir='ltr'>quendi</span> <span class='ocrx_word' id='word_1_414' title='bbox 397 3212 458 3264; x_wconf 83' lang='lat' dir='ltr'>uon</span> <span class='ocrx_word' id='word_1_415' title='bbox 479 3203 576 3264; x_wconf 87' lang='lat' dir='ltr'>alium</span> <span class='ocrx_word' id='word_1_416' title='bbox 606 3200 715 3265; x_wconf 83' lang='lat' dir='ltr'>habere</span> <span class='ocrx_word' id='word_1_417' title='bbox 745 3200 832 3276; x_wconf 76' lang='lat' dir='ltr'>possit</span> <span class='ocrx_word' id='word_1_418' title='bbox 859 3198 977 3266; x_wconf 86' lang='lat' dir='ltr'>sensum</span> <span class='ocrx_word' id='word_1_419' title='bbox 1000 3209 1035 3264; x_wconf 79' lang='lat' dir='ltr'>ae</span> <span class='ocrx_word' id='word_1_420' title='bbox 1069 3200 1116 3264; x_wconf 83' lang='lat' dir='ltr'>Ad</span> <span class='ocrx_word' id='word_1_421' title='bbox 1142 3198 1304 3264; x_wconf 88' lang='lat' dir='ltr'>secundum</span> <span class='ocrx_word' id='word_1_422' title='bbox 1330 3216 1406 3266; x_wconf 86' lang='lat' dir='ltr'>vero</span> <span class='ocrx_word' id='word_1_423' title='bbox 1427 3204 1523 3277; x_wconf 65' lang='lat' dir='ltr'>dic63</span> <span class='ocrx_word' id='word_1_424' title='bbox 1548 3198 1741 3265; x_wconf 89' lang='lat' dir='ltr'>rellitutione</span> <span class='ocrx_word' id='word_1_425' title='bbox 1771 3196 1834 3264; x_wconf 85' lang='lat' dir='ltr'>sor·</span> 
     </span>
     <span class='ocr_line' id='line_1_35' title="bbox 274 3280 1830 3361; baseline 0.001 -19"><span class='ocrx_word' id='word_1_426' title='bbox 274 3281 400 3352; x_wconf 88' lang='lat' dir='ltr'>proinde</span> <span class='ocrx_word' id='word_1_427' title='bbox 420 3294 506 3344; x_wconf 86' lang='lat' dir='ltr'>terto</span> <span class='ocrx_word' id='word_1_428' title='bbox 526 3283 691 3344; x_wconf 78' lang='lat' dir='ltr'>‘tenendum</span> <span class='ocrx_word' id='word_1_429' title='bbox 711 3280 773 3358; x_wconf 83' lang='lat' dir='ltr'>esi,</span> <span class='ocrx_word' id='word_1_430' title='bbox 790 3284 1036 3361; x_wconf 79' lang='lat' dir='ltr'>Gregoriumno·</span> <span class='ocrx_word' id='word_1_431' title='bbox 1068 3285 1110 3347; x_wconf 82' lang='lat' dir='ltr'>tis</span> <span class='ocrx_word' id='word_1_432' title='bbox 1128 3292 1191 3344; x_wconf 84' lang='lat' dir='ltr'>riou</span> <span class='ocrx_word' id='word_1_433' title='bbox 1208 3281 1278 3344; x_wconf 85' lang='lat' dir='ltr'>tulli</span> <span class='ocrx_word' id='word_1_434' title='bbox 1301 3282 1469 3358; x_wconf 89' lang='lat' dir='ltr'>periculum</span> <span class='ocrx_word' id='word_1_435' title='bbox 1485 3281 1562 3360; x_wconf 89' lang='lat' dir='ltr'>quod</span> <span class='ocrx_word' id='word_1_436' title='bbox 1587 3299 1661 3344; x_wconf 89' lang='lat' dir='ltr'>aute</span> <span class='ocrx_word' id='word_1_437' title='bbox 1682 3280 1766 3343; x_wconf 88' lang='lat' dir='ltr'>illam</span> <span class='ocrx_word' id='word_1_438' title='bbox 1783 3300 1830 3344; x_wconf 65' lang='lat' dir='ltr'>rev</span> 
     </span>
     <span class='ocr_line' id='line_1_36' title="bbox 275 3357 1833 3441; baseline 0.002 -22"><span class='ocrx_word' id='word_1_439' title='bbox 275 3379 347 3419; x_wconf 90' lang='lat' dir='ltr'>num</span> <span class='ocrx_word' id='word_1_440' title='bbox 365 3380 426 3423; x_wconf 94' lang='lat' dir='ltr'>uon</span> <span class='ocrx_word' id='word_1_441' title='bbox 447 3364 584 3437; x_wconf 84' lang='lat' dir='ltr'>ignarum</span> <span class='ocrx_word' id='word_1_442' title='bbox 601 3360 763 3425; x_wconf 89' lang='lat' dir='ltr'>verborum</span> <span class='ocrx_word' id='word_1_443' title='bbox 780 3360 905 3441; x_wconf 72' lang='lat' dir='ltr'>tensus,</span> <span class='ocrx_word' id='word_1_444' title='bbox 931 3363 977 3425; x_wconf 91' lang='lat' dir='ltr'>ita</span> <span class='ocrx_word' id='word_1_445' title='bbox 1003 3362 1035 3422; x_wconf 90' lang='lat' dir='ltr'>in</span> <span class='ocrx_word' id='word_1_446' title='bbox 1070 3359 1264 3424; x_wconf 81' lang='lat' dir='ltr'>liitutionern</span> <span class='ocrx_word' id='word_1_447' title='bbox 1283 3357 1373 3427; x_wconf 87' lang='lat' dir='ltr'>subiit</span> <span class='ocrx_word' id='word_1_448' title='bbox 1392 3381 1536 3428; x_wconf 80' lang='lat' dir='ltr'>mutuans</span> <span class='ocrx_word' id='word_1_449' title='bbox 1556 3410 1564 3438; x_wconf 88' lang='lat'><strong>,</strong></span> <span class='ocrx_word' id='word_1_450' title='bbox 1580 3361 1614 3425; x_wconf 82' lang='lat' dir='ltr'>dt</span> <span class='ocrx_word' id='word_1_451' title='bbox 1633 3377 1704 3425; x_wconf 89' lang='lat' dir='ltr'>erat</span> <span class='ocrx_word' id='word_1_452' title='bbox 1720 3363 1833 3437; x_wconf 86' lang='lat' dir='ltr'>praetio</span> 
     </span>
     <span class='ocr_line' id='line_1_37' title="bbox 270 3438 1833 3520; baseline 0.004 -22"><span class='ocrx_word' id='word_1_453' title='bbox 270 3438 320 3499; x_wconf 88' lang='lat' dir='ltr'>lua</span> <span class='ocrx_word' id='word_1_454' title='bbox 339 3438 494 3502; x_wconf 87' lang='lat' dir='ltr'>Decretali</span> <span class='ocrx_word' id='word_1_455' title='bbox 512 3440 540 3502; x_wconf 86' lang='lat' dir='ltr'>se</span> <span class='ocrx_word' id='word_1_456' title='bbox 560 3460 711 3512; x_wconf 83' lang='lat' dir='ltr'>exponere</span> <span class='ocrx_word' id='word_1_457' title='bbox 729 3443 875 3505; x_wconf 80' lang='lat' dir='ltr'>voluisse.</span> <span class='ocrx_word' id='word_1_458' title='bbox 897 3439 1035 3503; x_wconf 86' lang='lat' dir='ltr'>Seddato</span> <span class='ocrx_word' id='word_1_459' title='bbox 1069 3438 1275 3517; x_wconf 79' lang='lat' dir='ltr'>aestimabile,</span> <span class='ocrx_word' id='word_1_460' title='bbox 1311 3441 1357 3504; x_wconf 88' lang='lat' dir='ltr'>sed</span> <span class='ocrx_word' id='word_1_461' title='bbox 1387 3463 1440 3520; x_wconf 88' lang='lat' dir='ltr'>per</span> <span class='ocrx_word' id='word_1_462' title='bbox 1465 3442 1691 3507; x_wconf 86' lang='lat' dir='ltr'>restitutionem</span> <span class='ocrx_word' id='word_1_463' title='bbox 1721 3440 1759 3505; x_wconf 85' lang='lat' dir='ltr'>iit</span> <span class='ocrx_word' id='word_1_464' title='bbox 1789 3440 1833 3504; x_wconf 79' lang='lat' dir='ltr'>lo·-</span> 
     </span>
     <span class='ocr_line' id='line_1_38' title="bbox 269 3519 1834 3598; baseline 0.004 -20"><span class='ocrx_word' id='word_1_465' title='bbox 269 3522 393 3595; x_wconf 84' lang='lat' dir='ltr'>etiam‚</span> <span class='ocrx_word' id='word_1_466' title='bbox 425 3539 485 3582; x_wconf 88' lang='lat' dir='ltr'>non</span> <span class='ocrx_word' id='word_1_467' title='bbox 512 3520 678 3596; x_wconf 79' lang='lat' dir='ltr'>concello,</span> <span class='ocrx_word' id='word_1_468' title='bbox 719 3539 840 3586; x_wconf 86' lang='lat' dir='ltr'>textum</span> <span class='ocrx_word' id='word_1_469' title='bbox 864 3521 1035 3586; x_wconf 83' lang='lat' dir='ltr'>Decretalis</span> <span class='ocrx_word' id='word_1_470' title='bbox 1070 3519 1225 3584; x_wconf 79' lang='lat' dir='ltr'>lumnrodo</span> <span class='ocrx_word' id='word_1_471' title='bbox 1248 3539 1283 3587; x_wconf 90' lang='lat' dir='ltr'>ut</span> <span class='ocrx_word' id='word_1_472' title='bbox 1325 3523 1491 3598; x_wconf 88' lang='lat' dir='ltr'>periculum</span> <span class='ocrx_word' id='word_1_473' title='bbox 1513 3522 1641 3598; x_wconf 79' lang='lat' dir='ltr'>amplius</span> <span class='ocrx_word' id='word_1_474' title='bbox 1670 3541 1733 3586; x_wconf 82' lang='lat' dir='ltr'>non</span> <span class='ocrx_word' id='word_1_475' title='bbox 1758 3539 1834 3584; x_wconf 80' lang='lat' dir='ltr'>uon·</span> 
     </span>
     <span class='ocr_line' id='line_1_39' title="bbox 270 3598 1190 3667; baseline 0 -8"><span class='ocrx_word' id='word_1_476' title='bbox 270 3617 336 3661; x_wconf 82' lang='lat' dir='ltr'>uun</span> <span class='ocrx_word' id='word_1_477' title='bbox 364 3599 422 3661; x_wconf 82' lang='lat' dir='ltr'>eli&#39;e</span> <span class='ocrx_word' id='word_1_478' title='bbox 447 3599 624 3665; x_wconf 87' lang='lat' dir='ltr'>mendosum</span> <span class='ocrx_word' id='word_1_479' title='bbox 654 3598 751 3663; x_wconf 88' lang='lat' dir='ltr'>adhuc</span> <span class='ocrx_word' id='word_1_480' title='bbox 776 3623 838 3665; x_wconf 91' lang='lat' dir='ltr'>non</span> <span class='ocrx_word' id='word_1_481' title='bbox 853 3601 1035 3667; x_wconf 18' lang='lat' dir='ltr'>‘infirmatur</span> <span class='ocrx_word' id='word_1_482' title='bbox 1071 3604 1190 3664; x_wconf 88' lang='lat' dir='ltr'>tinuet.</span> 
     </span>
     <span class='ocr_line' id='line_1_40' title="bbox 273 3670 1833 3761; baseline 0.004 -26"><span class='ocrx_word' id='word_1_483' title='bbox 273 3672 376 3739; x_wconf 89' lang='lat' dir='ltr'>nosira</span> <span class='ocrx_word' id='word_1_484' title='bbox 397 3670 1035 3758; x_wconf 81' lang='lat' dir='ltr'>sententia.Pontiftxenimcit.eap.‘Na·</span> <span class='ocrx_word' id='word_1_485' title='bbox 1072 3698 1075 3702; x_wconf 84' lang='lat'>·</span> <span class='ocrx_word' id='word_1_486' title='bbox 1110 3680 1157 3742; x_wconf 85' lang='lat' dir='ltr'>Ad</span> <span class='ocrx_word' id='word_1_487' title='bbox 1182 3677 1239 3761; x_wconf 82' lang='lat' dir='ltr'>¹hue</span> <span class='ocrx_word' id='word_1_488' title='bbox 1270 3700 1345 3744; x_wconf 88' lang='lat' dir='ltr'>vero</span> <span class='ocrx_word' id='word_1_489' title='bbox 1369 3692 1404 3745; x_wconf 89' lang='lat' dir='ltr'>ut</span> <span class='ocrx_word' id='word_1_490' title='bbox 1435 3701 1476 3744; x_wconf 85' lang='lat' dir='ltr'>ex</span> <span class='ocrx_word' id='word_1_491' title='bbox 1505 3680 1563 3746; x_wconf 83' lang='lat' dir='ltr'>tali</span> <span class='ocrx_word' id='word_1_492' title='bbox 1596 3670 1689 3743; x_wconf 91' lang='lat' dir='ltr'>titulo</span> <span class='ocrx_word' id='word_1_493' title='bbox 1721 3679 1833 3754; x_wconf 82' lang='lat' dir='ltr'>aliquid</span> 
     </span>
     <span class='ocr_line' id='line_1_41' title="bbox 268 3753 1834 3841; baseline 0.001 -23"><span class='ocrx_word' id='word_1_494' title='bbox 268 3756 392 3831; x_wconf 79' lang='lat' dir='ltr'>viganti</span> <span class='ocrx_word' id='word_1_495' title='bbox 413 3772 473 3817; x_wconf 87' lang='lat' dir='ltr'>uon</span> <span class='ocrx_word' id='word_1_496' title='bbox 494 3759 578 3841; x_wconf 9' lang='lat' dir='ltr'>*dicit</span> <span class='ocrx_word' id='word_1_497' title='bbox 597 3753 761 3833; x_wconf 83' lang='lat' dir='ltr'>absolute,</span> <span class='ocrx_word' id='word_1_498' title='bbox 787 3753 829 3820; x_wconf 84' lang='lat' dir='ltr'>est</span> <span class='ocrx_word' id='word_1_499' title='bbox 857 3757 1035 3833; x_wconf 81' lang='lat' dir='ltr'>usurarius,</span> <span class='ocrx_word' id='word_1_500' title='bbox 1071 3758 1149 3822; x_wconf 91' lang='lat' dir='ltr'>iusie</span> <span class='ocrx_word' id='word_1_501' title='bbox 1164 3762 1244 3837; x_wconf 80' lang='lat' dir='ltr'>exigi</span> <span class='ocrx_word' id='word_1_502' title='bbox 1264 3759 1373 3837; x_wconf 75' lang='lat' dir='ltr'>posfit3</span> <span class='ocrx_word' id='word_1_503' title='bbox 1395 3765 1490 3827; x_wconf 82' lang='lat' dir='ltr'>variae</span> <span class='ocrx_word' id='word_1_504' title='bbox 1511 3761 1712 3836; x_wconf 88' lang='lat' dir='ltr'>requiruntur</span> <span class='ocrx_word' id='word_1_505' title='bbox 1726 3757 1834 3822; x_wconf 87' lang='lat' dir='ltr'>condi·</span> 
     </span>
     <span class='ocr_line' id='line_1_42' title="bbox 269 3837 1834 3915; baseline 0.003 -19"><span class='ocrx_word' id='word_1_506' title='bbox 269 3838 321 3909; x_wconf 84' lang='lat' dir='ltr'>qui</span> <span class='ocrx_word' id='word_1_507' title='bbox 343 3854 461 3897; x_wconf 79' lang='lat' dir='ltr'>certain</span> <span class='ocrx_word' id='word_1_508' title='bbox 473 3837 608 3910; x_wconf 70' lang='lat' dir='ltr'>pecnnia</span> <span class='ocrx_word' id='word_1_509' title='bbox 618 3838 822 3911; x_wconf 86' lang='lat' dir='ltr'>quantitatem</span> <span class='ocrx_word' id='word_1_510' title='bbox 839 3855 959 3899; x_wconf 85' lang='lat' dir='ltr'>mutuat</span> <span class='ocrx_word' id='word_1_511' title='bbox 971 3838 1035 3899; x_wconf 91' lang='lat' dir='ltr'>Na·</span> <span class='ocrx_word' id='word_1_512' title='bbox 1070 3841 1185 3901; x_wconf 79' lang='lat' dir='ltr'>tiones.</span> <span class='ocrx_word' id='word_1_513' title='bbox 1203 3841 1305 3903; x_wconf 84' lang='lat' dir='ltr'>Prima</span> <span class='ocrx_word' id='word_1_514' title='bbox 1322 3861 1429 3915; x_wconf 88' lang='lat' dir='ltr'>nempe</span> <span class='ocrx_word' id='word_1_515' title='bbox 1444 3859 1479 3905; x_wconf 93' lang='lat' dir='ltr'>ut</span> <span class='ocrx_word' id='word_1_516' title='bbox 1496 3857 1638 3902; x_wconf 88' lang='lat' dir='ltr'>mutuans</span> <span class='ocrx_word' id='word_1_517' title='bbox 1656 3854 1834 3902; x_wconf 68' lang='lat' dir='ltr'>nontenw</span> 
     </span>
     <span class='ocr_line' id='line_1_43' title="bbox 244 3912 1925 3998; baseline 0.005 -26"><span class='ocrx_word' id='word_1_518' title='bbox 244 3913 461 3991; x_wconf 26' lang='lat' dir='ltr'>,viganti‚·&amp;</span> <span class='ocrx_word' id='word_1_519' title='bbox 483 3915 685 3992; x_wconf 85' lang='lat' dir='ltr'>proeoquod</span> <span class='ocrx_word' id='word_1_520' title='bbox 707 3917 737 3976; x_wconf 91' lang='lat' dir='ltr'>in</span> <span class='ocrx_word' id='word_1_521' title='bbox 760 3914 788 3977; x_wconf 88' lang='lat' dir='ltr'>se</span> <span class='ocrx_word' id='word_1_522' title='bbox 810 3914 933 3993; x_wconf 85' lang='lat' dir='ltr'>suscipit</span> <span class='ocrx_word' id='word_1_523' title='bbox 958 3921 1032 3998; x_wconf 82' lang='lat' dir='ltr'>peri·</span> <span class='ocrx_word' id='word_1_524' title='bbox 1069 3936 1123 3980; x_wconf 87' lang='lat' dir='ltr'>tur</span> <span class='ocrx_word' id='word_1_525' title='bbox 1144 3920 1175 3980; x_wconf 88' lang='lat' dir='ltr'>in</span> <span class='ocrx_word' id='word_1_526' title='bbox 1195 3919 1225 3981; x_wconf 88' lang='lat' dir='ltr'>le</span> <span class='ocrx_word' id='word_1_527' title='bbox 1245 3916 1390 3998; x_wconf 88' lang='lat' dir='ltr'>suscipere</span> <span class='ocrx_word' id='word_1_528' title='bbox 1412 3921 1580 3994; x_wconf 87' lang='lat' dir='ltr'>periculum</span> <span class='ocrx_word' id='word_1_529' title='bbox 1598 3920 1734 3982; x_wconf 85' lang='lat' dir='ltr'>lortisex</span> <span class='ocrx_word' id='word_1_530' title='bbox 1752 3916 1835 3980; x_wconf 65' lang='lat' dir='ltr'>Cha»</span> <span class='ocrx_word' id='word_1_531' title='bbox 1916 3912 1925 3937; x_wconf 67' lang='lat'>⁸</span> 
     </span>
     <span class='ocr_line' id='line_1_44' title="bbox 224 3988 1833 4077; baseline 0.004 -23"><span class='ocrx_word' id='word_1_532' title='bbox 224 4014 227 4021; x_wconf 95' lang='lat'>·</span> <span class='ocrx_word' id='word_1_533' title='bbox 268 3992 374 4077; x_wconf 82' lang='lat' dir='ltr'>tulum</span> <span class='ocrx_word' id='word_1_534' title='bbox 398 3988 486 4058; x_wconf 75' lang='lat' dir='ltr'>sortia</span> <span class='ocrx_word' id='word_1_535' title='bbox 503 3996 616 4069; x_wconf 83' lang='lat' dir='ltr'>aliquid</span> <span class='ocrx_word' id='word_1_536' title='bbox 642 3993 730 4072; x_wconf 83' lang='lat' dir='ltr'>supra</span> <span class='ocrx_word' id='word_1_537' title='bbox 759 3995 870 4060; x_wconf 84' lang='lat' dir='ltr'>l&#39;ortem</span> <span class='ocrx_word' id='word_1_538' title='bbox 893 3999 1030 4073; x_wconf 82' lang='lat' dir='ltr'>recipit,·</span> <span class='ocrx_word' id='word_1_539' title='bbox 1071 4000 1188 4061; x_wconf 79' lang='lat' dir='ltr'>ritate.</span> <span class='ocrx_word' id='word_1_540' title='bbox 1219 3998 1250 4061; x_wconf 87' lang='lat' dir='ltr'>Si</span> <span class='ocrx_word' id='word_1_541' title='bbox 1266 4004 1349 4063; x_wconf 86' lang='lat' dir='ltr'>enim</span> <span class='ocrx_word' id='word_1_542' title='bbox 1364 4003 1572 4065; x_wconf 74' lang='lat' dir='ltr'>mutuatarius</span> <span class='ocrx_word' id='word_1_543' title='bbox 1590 3995 1774 4064; x_wconf 78' lang='lat' dir='ltr'>constitutur</span> <span class='ocrx_word' id='word_1_544' title='bbox 1794 3996 1833 4061; x_wconf 81' lang='lat' dir='ltr'>sit</span> 
     </span>
     <span class='ocr_line' id='line_1_45' title="bbox 270 4073 1835 4157; baseline 0.005 -26"><span class='ocrx_word' id='word_1_545' title='bbox 270 4074 318 4156; x_wconf 79' lang='lat' dir='ltr'>led</span> <span class='ocrx_word' id='word_1_546' title='bbox 339 4074 408 4148; x_wconf 87' lang='lat' dir='ltr'>ait,</span> <span class='ocrx_word' id='word_1_547' title='bbox 429 4076 506 4149; x_wconf 80' lang='lat' dir='ltr'>¹quod</span> <span class='ocrx_word' id='word_1_548' title='bbox 523 4073 674 4139; x_wconf 80' lang='lat' dir='ltr'>ul&#39;urarius</span> <span class='ocrx_word' id='word_1_549' title='bbox 688 4074 731 4138; x_wconf 79' lang='lat' dir='ltr'>eu</span> <span class='ocrx_word' id='word_1_550' title='bbox 751 4073 934 4152; x_wconf 83' lang='lat' dir='ltr'>censendur,</span> <span class='ocrx_word' id='word_1_551' title='bbox 952 4074 1034 4152; x_wconf 86' lang='lat' dir='ltr'>quali</span> <span class='ocrx_word' id='word_1_552' title='bbox 1070 4079 1103 4138; x_wconf 89' lang='lat' dir='ltr'>in</span> <span class='ocrx_word' id='word_1_553' title='bbox 1123 4079 1210 4155; x_wconf 74' lang='lat' dir='ltr'>gravi</span> <span class='ocrx_word' id='word_1_554' title='bbox 1231 4078 1408 4145; x_wconf 77' lang='lat' dir='ltr'>necesitate</span> <span class='ocrx_word' id='word_1_555' title='bbox 1419 4126 1429 4157; x_wconf 91' lang='lat'>,</span> <span class='ocrx_word' id='word_1_556' title='bbox 1449 4075 1616 4156; x_wconf 73' lang='lat' dir='ltr'>prasertim</span> <span class='ocrx_word' id='word_1_557' title='bbox 1629 4077 1703 4143; x_wconf 89' lang='lat' dir='ltr'>casu</span> <span class='ocrx_word' id='word_1_558' title='bbox 1720 4074 1835 4140; x_wconf 79' lang='lat' dir='ltr'>fortui-</span> 
     </span>
     <span class='ocr_line' id='line_1_46' title="bbox 269 4148 1834 4243; baseline 0.004 -31"><span class='ocrx_word' id='word_1_559' title='bbox 269 4148 392 4216; x_wconf 82' lang='lat' dir='ltr'>lenserit</span> <span class='ocrx_word' id='word_1_560' title='bbox 411 4169 482 4219; x_wconf 82' lang='lat' dir='ltr'>eruu</span> <span class='ocrx_word' id='word_1_561' title='bbox 502 4168 565 4243; x_wconf 81' lang='lat' dir='ltr'>non</span> <span class='ocrx_word' id='word_1_562' title='bbox 584 4156 748 4223; x_wconf 84' lang='lat' dir='ltr'>necessario</span> <span class='ocrx_word' id='word_1_563' title='bbox 763 4159 824 4221; x_wconf 87' lang='lat' dir='ltr'>elle</span> <span class='ocrx_word' id='word_1_564' title='bbox 846 4157 1032 4233; x_wconf 81' lang='lat' dir='ltr'>usurarium,</span> <span class='ocrx_word' id='word_1_565' title='bbox 1069 4173 1104 4220; x_wconf 91' lang='lat' dir='ltr'>to</span> <span class='ocrx_word' id='word_1_566' title='bbox 1120 4155 1228 4234; x_wconf 83' lang='lat' dir='ltr'>absque</span> <span class='ocrx_word' id='word_1_567' title='bbox 1245 4160 1297 4224; x_wconf 87' lang='lat' dir='ltr'>sua</span> <span class='ocrx_word' id='word_1_568' title='bbox 1316 4161 1403 4239; x_wconf 79' lang='lat' dir='ltr'>gravi</span> <span class='ocrx_word' id='word_1_569' title='bbox 1420 4160 1530 4243; x_wconf 83' lang='lat' dir='ltr'>culpa,</span> <span class='ocrx_word' id='word_1_570' title='bbox 1546 4157 1568 4220; x_wconf 83' lang='lat' dir='ltr'>si</span> <span class='ocrx_word' id='word_1_571' title='bbox 1585 4151 1705 4235; x_wconf 89' lang='lat' dir='ltr'>insuper</span> <span class='ocrx_word' id='word_1_572' title='bbox 1720 4155 1834 4230; x_wconf 59' lang='lat' dir='ltr'>srtptt*</span> 
     </span>
     <span class='ocr_line' id='line_1_47' title="bbox 271 4232 1834 4320; baseline 0.004 -27"><span class='ocrx_word' id='word_1_573' title='bbox 271 4233 323 4320; x_wconf 76' lang='lat' dir='ltr'>led</span> <span class='ocrx_word' id='word_1_574' title='bbox 336 4232 429 4299; x_wconf 85' lang='lat' dir='ltr'>talem</span> <span class='ocrx_word' id='word_1_575' title='bbox 452 4238 588 4309; x_wconf 82' lang='lat' dir='ltr'>praelumi</span> <span class='ocrx_word' id='word_1_576' title='bbox 608 4237 766 4300; x_wconf 82' lang='lat' dir='ltr'>deberem</span> <span class='ocrx_word' id='word_1_577' title='bbox 789 4236 858 4303; x_wconf 85' lang='lat' dir='ltr'>soto</span> <span class='ocrx_word' id='word_1_578' title='bbox 876 4254 1008 4300; x_wconf 83' lang='lat' dir='ltr'>externo</span> <span class='ocrx_word' id='word_1_579' title='bbox 1026 4284 1035 4312; x_wconf 88' lang='lat'>‚</span> <span class='ocrx_word' id='word_1_580' title='bbox 1069 4233 1141 4300; x_wconf 83' lang='lat' dir='ltr'>sona</span> <span class='ocrx_word' id='word_1_581' title='bbox 1158 4236 1321 4311; x_wconf 80' lang='lat' dir='ltr'>industria,</span> <span class='ocrx_word' id='word_1_582' title='bbox 1338 4238 1432 4301; x_wconf 86' lang='lat' dir='ltr'>fidelis</span> <span class='ocrx_word' id='word_1_583' title='bbox 1449 4240 1481 4301; x_wconf 88' lang='lat' dir='ltr'>in</span> <span class='ocrx_word' id='word_1_584' title='bbox 1501 4236 1654 4302; x_wconf 79' lang='lat' dir='ltr'>servandis</span> <span class='ocrx_word' id='word_1_585' title='bbox 1670 4234 1834 4314; x_wconf 66' lang='lat' dir='ltr'>promissis·⁴</span> 
     </span>
     <span class='ocr_line' id='line_1_48' title="bbox 270 4311 1835 4409; baseline 0.006 -38"><span class='ocrx_word' id='word_1_586' title='bbox 270 4312 325 4372; x_wconf 84' lang='lat' dir='ltr'>nili</span> <span class='ocrx_word' id='word_1_587' title='bbox 347 4311 451 4389; x_wconf 87' lang='lat' dir='ltr'>probet</span> <span class='ocrx_word' id='word_1_588' title='bbox 473 4314 593 4378; x_wconf 84' lang='lat' dir='ltr'>lebona</span> <span class='ocrx_word' id='word_1_589' title='bbox 610 4316 670 4379; x_wconf 82' lang='lat' dir='ltr'>fide</span> <span class='ocrx_word' id='word_1_590' title='bbox 688 4318 720 4378; x_wconf 94' lang='lat' dir='ltr'>in</span> <span class='ocrx_word' id='word_1_591' title='bbox 737 4316 765 4379; x_wconf 89' lang='lat' dir='ltr'>se</span> <span class='ocrx_word' id='word_1_592' title='bbox 786 4315 1034 4409; x_wconf 74' lang='lat' dir='ltr'>l&#39;uleepil‘seperi·</span> <span class='ocrx_word' id='word_1_593' title='bbox 1069 4320 1224 4381; x_wconf 80' lang='lat' dir='ltr'>timoratae</span> <span class='ocrx_word' id='word_1_594' title='bbox 1240 4317 1462 4396; x_wconf 69' lang='lat' dir='ltr'>conscientie,</span> <span class='ocrx_word' id='word_1_595' title='bbox 1489 4339 1523 4382; x_wconf 89' lang='lat' dir='ltr'>ac</span> <span class='ocrx_word' id='word_1_596' title='bbox 1549 4335 1699 4394; x_wconf 67' lang='lat' dir='ltr'>preterea</span> <span class='ocrx_word' id='word_1_597' title='bbox 1724 4336 1835 4395; x_wconf 77' lang='lat' dir='ltr'>togua-</span> 
     </span>
     <span class='ocr_line' id='line_1_49' title="bbox 269 4390 1836 4473; baseline 0.004 -21"><span class='ocrx_word' id='word_1_598' title='bbox 269 4390 372 4454; x_wconf 85' lang='lat' dir='ltr'>eulum</span> <span class='ocrx_word' id='word_1_599' title='bbox 393 4398 434 4455; x_wconf 88' lang='lat' dir='ltr'>rei</span> <span class='ocrx_word' id='word_1_600' title='bbox 456 4414 608 4460; x_wconf 84' lang='lat' dir='ltr'>mutuatae</span> <span class='ocrx_word' id='word_1_601' title='bbox 628 4417 690 4459; x_wconf 91' lang='lat' dir='ltr'>non</span> <span class='ocrx_word' id='word_1_602' title='bbox 719 4417 822 4461; x_wconf 85' lang='lat' dir='ltr'>autern</span> <span class='ocrx_word' id='word_1_603' title='bbox 848 4417 883 4461; x_wconf 89' lang='lat' dir='ltr'>ut</span> <span class='ocrx_word' id='word_1_604' title='bbox 914 4396 1034 4460; x_wconf 88' lang='lat' dir='ltr'>usuram</span> <span class='ocrx_word' id='word_1_605' title='bbox 1069 4395 1348 4472; x_wconf 81' lang='lat' dir='ltr'>tionir,societatis</span> <span class='ocrx_word' id='word_1_606' title='bbox 1371 4446 1380 4473; x_wconf 85' lang='lat'>,</span> <span class='ocrx_word' id='word_1_607' title='bbox 1408 4396 1459 4461; x_wconf 85' lang='lat' dir='ltr'>vel</span> <span class='ocrx_word' id='word_1_608' title='bbox 1480 4396 1667 4461; x_wconf 74' lang='lat' dir='ltr'>sibiemonu</span> <span class='ocrx_word' id='word_1_609' title='bbox 1690 4395 1725 4462; x_wconf 70' lang='grc' dir='ltr'>ἃ</span> <span class='ocrx_word' id='word_1_610' title='bbox 1746 4397 1836 4461; x_wconf 69' lang='lat' dir='ltr'>samii·</span> 
     </span>
     <span class='ocr_line' id='line_1_50' title="bbox 271 4469 1835 4563; baseline 0.003 -29"><span class='ocrx_word' id='word_1_611' title='bbox 271 4471 429 4543; x_wconf 83' lang='lat' dir='ltr'>palliaret.</span> <span class='ocrx_word' id='word_1_612' title='bbox 454 4469 582 4538; x_wconf 79' lang='lat' dir='ltr'>Itanon</span> <span class='ocrx_word' id='word_1_613' title='bbox 612 4477 721 4552; x_wconf 79' lang='lat' dir='ltr'>aliquis</span> <span class='ocrx_word' id='word_1_614' title='bbox 745 4481 879 4541; x_wconf 80' lang='lat' dir='ltr'>vultaris</span> <span class='ocrx_word' id='word_1_615' title='bbox 897 4475 1034 4539; x_wconf 85' lang='lat' dir='ltr'>Caluilla</span> <span class='ocrx_word' id='word_1_616' title='bbox 1071 4477 1237 4563; x_wconf 68' lang='lat' dir='ltr'>ilaritatis;</span> <span class='ocrx_word' id='word_1_617' title='bbox 1270 4479 1409 4554; x_wconf 86' lang='lat' dir='ltr'>praecipit</span> <span class='ocrx_word' id='word_1_618' title='bbox 1437 4480 1520 4541; x_wconf 86' lang='lat' dir='ltr'>enim</span> <span class='ocrx_word' id='word_1_619' title='bbox 1544 4477 1688 4541; x_wconf 81' lang='lat' dir='ltr'>Charitas</span> <span class='ocrx_word' id='word_1_620' title='bbox 1715 4496 1750 4540; x_wconf 91' lang='lat' dir='ltr'>ut</span> <span class='ocrx_word' id='word_1_621' title='bbox 1767 4478 1835 4554; x_wconf 77' lang='lat' dir='ltr'>quir</span> 
     </span>
     <span class='ocr_line' id='line_1_51' title="bbox 273 4547 1835 4634; baseline 0.003 -19"><span class='ocrx_word' id='word_1_622' title='bbox 273 4547 541 4617; x_wconf 78' lang='lat' dir='ltr'>Probabilistarum</span> <span class='ocrx_word' id='word_1_623' title='bbox 566 4555 614 4619; x_wconf 86' lang='lat' dir='ltr'>sed</span> <span class='ocrx_word' id='word_1_624' title='bbox 643 4556 910 4620; x_wconf 68' lang='lat' dir='ltr'>excellentissimus</span> <span class='ocrx_word' id='word_1_625' title='bbox 934 4557 1034 4620; x_wconf 87' lang='lat' dir='ltr'>Cano·</span> <span class='ocrx_word' id='word_1_626' title='bbox 1069 4555 1174 4623; x_wconf 86' lang='lat' dir='ltr'>lubeat</span> <span class='ocrx_word' id='word_1_627' title='bbox 1200 4558 1365 4633; x_wconf 80' lang='lat' dir='ltr'>periculum</span> <span class='ocrx_word' id='word_1_628' title='bbox 1393 4553 1536 4634; x_wconf 81' lang='lat' dir='ltr'>dispendii</span> <span class='ocrx_word' id='word_1_629' title='bbox 1565 4557 1664 4629; x_wconf 83' lang='lat' dir='ltr'>quoad</span> <span class='ocrx_word' id='word_1_630' title='bbox 1688 4557 1766 4620; x_wconf 88' lang='lat' dir='ltr'>bona</span> <span class='ocrx_word' id='word_1_631' title='bbox 1789 4555 1835 4620; x_wconf 86' lang='lat' dir='ltr'>iu·</span> 
     </span>
     <span class='ocr_line' id='line_1_52' title="bbox 271 4631 1833 4712; baseline 0.004 -18"><span class='ocrx_word' id='word_1_632' title='bbox 271 4631 493 4712; x_wconf 68' lang='lat' dir='ltr'>uilialiml&#39;ptr</span> <span class='ocrx_word' id='word_1_633' title='bbox 513 4636 712 4712; x_wconf 80' lang='lat' dir='ltr'>Fagnanuain</span> <span class='ocrx_word' id='word_1_634' title='bbox 733 4633 1031 4702; x_wconf 73' lang='lat' dir='ltr'>liancDetretalem.</span> <span class='ocrx_word' id='word_1_635' title='bbox 1070 4634 1185 4709; x_wconf 87' lang='lat' dir='ltr'>petilua</span> <span class='ocrx_word' id='word_1_636' title='bbox 1206 4637 1243 4699; x_wconf 85' lang='lat' dir='ltr'>ad</span> <span class='ocrx_word' id='word_1_637' title='bbox 1264 4634 1481 4709; x_wconf 74' lang='lat' dir='ltr'>sublevandam</span> <span class='ocrx_word' id='word_1_638' title='bbox 1495 4634 1595 4700; x_wconf 84' lang='lat' dir='ltr'>miseri</span> <span class='ocrx_word' id='word_1_639' title='bbox 1629 4640 1672 4703; x_wconf 88' lang='lat' dir='ltr'>ita</span> <span class='ocrx_word' id='word_1_640' title='bbox 1687 4637 1739 4700; x_wconf 80' lang='lat' dir='ltr'>sibi</span> <span class='ocrx_word' id='word_1_641' title='bbox 1760 4657 1833 4702; x_wconf 88' lang='lat' dir='ltr'>con·</span> 
     </span>
     <span class='ocr_line' id='line_1_53' title="bbox 269 4712 1832 4795; baseline 0.005 -23"><span class='ocrx_word' id='word_1_642' title='bbox 269 4712 351 4775; x_wconf 86' lang='lat' dir='ltr'>Hine</span> <span class='ocrx_word' id='word_1_643' title='bbox 373 4714 586 4790; x_wconf 78' lang='lat' dir='ltr'>sapientiffime</span> <span class='ocrx_word' id='word_1_644' title='bbox 607 4715 788 4789; x_wconf 77' lang='lat' dir='ltr'>obiediinni,</span> <span class='ocrx_word' id='word_1_645' title='bbox 809 4736 899 4794; x_wconf 86' lang='lat' dir='ltr'>quarn</span> <span class='ocrx_word' id='word_1_646' title='bbox 915 4739 955 4779; x_wconf 85' lang='lat' dir='ltr'>ex</span> <span class='ocrx_word' id='word_1_647' title='bbox 978 4715 1033 4778; x_wconf 89' lang='lat' dir='ltr'>hac</span> <span class='ocrx_word' id='word_1_648' title='bbox 1068 4712 1156 4777; x_wconf 72' lang='lat' dir='ltr'>iuutii</span> <span class='ocrx_word' id='word_1_649' title='bbox 1178 4729 1303 4793; x_wconf 78' lang='lat' dir='ltr'>gratem</span> <span class='ocrx_word' id='word_1_650' title='bbox 1318 4716 1533 4793; x_wconf 63' lang='lat' dir='ltr'>indigentiam.</span> <span class='ocrx_word' id='word_1_651' title='bbox 1555 4716 1832 4795; x_wconf 66' lang='lat' dir='ltr'>imperiturum</span> 
     </span>
     <span class='ocr_line' id='line_1_54' title="bbox 269 4792 1835 4876; baseline 0.004 -23"><span class='ocrx_word' id='word_1_652' title='bbox 269 4792 427 4857; x_wconf 80' lang='lat' dir='ltr'>Decrecali</span> <span class='ocrx_word' id='word_1_653' title='bbox 467 4792 639 4860; x_wconf 82' lang='lat' dir='ltr'>instaurant</span> <span class='ocrx_word' id='word_1_654' title='bbox 668 4796 842 4862; x_wconf 75' lang='lat' dir='ltr'>Adversarii</span> <span class='ocrx_word' id='word_1_655' title='bbox 875 4795 1033 4873; x_wconf 72' lang='lat' dir='ltr'>&#39;respondet</span> <span class='ocrx_word' id='word_1_656' title='bbox 1069 4814 1131 4855; x_wconf 88' lang='lat' dir='ltr'>non</span> <span class='ocrx_word' id='word_1_657' title='bbox 1145 4793 1181 4858; x_wconf 83' lang='lat' dir='ltr'>sit</span> <span class='ocrx_word' id='word_1_658' title='bbox 1200 4812 1324 4861; x_wconf 88' lang='lat' dir='ltr'>tantum</span> <span class='ocrx_word' id='word_1_659' title='bbox 1343 4795 1508 4876; x_wconf 83' lang='lat' dir='ltr'>possibile,</span> <span class='ocrx_word' id='word_1_660' title='bbox 1535 4795 1585 4858; x_wconf 88' lang='lat' dir='ltr'>sed</span> <span class='ocrx_word' id='word_1_661' title='bbox 1612 4801 1709 4862; x_wconf 86' lang='lat' dir='ltr'>etiam</span> <span class='ocrx_word' id='word_1_662' title='bbox 1730 4796 1835 4874; x_wconf 82' lang='lat' dir='ltr'>proba·</span> 
     </span>
     <span class='ocr_line' id='line_1_55' title="bbox 270 4871 1833 4962; baseline 0.003 -27"><span class='ocrx_word' id='word_1_663' title='bbox 270 4871 478 4962; x_wconf 80' lang='lat' dir='ltr'>Toritneieius</span> <span class='ocrx_word' id='word_1_664' title='bbox 499 4925 507 4950; x_wconf 90' lang='lat'>‚</span> <span class='ocrx_word' id='word_1_665' title='bbox 525 4877 636 4940; x_wconf 73' lang='lat' dir='ltr'>ditium</span> <span class='ocrx_word' id='word_1_666' title='bbox 652 4895 848 4942; x_wconf 83' lang='lat' dir='ltr'>mutuantem</span> <span class='ocrx_word' id='word_1_667' title='bbox 866 4875 1033 4941; x_wconf 87' lang='lat' dir='ltr'>usurarium</span> <span class='ocrx_word' id='word_1_668' title='bbox 1068 4873 1147 4948; x_wconf 83' lang='lat' dir='ltr'>bile,</span> <span class='ocrx_word' id='word_1_669' title='bbox 1165 4874 1238 4940; x_wconf 80' lang='lat' dir='ltr'>ideli</span> <span class='ocrx_word' id='word_1_670' title='bbox 1251 4877 1419 4953; x_wconf 57' lang='lat' dir='ltr'>uie-quo</span> <span class='ocrx_word' id='word_1_671' title='bbox 1438 4875 1537 4941; x_wconf 84' lang='lat' dir='ltr'>llanre</span> <span class='ocrx_word' id='word_1_672' title='bbox 1553 4877 1720 4955; x_wconf 86' lang='lat' dir='ltr'>prudenter</span> <span class='ocrx_word' id='word_1_673' title='bbox 1729 4876 1833 4941; x_wconf 85' lang='lat' dir='ltr'>timeri</span> 
     </span>
     <span class='ocr_line' id='line_1_56' title="bbox 269 4948 1831 5032; baseline 0.004 -17"><span class='ocrx_word' id='word_1_674' title='bbox 269 4962 334 5018; x_wconf 77' lang='lat' dir='ltr'>elie</span> <span class='ocrx_word' id='word_1_675' title='bbox 354 4957 374 5018; x_wconf 83' lang='lat' dir='ltr'>si</span> <span class='ocrx_word' id='word_1_676' title='bbox 393 4980 434 5021; x_wconf 88' lang='lat' dir='ltr'>no</span> <span class='ocrx_word' id='word_1_677' title='bbox 490 4959 529 5021; x_wconf 92' lang='lat' dir='ltr'>rit</span> <span class='ocrx_word' id='word_1_678' title='bbox 557 4961 630 5021; x_wconf 87' lang='lat' dir='ltr'>dare</span> <span class='ocrx_word' id='word_1_679' title='bbox 657 4974 798 5022; x_wconf 83' lang='lat' dir='ltr'>mutuum</span> <span class='ocrx_word' id='word_1_680' title='bbox 825 4956 879 5021; x_wconf 81' lang='lat' dir='ltr'>uisi</span> <span class='ocrx_word' id='word_1_681' title='bbox 902 4956 955 5020; x_wconf 85' lang='lat' dir='ltr'>sub</span> <span class='ocrx_word' id='word_1_682' title='bbox 974 4955 1033 5018; x_wconf 71' lang='lat' dir='ltr'>iac</span> <span class='ocrx_word' id='word_1_683' title='bbox 1067 4952 1154 5025; x_wconf 77' lang='lat' dir='ltr'>mut</span> <span class='ocrx_word' id='word_1_684' title='bbox 1164 4955 1260 5021; x_wconf 85' lang='lat' dir='ltr'>sortis</span> <span class='ocrx_word' id='word_1_685' title='bbox 1268 4948 1387 5024; x_wconf 65' lang='lat' dir='ltr'>duffio</span> <span class='ocrx_word' id='word_1_686' title='bbox 1402 4963 1436 5023; x_wconf 89' lang='lat' dir='ltr'>in</span> <span class='ocrx_word' id='word_1_687' title='bbox 1450 4974 1537 5032; x_wconf 85' lang='lat' dir='ltr'>torn,</span> <span class='ocrx_word' id='word_1_688' title='bbox 1555 4958 1604 5019; x_wconf 84' lang='lat' dir='ltr'>vel</span> <span class='ocrx_word' id='word_1_689' title='bbox 1620 4961 1658 5018; x_wconf 90' lang='lat' dir='ltr'>in</span> <span class='ocrx_word' id='word_1_690' title='bbox 1677 4970 1782 5031; x_wconf 83' lang='lat' dir='ltr'>parte.</span> <span class='ocrx_word' id='word_1_691' title='bbox 1801 4970 1831 5032; x_wconf 80' lang='lat'>3.</span> 
     </span>
     <span class='ocr_line' id='line_1_57' title="bbox 267 5028 1836 5117; baseline -0.001 -17"><span class='ocrx_word' id='word_1_692' title='bbox 267 5040 406 5102; x_wconf 79' lang='lat' dir='ltr'>touiitio</span> <span class='ocrx_word' id='word_1_693' title='bbox 470 5089 478 5117; x_wconf 89' lang='lat'>,</span> <span class='ocrx_word' id='word_1_694' title='bbox 506 5058 547 5102; x_wconf 90' lang='lat' dir='ltr'>ut·</span> <span class='ocrx_word' id='word_1_695' title='bbox 563 5036 622 5116; x_wconf 82' lang='lat' dir='ltr'>ipse</span> <span class='ocrx_word' id='word_1_696' title='bbox 651 5039 738 5103; x_wconf 75' lang='lat' dir='ltr'>sortis</span> <span class='ocrx_word' id='word_1_697' title='bbox 759 5038 927 5116; x_wconf 86' lang='lat' dir='ltr'>periculum</span> <span class='ocrx_word' id='word_1_698' title='bbox 944 5054 1034 5098; x_wconf 79' lang='lat' dir='ltr'>terto</span> <span class='ocrx_word' id='word_1_699' title='bbox 1069 5028 1116 5097; x_wconf 88' lang='lat' dir='ltr'>Ut</span> <span class='ocrx_word' id='word_1_700' title='bbox 1133 5030 1189 5111; x_wconf 79' lang='lat' dir='ltr'>bue</span> <span class='ocrx_word' id='word_1_701' title='bbox 1213 5034 1380 5113; x_wconf 78' lang='lat' dir='ltr'>periciuum</span> <span class='ocrx_word' id='word_1_702' title='bbox 1404 5037 1554 5114; x_wconf 82' lang='lat' dir='ltr'>probabile</span> <span class='ocrx_word' id='word_1_703' title='bbox 1576 5035 1836 5111; x_wconf 81' lang='lat' dir='ltr'>nonsufficieuter</span> 
     </span>
     <span class='ocr_line' id='line_1_58' title="bbox 267 5115 1857 5261; baseline -0.001 -76"><span class='ocrx_word' id='word_1_704' title='bbox 267 5123 369 5198; x_wconf 85' lang='lat' dir='ltr'>pretio</span> <span class='ocrx_word' id='word_1_705' title='bbox 388 5124 398 5184; x_wconf 93' lang='lat' dir='ltr'>i</span> <span class='ocrx_word' id='word_1_706' title='bbox 423 5120 466 5185; x_wconf 82' lang='lat' dir='ltr'>se</span> <span class='ocrx_word' id='word_1_707' title='bbox 486 5118 648 5200; x_wconf 73' lang='lat' dir='ltr'>susciperet</span> <span class='ocrx_word' id='word_1_708' title='bbox 670 5134 759 5200; x_wconf 86' lang='lat' dir='ltr'>,non</span> <span class='ocrx_word' id='word_1_709' title='bbox 778 5140 856 5189; x_wconf 73' lang='lat' dir='ltr'>vero</span> <span class='ocrx_word' id='word_1_710' title='bbox 876 5117 897 5180; x_wconf 84' lang='lat' dir='ltr'>si</span> <span class='ocrx_word' id='word_1_711' title='bbox 916 5115 1034 5195; x_wconf 78' lang='lat' dir='ltr'>aliquid</span> <span class='ocrx_word' id='word_1_712' title='bbox 1068 5115 1249 5203; x_wconf 74' lang='lat' dir='ltr'>excludatur</span> <span class='ocrx_word' id='word_1_713' title='bbox 1269 5127 1324 5199; x_wconf 78' lang='lat' dir='ltr'>per</span> <span class='ocrx_word' id='word_1_714' title='bbox 1341 5117 1568 5261; x_wconf 66' lang='grc' dir='ltr'>-Εάεἰυιίοὸεε,</span> <span class='ocrx_word' id='word_1_715' title='bbox 1593 5119 1654 5199; x_wconf 49' lang='grc' dir='ltr'>νεὶ,</span> <span class='ocrx_word' id='word_1_716' title='bbox 1666 5139 1719 5194; x_wconf 88' lang='lat' dir='ltr'>pet</span> <span class='ocrx_word' id='word_1_717' title='bbox 1741 5117 1857 5259; x_wconf 47' lang='lat' dir='ltr'>lilyeuur&#39;</span> 
     </span>
     <span class='ocr_line' id='line_1_59' title="bbox 1730 5212 1799 5259; baseline -0.043 0"><span class='ocrx_word' id='word_1_718' title='bbox 1730 5212 1743 5259; x_wconf 89' lang='lat' dir='ltr'>t</span> <span class='ocrx_word' id='word_1_719' title='bbox 1785 5225 1799 5256; x_wconf 91' lang='lat'>.·</span> 
     </span>
    </p>
   </div>
   <div class='ocr_carea' id='block_1_7' title="bbox 723 5486 847 5660">
    <p class='ocr_par' dir='ltr' id='par_1_7' title="bbox 723 5374 852 5660">
     <span class='ocr_line' id='line_1_60' title="bbox 723 5486 847 5660; baseline -0.008 -204"><span class='ocrx_word' id='word_1_720' title='bbox 723 5486 847 5660; x_wconf 31' lang='lat' dir='ltr'><em>j</em></span> 
     </span>
    </p>
   </div>
   <div class='ocr_carea' id='block_1_8' title="bbox 0 0 2232 6000">
    <p class='ocr_par' dir='ltr' id='par_1_8' title="bbox 0 0 2232 6000">
     <span class='ocr_line' id='line_1_61' title="bbox 0 0 2232 6000; baseline 0 0"><span class='ocrx_word' id='word_1_721' title='bbox 0 0 2232 6000; x_wconf 95' lang='lat' dir='ltr'> </span> 
     </span>
    </p>
   </div>
  </div>
 </body>
</html>
