4425 6000
566 525 768 603 Trunca.
798 548 863 599 na
891 524 1226 599 Coiirnnnr.
1257 525 1377 597 Car.
1404 524 1471 598 Vl.
1673 551 1752 626 229

257 625 435 694 enmuniter
461 642 502 688 ex
528 626 603 706 [ες.
632 627 683 705 qui
707 627 805 692 aliena
834 624 863 687 8.
893 623 952 688 cod.
971 624 999 704 fi
1037 622 1292 689 ieshaeieditaris
1313 673 1322 701 ,
1340 640 1376 685 ut
1393 644 1430 687 ex
1450 637 1511 701 cap.
1534 620 1566 686 i'n
1585 622 1694 690 sr'iierr's
1711 646 1739 707 5.
1761 630 1800 695 de

257 709 297 773 iis
316 707 433 785 elteri,
461 705 512 768 uel
525 705 579 782 fibi
595 731 604 787 3
635 709 704 782 quia
730 705 851 781 quando
884 725 929 767 res
954 704 998 766 se·
1037 702 1175 782 raptoris.
1193 701 1363 787 'Tenentur
1381 702 1564 777 vero,sitet
1586 725 1633 768 ret
1660 703 1800 773 usuraria

257 788 362 853 indum
388 787 417 850 le
443 784 570 848 nonest
604 782 779 862 frugifera,
817 776 933 867 suillus
958 803 997 845 eir
1034 786 1065 845 in
1088 801 1199 848 natura
1220 780 1272 847 sua
1298 786 1333 848 ad
1359 802 1412 846 eos
1439 803 1502 845 non
1533 782 1719 864 devenerit,
1744 804 1800 851 nec

257 865 289 935 la
306 869 441 943 percepti
465 883 525 926 non
547 865 614 927 sunt
637 861 748 927 sautius
774 865 844 938 rei,
875 862 923 925 sed
954 865 999 924 in·
1034 863 1186 939 perillam
1207 860 1801 929 haereditaseorumsitauiia'.8icEn·

257 942 350 1011 islriae
369 943 503 1020 personae
523 990 532 1020 ,
556 945 682 1021 ideoque
702 963 762 1007 non
780 942 817 1006 ad
842 940 999 1004 dominum
1032 941 1080 1020 gel
1107 938 1156 1006 lib.
1190 962 1215 1017 5.
1240 944 1382 1006 Damas.
1413 943 1461 1006 iit.
1478 959 1506 1020 9.
1539 942 1576 1004 de
1597 943 1695 1021 usuris
1723 951 1750 1010 t.
1770 960 1798 1023 3.

260 1027 299 1105 i,
330 1026 378 1090 sed
404 1025 441 1088 ad
470 1020 624 1101 personam
644 1022 822 1108 industriam
840 1020 996 1096 applicari·
1032 1044 1115 1085 num.
1144 1036 1170 1099 3.
1208 1029 1278 1096 qiiia
1310 1021 1444 1087 haeredes
1482 1021 1519 1086 ad
1544 1026 1801 1088 exonerationem

258 1126 291 1169 m
312 1102 461 1181 spellant.
485 1102 591 1177 Quare
616 1104 686 1179 iplae
705 1122 772 1178 res,
795 1120 869 1177 quas
893 1102 998 1164 usura·
1031 1102 1226 1166 conscientiae
1245 1118 1391 1184 tenentur
1411 1121 1465 1179 pro
1495 1100 1611 1169 viribus
1640 1102 1801 1167 haeredita·

257 1205 289 1249 aa
308 1185 361 1247 libi
378 1187 452 1247 emit
473 1203 511 1246 ex
528 1183 655 1259 pecunia
678 1178 830 1255 usuraria,
850 1180 921 1243 licet
944 1183 997 1241 im·
1033 1184 1072 1245 tis
1090 1176 1266 1244 satisfacere
1283 1184 1318 1243 iis
1344 1179 1482 1244 omnibus
1503 1231 1513 1262 ,
1557 1178 1643 1245 uibus
1669 1203 1722 1259 per
1750 1181 1801 1246 de·

257 1267 392 1328 innixtae
413 1263 535 1346 &non
552 1258 769 1325 consul'aecum
800 1262 995 1352 propriore·
1031 1258 1166 1345 sunlium
1198 1258 1342 1326 damnum
1369 1261 1491 1326 illatum
1514 1203 1589 1339 ed,
1617 1260 1737 1327 tametsi
1758 1282 1801 1337 ex

257 1362 280 1407 ie
300 1341 393 1419 ipsius
412 1341 539 1404 usurarii
558 1390 567 1418 ,
596 1340 754 1404 transeunt
776 1341 807 1401 in
827 1338 996 1402 domimum
1032 1341 1086 1403 tasi
1104 1339 1216 1404 damno
1238 1339 1401 1405 haereditas
1419 1338 1505 1407 aritia
1521 1361 1583 1406 non
1600 1339 1656 1419 sit,
1672 1360 1730 1421 cap.
1742 1346 1802 1407 Pa·

257 1418 353 1487 hierii
373 1470 382 1500 ,
403 1421 652 1485 &communiter
669 1421 703 1481 in
724 1419 782 1481 hoc
803 1421 994 1484 conveniunt
1030 1418 1165 1483 rothstano
1182 1431 1231 1483 tuo
1253 1440 1300 1502 ¹4·
1324 1420 1361 1482 de
1374 1418 1538 1500 sepulturis
1550 1444 1562 1497 ;
1578 1422 1649 1496 quia
1666 1442 1802 1493 onusre⁴

257 1498 372 1568 odores
410 1504 505 1564 etiam
531 1520 568 1562 ne
589 1516 683 1562 antea·
702 1495 871 1561 usurarium
899 1497 995 1560 domi·
1030 1497 1181 1562 slituendi
1199 1497 1323 1562 affixum
1341 1500 1386 1562 est
1405 1499 1490 1563 bonis
1509 1496 1639 1563 defundi
1663 1548 1671 1575 ‚
1687 1501 1801 1565 idcirco

257 1602 302 1645 im
322 1579 390 1654 fieri
413 1583 454 1642 rei
471 1578 522 1643 sub
549 1521 639 1643 adura
667 1594 835 1653 acceptae,·
863 1579 932 1652 quia
949 1595 995 1638 res
1032 1577 1142 1643 transit
1165 1576 1201 1641 ad
1216 1597 1321 1642 eorum
1345 1579 1554 1656 possessorem.
1577 1578 1746 1645 Restitutio
1755 1578 1803 1645 fa-

257 1682 281 1725 rr
310 1658 479 1723 usurariam
505 1663 665 1736 pecuniam
696 1675 809 1733 emptae
834 1676 896 1720 non
924 1652 996 1717 sunt
1029 1657 1138 1720 cienda
1165 1655 1210 1718 est
1240 1658 1329 1734 illis,
1365 1659 1513 1734 aquibus
1542 1657 1640 1723 usurae
1663 1676 1801 1725 extortae

257 1737 341 1805 ustus
362 1741 517 1815 pecuniae,
534 1756 648 1814 utpote
668 1759 707 1802 ex
728 1737 758 1800 l'e
780 1734 917 1811 sterilia,
947 1731 996 1797 sed
1031 1734 1129 1814 fuere,
1151 1736 1202 1799 ves
1223 1754 1329 1801 eorum
1349 1735 1543 1813 haeredibus,
1566 1737 1587 1800 si
1608 1754 1719 1804 extent
1737 1788 1747 1818 ,
1766 1739 1802 1807 de

257 1817 341 1883 ustus
356 1818 512 1882 industriae
527 1866 536 1894 ,
554 1817 604 1881 seu
617 1817 803 1883 voluntariae
812 1816 996 1891 emptionis,
1029 1816 1050 1879 si
1073 1816 1178 1879 nullus
1198 1816 1303 1893 aliquis
1328 1816 1366 1880 fit
1392 1814 1536 1893 superstes
1560 1865 1569 1895 ,
1596 1816 1735 1884 facienda
1756 1818 1802 1882 est

257 1916 282 1964 it
298 1902 518 1980 negotiationis
534 1895 697 1975 suscepta,
717 1916 785 1974 quae
794 1897 929 1972 emptio,
944 1891 995 1955 seu
1032 1894 1231 1974 pauperibus.
1256 1895 1306 1959 Ita
1323 1900 1525 1961 communiter
1549 1916 1589 1962 ex
1604 1918 1670 1973 cap.
1699 1911 1751 1962 rua
1772 1918 1800 1976 5.

257 1979 485 2059 egotiatiotum
509 1975 546 2041 sit
567 1994 634 2043 tota
662 1971 921 2055 ipsiususuiarii,·
950 1971 993 2034 id·
1029 1976 1066 2040 de
1091 1973 1218 2055 usuris.
1256 1977 1423 2053 Paupertas
1455 1993 1560 2041 autem
1596 1974 1770 2042 usurarium
1792 2014 1814 2056 ,-

257 2078 264 2120 i
279 2054 353 2137 ipsae
371 2077 415 2119 res
443 2073 558 2134 emptae
588 2057 747 2121 transeunt
772 2058 804 2116 in
830 2052 994 2117 dominium
1030 2052 1153 2131 eiusque
1170 2054 1303 2118 haeredes
1317 2054 1444 2120 excusat
1458 2076 1481 2120 ia
1498 2055 1688 2121 restitutione
1706 2107 1715 2137 ,
1745 2058 1803 2122 do·

257 2132 317 2199 siut
337 2133 481 2214 usurarii,
502 2154 537 2200 ut
554 2157 594 2200 ex
614 2139 687 2216 Leg.
709 2135 760 2214 qui
779 2132 876 2197 aliena
888 2131 915 2193 8.
932 2131 991 2196 cod.
1030 2155 1085 2198 nec
1111 2133 1147 2197 ad
1172 2137 1359 2211 pinguiorem
1388 2131 1547 2198 fortunam
1583 2140 1800 2214 pervenerint.

268 2214 337 2295 quis
355 2217 460 2280 alteri.
493 2215 582 2279 Unde
609 2221 705 2282 etiam
736 2213 784 2279 sur
801 2213 830 2275 id
851 2211 933 2289 quod
954 2232 993 2275 ex
1029 2214 1078 2278 lta
1093 2213 1298 2279 communiter
1317 2233 1356 2279 eit
1376 2219 1446 2299 Leg.
1467 2236 1539 2280 nani
1555 2214 1582 2278 r's
1599 2214 1800 2281 anaema

257 2291 399 2360 ifnrtiva
420 2295 604 2375 negotiando
623 2298 755 2372 acquirit
777 2343 786 2370 ‚
811 2290 862 2354 sibi
891 2292 993 2368 acqui·
1028 2295 1121 2358 mab.
1786 2340 1789 2345 .
1861 2348 1864 2352 .

257 2378 379 2455 ung.
396 2376 448 2453 qai·
466 2398 525 2440 vas
546 2376 594 2455 48.
614 2383 640 2445 5.
664 2396 693 2456 7.
735 2376 796 2439 ‚de
809 2368 927 2452 furiis.
948 2370 993 2433 Si·
1070 2374 1159 2437 Nota
1175 2371 1198 2434 si
1215 2372 1348 2437 haeredes
1367 2375 1465 2440 essent
1490 2375 1588 2454 plutei
1614 2392 1689 2454 puta
1710 2392 1799 2453 tter,

257 2456 341 2520 iliter
360 2452 558 2532 depofitarius
586 2456 615 2519 id
636 2477 695 2532 quo
741 2475 780 2518 eir
805 2473 838 2516 te
857 2447 993 2526 deposita
1028 2453 1061 2518 &
1078 2451 1240 2518 haereditas
1261 2456 1343 2517 inter
1365 2451 1440 2530 ipsos
1456 2456 1487 2517 in
1506 2473 1608 2531 partes
1630 2457 1802 2534 dividatur,

257 2532 402 2613 sipistitur
423 2535 627 2611 negotiando,
642 2533 694 2597 sibi
708 2583 716 2610 ,
732 2554 793 2598 non
810 2530 993 2607 deponenti,
1029 2532 1192 2598 secundum
1213 2530 1445 2608 probabiliorem
1461 2533 1567 2614 singuli
1585 2535 1716 2600 haeredes
1736 2555 1800 2599 non

257 2610 432 2693 bpistitut,
464 2618 535 2694 Leg.
561 2616 590 2694 fi
613 2634 653 2678 rx
671 2613 795 2692 pecunia
829 2613 859 2672 6.
879 2609 995 2674 cedde
1030 2629 1212 2676 tenerentur
1232 2611 1270 2673 ad
1293 2610 1394 2677 debita
1421 2610 1554 2679 defundi
1583 2611 1711 2679 usurarii
1741 2612 1816 2679 sol··

257 2691 433 2759 ivindi'car.
464 2692 544 2757 steni
572 2715 651 2757 uxor
682 2696 711 2756 id
725 2691 859 2771 quoeex
880 2708 912 2752 re
929 2709 994 2752 nia·
1029 2692 1150 2768 venda,
1166 2687 1222 2753 nisi
1243 2711 1297 2768 pto
1319 2711 1388 2756 rata
1409 2712 1561 2771 perceptae
1583 2691 1801 2770 liaereditati'e,

257 2774 281 2839 ti
297 2769 428 2837 defundi
451 2772 488 2836 ad
508 2773 607 2838 lilium
624 2775 800 2850 pertinente
827 2772 989 2847 negotiari·
1028 2772 1061 2836 δι
1086 2772 1211 2832 minime
1240 2772 1271 2832 in
1307 2768 1434 2834 solidum
1456 2773 1524 2835 aliis
1559 2770 1770 2837 deficientibus
1789 2790 1815 2851 ,:

257 2872 266 2918 t
285 2855 436 2929 acquirit,
455 2850 525 2929 sibi,
547 2853 652 2917 &non
673 2851 737 2916 silio
758 2851 885 2926 acquirit
897 2895 912 2935 ,Ι
921 2851 993 2925 Leg.
1028 2854 1100 2926 quia
1116 2850 1202 2912 sicuti
1224 2847 1379 2926 alliones„
1409 2850 1444 2913 dt
1465 2850 1583 2915 eredita
1599 2849 1730 2916 defundis
1755 2851 1801 2914 di·

258 2930 385 3012 munia
402 2952 430 2994 i.
451 2932 512 2995 cod.
526 2935 553 3013 β
569 2932 635 3010 quis
651 2930 738 2995 alteri
757 2979 766 3010 ,
790 2928 846 2991 vel
858 2924 927 3003 fibi.
947 2926 993 2987 Si·
1030 2930 1179 2991 viduntur
1208 2931 1289 2991 inter
1317 2928 1450 2992 haeiedes
1477 2929 1633 2994 duntaxat
1657 2951 1713 3007 pro
1733 2947 1801 2996 rata

258 3011 343 3076 iliter
362 3012 383 3073 si
399 3009 554 3077 usurarius
571 3013 686 3077 vendat
703 3031 750 3075 ies
770 3030 804 3073 ac
826 3006 994 3081 uisitasper
1029 3006 1244 3084 haereditatis,
1266 3008 1363 3073 ita&
1382 3027 1480 3074 onera
1496 3029 1550 3086 pro
1567 3027 1635 3074 rata
1655 3010 1802 3076 eruntdi-

257 3087 377 3170 uram',
406 3112 468 3155 non
491 3090 572 3156 secus
594 3113 629 3154 ac
647 3088 696 3156 sur
721 3109 786 3154 rem
806 3031 961 3151 durtivam
983 3132 993 3161 ,
1030 3085 1190 3163 videnda,
1220 3088 1404 3151 prexia.
1435 3088 1511 3152 Cod.
1532 3089 1570 3153 de
1582 3089 1704 3167 pediu
1730 3092 1802 3167 quia

257 3174 359 3236 etium
383 3172 507 3267 illarum
534 3170 633 3247 quoad
670 3170 839 3237 dominium
863 3164 914 3229 sibi
943 3185 992 3227 ae·
1028 3164 1134 3244 singuli
1149 3165 1222 3230 dimi
1238 3165 1513 3232 suntabinvicem
1533 3167 1621 3233 divisi
1644 3188 1732 3246 ,non
1752 3187 1803 3232 re·

257 3252 344 3326 tirit,
364 3271 426 3315 non
441 3271 517 3314 vero
533 3252 737 3314 mutuatario.
758 3249 880 3324 Semper
888 3263 993 3309 tamen
1028 3245 1227 3324 praesentant.
1237 3243 1344 3335 singuli
1356 3244 1529 3313 defuntlum
1549 3248 1691 3312 totaliter
1709 3246 1801 3312 sicuti

258 3346 364 3396 manet
390 3328 535 3408 obligatio
563 3327 738 3392 restituendi
767 3348 820 3405 pro
840 3346 872 3390 re
889 3322 991 3388 usura·
1029 3326 1273 3403 representarent
1296 3326 1381 3390 limus
1403 3329 1515 3404 sumpti
1532 3326 1606 3391 idest
1621 3348 1685 3391 non
1703 3326 1803 3394 diuise

257 3425 301 3486 1,·
321 3403 555 3475 velfurtivain
576 3409 776 3483 aequivalenti
798 3454 806 3484 ,
829 3403 861 3470 &
883 3405 993 3466 damna
1025 3404 1227 3479 haereditate,
1247 3402 1296 3468 sed
1319 3403 1625 3485 solum-partialiter,
1639 3427 1676 3471 ac
1697 3409 1803 3484 proin·

258 3485 298 3552 de
324 3483 427 3552 secuta
443 3491 665 3564 mutuatario,
696 3488 744 3552 vel
768 3485 892 3550 domino
911 3503 993 3546 coni·
1027 3484 1064 3549 de
1091 3503 1162 3552 cum
1194 3481 1299 3562 singuli
1331 3486 1377 3549 ita
1401 3506 1472 3550 euni
1491 3506 1554 3551 non
1580 3486 1802 3562 repraesentent

257 3564 399 3640 assandi.
432 3566 481 3630 Ita
505 3568 710 3630 communiter
734 3565 876 3628 Doliores
902 3564 993 3651 iurata
1027 3562 1383 3640 quoadomniactedita,
1398 3584 1496 3642 neque
1515 3563 1732 3641 repraesentare
1748 3566 1819 3629 διο.

257 3665 345 3726 egem
363 3645 415 3726 qui
430 3668 491 3710 vas
509 3658 679 3725 argenteum
693 3644 744 3734 4⁸·
761 3645 799 3733 ff.
816 3643 851 3706 de
866 3640 964 3732 facitis
984 3688 993 3724 ,
1027 3641 1101 3707 bent
1120 3643 1220 3719 quoad
1237 3644 1342 3706 omnia
1359 3663 1453 3708 onera
1471 3679 1483 3721 ,ι
1499 3642 1532 3708 ἃ
1550 3661 1640 3720 prout
1661 3643 1816 3720 sentiunt·

257 3727 281 3791 ai
298 3723 365 3816 fic:
388 3726 476 3809 Quod
488 3727 566 3792 enim
586 3725 810 3805 deaestimant
829 3725 993 3801 redigitur,
1027 3722 1220 3786 commodum
1241 3724 1303 3797 pati
1324 3720 1435 3788 debent
1459 3722 1705 3788 incommodum.
1751 3745 1755 3764 ⁴

257 3815 383 3870 mium
403 3829 458 3880 aon
478 3805 538 3886 effe·
550 3803 664 3870 nemini
684 3800 806 3867 dubium
820 3803 873 3881 est.
892 3804 992 3882 Num·
1069 3800 1207 3872 Tutores,
1226 3798 1385 3866 restituere
1414 3820 1566 3868 tenentur
1590 3801 1668 3877 quod
1689 3821 1728 3865 ex
1746 3821 1803 3876 pu·

257 3906 299 3960 aps
319 3904 382 3965 ergo
400 3883 448 3951 bic
464 3934 474 3965 ,
493 3884 545 3964 qui
568 3885 700 3948 aedesius
726 3886 764 3965 eli
788 3902 822 3950 eir
840 3879 934 3960 pretio
950 3878 994 3946 rti'
1028 3879 1171 3968 pillorum
1200 3882 1328 3956 pecunia
1358 3876 1491 3948 usurarie
1519 3882 1828 3959 comparaverint„
1894 3957 1899 3965 ¹

257 3963 376 4042 vinae,
395 3986 450 4029 non
465 3967 501 4045 est
516 3962 675 4045 furtivus.
1027 3962 1098 4035 quia
1119 3957 1211 4023 arsura
1226 3956 1269 4022 est
1297 3959 1399 4035 perse
1429 3959 1572 4030 masa&
1601 3960 1710 4026 illicita
1730 4008 1740 4036 ,
1763 3979 1802 4026 ac

259 4042 362 4122 :Unde
378 4061 465 4122 patet
492 4065 530 4108 ex
546 4043 631 4107 diliis
660 4039 777 4112 ludaepi
804 4059 922 4118 quoque
946 4053 994 4102 te·
1028 4038 1155 4116 proinde
1173 4041 1204 4100 in
1219 4042 1349 4116 gratiam
1365 4040 1579 4117 cuiuscumque
1597 4044 1736 4106 exerceri
1748 4059 1801 4104 ne·

257 4125 295 4190 eri
312 4124 348 4187 ad
369 4122 569 4189 restituendas
586 4120 688 4188 usurae
709 4138 849 4196 extortas
870 4140 888 4182 a
907 4116 994 4204 Clari-
1028 4121 1115 4194 quit.
1147 4115 1320 4182 Reslituere
1350 4137 1498 4186 tenentur
1543 4140 1691 4185 amen-ex
1712 4118 1800 4184 bonis

257 4205 358 4282 ienis,
384 4203 418 4268 dt
439 4205 475 4268 ad
492 4204 521 4267 id
536 4203 737 4282 compellendi
758 4199 827 4264 lunt
858 4218 910 4278 per
931 4196 994 4264 sub·
1029 4197 1240 4276 pupillorum,
1276 4203 1313 4260 in·
1346 4220 1474 4275 quorum
1537 4220 1643 4266 votem
1670 4198 1801 4263 usurarii

257 4279 417 4347 aaronem
441 4304 460 4349 a
485 4286 702 4348 communione
728 4277 992 4351 Christianorum,
1030 4278 1144 4341 lucrati
1166 4279 1263 4351 l'unt,·
1282 4273 1353 4342 &si
1374 4299 1420 4344 ree
1439 4277 1603 4359 usuraria,
1630 4278 1683 4344 ves
1703 4280 1804 4354 aqui·

257 4361 282 4442 es
303 4363 381 4427 asiae
402 4382 453 4439 per
473 4365 646 4439 Principes,
665 4360 699 4428 dt
719 4356 887 4431 Potestates
904 4355 996 4445 saecu·
1029 4356 1138 4422 valent
1155 4376 1219 4420 nnn
1242 4355 1407 4422 haberetur
1424 4361 1457 4422 in
1472 4358 1559 4424 bonit
1581 4360 1688 4437 pupilli
1707 4405 1718 4434 ,
1749 4374 1802 4422 tu·

260 4461 332 4508 ree.
363 4441 412 4507 sta
427 4449 634 4507 communiret
660 4459 700 4504 ex
722 4460 787 4516 cap.
802 4439 857 4518 poi
873 4436 995 4516 misera·
1034 4454 1084 4501 tor
1099 4436 1137 4508 de
1159 4438 1284 4524 propriis
1308 4436 1396 4500 bonis
1421 4436 1556 4503 usurarie
1586 4437 1733 4514 acquisita
1754 4457 1803 4500 te·

257 4519 317 4602 len
345 4540 392 4589 12.
420 4519 462 4596 0⁹
492 4538 552 4601 cap.
580 4531 687 4600 quanio
725 4518 852 4596 amplius
879 4516 925 4579 18.
957 4517 995 4580 dr
1030 4515 1156 4584 stituere
1178 4533 1334 4592 tenetur,
1363 4537 1433 4581 cnm
1454 4519 1570 4595 semper
1583 4519 1681 4586 cadat·
1698 4520 1730 4581 in
1743 4518 1798 4585 da·

260 4603 346 4680 pppis.
972 4675 975 4682 Ι
1030 4601 1284 4661 mnumtutoris.
1305 4592 1354 4660 lta
1371 4594 1596 4663 Tourneleiut.

258 4683 358 4766 Qind
383 4682 405 4749 si
429 4680 584 4749 usurarius
607 4695 835 4760 antemortem
863 4697 925 4741 nnn
951 4695 997 4740 re·
1070 4675 1157 4740 Nota
1186 4675 1206 4737 si
1232 4677 1299 4752 quis
1321 4675 1445 4740 daretur
1477 4675 1801 4757 invincibifiterigno-

257 4767 340 4832 itnat
356 4784 394 4829 ea
411 4812 420 4839 ,
440 4784 509 4841 quae
531 4763 583 4828 sub
599 4757 689 4826 rasura
710 4765 861 4839 accepit,
888 4754 996 4821 eadem
1032 4775 1103 4836 rane
1118 4754 1197 4832 quod
1218 4754 1331 4843 aliquid
1362 4758 1539 4835 accipiendo
1556 4757 1600 4836 isi
1625 4775 1736 4822 mutuo
1754 4754 1801 4824 su-

257 4845 376 4925 iligatio
397 4841 572 4908 restituendi
594 4836 702 4907 transit
724 4838 759 4902 ad
777 4837 911 4924 heredes
932 4855 995 4899 non
1033 4857 1085 4912 pia
1106 4831 1245 4913 sortem,
1267 4835 1306 4910 sit
1331 4838 1603 4920 peccatumulsirae
1629 4887 1637 4916 ‚
1660 4834 1732 4900 idest
1751 4837 1800 4897 in·

257 4943 353 5000 ntum
371 4923 456 5001 suot,
477 4922 634 4988 sedetiam
650 4923 833 4986 extraneos.
851 4915 899 4979 lta
913 4936 995 4992 tom·
1034 4911 1120 4980 iuliae
1137 4916 1323 4992 acceptionis
1378 4922 1426 4984 ita
1446 4937 1482 4986 ut
1505 4920 1565 4986 diei
1584 4916 1681 4997 posset
1698 4913 1801 4978 usura·

258 5009 386 5083 uniter,
406 5020 443 5069 ut
464 5005 495 5065 in
509 5019 569 5081 cap,
590 5012 642 5065 rita
663 5021 713 5064 nos
729 4990 764 5063 de
783 4994 899 5077 usuris.
922 4996 997 5058 Non
1035 4999 1097 5058 riui
1110 4991 1200 5060 bonae
1217 4992 1316 5070 fidei,
1388 4993 1523 5064 lucretiae
1541 4996 1650 5063 inisset
1666 4993 1801 5058 usuraiie

258 5102 380 5164 nentur
395 5100 501 5153 tamen
522 5082 654 5150 iiaereiler
675 5076 835 5146 restituere
855 5077 937 5143 ultra
949 5076 999 5145 vi·
1035 5071 1125 5164 supra
1141 5071 1228 5140 bonis
1244 5069 1397 5155 frugiferis
1415 5125 1424 5152 ,
1443 5089 1512 5153 quae
1531 5079 1565 5144 in
1583 5081 1689 5156 pignus
1706 5092 1801 5138 arnu-

278 5163 406 5246 ,ωτι
429 5161 529 5230 Theos.
545 5160 654 5227 Μοιαὶ.
674 5157 766 5226 Toni·
784 5154 838 5223 111.
999 5169 1004 5177 '
1127 5165 1130 5172 '
1449 5158 1473 5220 P
1513 5169 1531 5238 3
1694 5169 1762 5219 tue·
