4425 6000
378 488 459 590 236
670 488 876 563 Tuaen.
903 509 968 560 iit
995 485 1323 570 Conantur.
1349 488 1576 566 Cae.Vll.

333 607 387 668 ta,
406 587 458 654 vel
478 585 542 652 levi
561 582 652 664 socii,
668 584 717 649 hic
739 585 1097 658 tenetureamrellime·
1143 587 1299 667 trasluni,
1326 588 1399 652 idest
1428 588 1618 657 contralium
1649 585 1904 673 assecuratictiit,

333 694 367 739 te
402 670 526 734 domitio
554 687 606 745 per
637 666 785 754 aqualem
819 666 1096 744 compensationem
1140 667 1283 732 videlicet
1310 670 1389 746 quod
1415 669 1466 747 ipsi
1494 669 1576 733 suain
1597 673 1758 747 pecuniam
1783 676 1902 740 Mauri·

334 756 408 829 ch.
428 769 475 828 72·
498 743 703 827 §.prosector
724 765 796 809 nani
816 750 867 823 qui
890 747 1024 816 alteriue!
1036 770 1099 815 rem
1138 749 1199 814 tius
1216 750 1381 826 assecurat,
1401 747 1476 812 idest
1498 766 1533 812 ut
1555 750 1722 826 periculum
1745 753 1822 818 illud
1842 752 1902 819 sor·

335 834 478 913 accipit,
507 845 632 892 tenetur
657 847 697 889 ex
725 827 818 904 culpa
849 825 913 889 lata
940 826 973 891 dc
1005 827 1100 908 levi,
1137 830 1196 904 tis,
1215 826 1356 895 &mnne
1377 829 1459 892 aliud
1479 847 1556 893 onus
1580 830 1612 889 in
1636 826 1667 892 se
1682 827 1901 910 suscipiam&

334 911 460 988 quando
481 905 658 971 contraitur
685 905 767 971 cedit
804 908 835 969 in
864 907 1037 974 utilitatem
1066 933 1100 976 u-
1137 928 1191 986 pro
1203 908 1259 972 tali
1278 908 1498 974 assecuratione
1513 906 1900 988 onerisquesusceptioom·

219 1059 226 1075 ,
287 1051 296 1065 ,
334 994 483 1066 tritique.
598 1067 605 1080 ²
671 1066 704 1081 ..
1037 1001 1041 1008 '
1138 984 1332 1066 pensatione,
1352 988 1435 1052 cedit
1462 992 1491 1052 ei
1515 992 1664 1053 maiorem
1689 1008 1809 1066 partem
1825 991 1902 1055 lucri

195 1059 316 1168 Dm?
372 1072 433 1134 Hic
462 1083 567 1133 autem
596 1087 705 1144 inquiri
734 1062 830 1143 potest
860 1086 901 1130 an
928 1067 1033 1142 licitus
1061 1067 1098 1134 sit
1138 1067 1302 1144 prudenter
1322 1065 1450 1146 sperati,
1473 1065 1701 1132 ideslducentos
1717 1070 1903 1148 aureonsci·

167 1135 508 1240 '32⁶f;,}‚contrastut
534 1145 686 1212 societatis
702 1145 885 1222 'accipiendo
912 1150 1018 1227 pignus
1066 1172 1100 1214 ro
1137 1148 1207 1211 licet
1228 1147 1301 1211 duas
1326 1167 1428 1223 partes
1452 1146 1520 1210 dieti
1545 1148 1644 1225 lucri,
1671 1150 1716 1213 ita
1742 1153 1827 1214 utin
1848 1170 1904 1229 po·

200 1252 261 1302 riri·
278 1251 314 1315 pi.
333 1232 556 1298 assecuratione
575 1227 733 1305 capitalis,
754 1224 774 1287 si
791 1226 880 1305 culpa
897 1228 1023 1293 alterius
1039 1172 1100 1295 sbr-
1137 1225 1249 1291 sterum
1265 1227 1325 1291 lola
1343 1231 1438 1291 tertia
1459 1247 1525 1303 pars
1546 1224 1677 1302 eiusdem
1702 1228 1796 1308 lucri,
1829 1227 1903 1292 idest

196 1329 263 1390 tut·
277 1328 316 1366 rc.
334 1328 369 1378 te
384 1324 507 1388 pereat.
528 1304 706 1372 Contradius
726 1304 879 1371 societatis
899 1326 1028 1389 accepto
1058 1312 1099 1387 pi·
1136 1322 1262 1371 centuni
1292 1309 1374 1370 aurei
1399 1304 1450 1383 ipsi
1475 1303 1632 1371 Ambrosie
1650 1304 1847 1373 debeantur:
1868 1306 1903 1378 ἀ

197 1392 304 1446 ‘'W“
356 1410 431 1455 nore
452 1410 505 1465 pro
533 1388 756 1451 assecuratione
784 1386 922 1463 capitalia
948 1388 1024 1451 nibil
1048 1389 1099 1454 lia·
1136 1390 1205 1464 qnia
1228 1385 1324 1453 adbuc
1341 1404 1444 1452 manet
1461 1384 1621 1451 Ambrosio
1636 1387 1825 1451 incertitudo
1851 1387 1903 1451 lu·

207 1544 209 1547 ¹
337 1413 392 1539 bet
412 1466 543 1546 vitiosi,
631 1465 700 1529 ideo
727 1467 829 1530 licitus
851 1465 921 1542 esst
949 1472 1097 1547 namqui
1136 1469 1180 1530 cri
1208 1465 1534 1543 speriti,.exislimanr
1557 1461 1610 1528 sibi
1631 1465 1743 1531 melius
1768 1462 1902 1545 sore,si

282 1581 287 1592 ¹
338 1548 458 1618 confert
478 1550 638 1625 pecuniam
658 1542 740 1609 suani
765 1550 795 1609 in
813 1544 1014 1627 societatem,
1039 1566 1099 1615 tra·
1138 1546 1255 1610 luctum
1279 1546 1391 1612 habeat
1417 1563 1564 1622 certum,
1596 1544 1671 1609 licet
1691 1549 1818 1624 minut,
1842 1547 1903 1610 init

205 1690 211 1698 .
317 1634 412 1697 -dere
432 1628 511 1701 haiic
532 1623 630 1704 potest
644 1645 681 1689 ea
696 1626 874 1691 conditione
911 1644 945 1691 ut
966 1625 1098 1694 alterso-
1138 1629 1263 1692 tertium
1290 1624 1480 1692 contraitum
1502 1646 1573 1687 cum
1597 1623 1751 1690 Mauricio
1814 1626 1907 1701 cique

338 1715 405 1778 cius
425 1729 488 1777 noti
520 1707 695 1786 negotietur
717 1726 756 1770 ex
779 1725 816 1770 ea
840 1674 895 1770 nisi
921 1706 975 1771 tali
1004 1709 1100 1784 loco,
1136 1706 1244 1770 vendit
1268 1708 1396 1770 tertiam
1421 1706 1506 1768 illam
1527 1719 1648 1780 partem
1668 1702 1743 1768 litcri
1757 1672 1902 1782 sperati,

340 1809 495 1867 ternpore,
511 1787 545 1852 ἃ
560 1791 593 1849 in
610 1784 724 1862 talibus
746 1784 1003 1866 circumstantiis,
1023 1805 1060 1854 ut
1077 1786 1098 1850 si
1137 1781 1207 1848 idest
1223 1802 1349 1849 centuni
1366 1805 1474 1849 aureos
1492 1787 1522 1847 in
1540 1780 1588 1860 spe
1603 1786 1723 1847 incerta
1743 1804 1800 1860 pto
1815 1783 1902 1846 dimi·

337 1875 419 1937 alter
438 1866 605 1933 huiufinodi
625 1866 816 1932 conditiones
833 1885 894 1932 noti
920 1864 1042 1946 servet,
1065 1868 1099 1933 dc
1136 1865 1187 1927 dio
1207 1867 1346 1941 circiter,
1369 1863 1443 1929 idest
1462 1882 1507 1940 50.
1532 1865 1632 1926 aureis
1647 1867 1737 1929 certis
1755 1860 1807 1927 sibi
1827 1860 1902 1927 dan-

376 1952 468 2015 cunia
491 1962 596 2024 pereat
616 1992 625 2024 ,
645 1948 680 2008 in
700 1948 765 2009 aiut
793 1944 936 2009 damnum
965 1964 1069 2026 pereat
1090 1993 1097 2009 .
1136 1946 1198 2020 dis,
1220 1943 1283 2008 sive
1303 1945 1379 2008 bene
1401 1942 1490 2022 ,sive
1509 1943 1590 2006 male
1611 1945 1782 2021 negotiatio
1803 1938 1901 2010 succe·

366 2034 425 2094 icet
447 2031 541 2106 igitur
567 2044 622 2102 pro
652 2025 873 2097 assecuratione
895 2032 1028 2102 pecuniae
1050 2044 1096 2092 et·
1136 2024 1209 2100 dat3
1229 2022 1264 2090 dt
1290 2024 1330 2092 stc
1354 2041 1477 2099 propter
1503 2023 1583 2094 bunc
1605 2022 1757 2099 triplicem
1775 2036 1899 2086 contra·

335 2113 399 2178 iani
419 2107 544 2175 tradita:
560 2108 592 2170 in
609 2102 789 2175 societatem
806 2110 911 2184 pigrius
937 2112 1072 2184 accipere
1090 2154 1098 2185 ,
1134 2102 1233 2182 stum,
1253 2103 1409 2168 societatis
1425 2106 1456 2164 iri
1473 2105 1586 2180 primo,
1603 2102 1834 2167 assecurationis
1843 2097 1909 2169 son.

335 2187 469 2263 illudque
485 2186 604 2249 servare
612 2230 622 2262 ,
637 2202 672 2248 ut
694 2186 881 2250 allecutetut
895 2185 931 2249 de
951 2191 1100 2265 pecunia,
1137 2186 1177 2247 tis
1198 2181 1396 2262 insecundo,
1418 2179 1452 2247 δι
1473 2179 1660 2247 venditionis
1681 2181 1755 2245 lucri
1777 2182 1901 2243 maioris

337 2264 510 2331 sisortuito
527 2283 646 2343 pereat,
665 2267 739 2339 qiiia
758 2262 909 2339 insumpta
926 2287 987 2330 nori
1004 2264 1099 2332 suerit
1136 2267 1243 2328 incerti
1271 2284 1327 2343 pro
1352 2265 1464 2327 minori
1495 2262 1580 2326 lucro
1603 2278 1692 2326 certo
1716 2264 1748 2323 iri
1778 2262 1902 2337 tertio,

338 2348 371 2409 iii
393 2348 606 2425 negotiatione
634 2347 723 2407 iuxta
752 2346 943 2410 conditiones
962 2398 970 2421 ,
992 2347 1099 2424 quibus
1135 2346 1289 2422 contingit
1317 2359 1353 2407 ut
1375 2341 1548 2407 Ambrosius
1571 2359 1659 2405 certo
1690 2342 1821 2417 recipiat
1854 2356 1900 2416 50.

337 2424 467 2490 societas
487 2427 565 2487 inita
585 2422 646 2486 est.
666 2424 715 2489 Sic
730 2425 936 2518 P.·Antpine,
952 2424 1098 2507 Tournel,
1155 2425 1275 2499 irciter,
1295 2439 1350 2494 aut
1367 2426 1416 2488 60.
1435 2439 1524 2496 prout
1542 2417 1644 2485 suitiii
1662 2423 1760 2484 tertio
1775 2436 1900 2485 contra·

324 2526 408 2578 ,enni
430 2503 560 2586 pluribus
581 2502 669 2579 aliis,
1135 2446 1184 2575 {lu
1204 2519 1394 2567 conventum
1410 2499 1497 2577 supra
1520 2494 1649 2575 sortem,
1666 2496 1718 2563 seu
1740 2498 1898 2574 capitale,

577 2610 584 2624 ·
1136 2582 1213 2660 quod
1231 2584 1262 2645 in
1281 2586 1377 2658 primo
1392 2579 1551 2645 contradtu
1567 2580 1604 2643 ad
1621 2576 1900 2664 negotiandumde·

645 2672 682 2731 t.
732 2664 780 2730 ll.
1138 2661 1297 2740 posuerat,
1318 2655 1901 2755 itautconserensinsocietatemmil·

342 2866 350 2875 .
406 2808 408 2813 ψ
455 2790 503 2850 »e
519 2764 675 2850 aii„
693 2783 780 2872 vu
794 2779 870 2849 ia
1137 2743 1336 2887 latitia
1353 2740 1524 2894 nialla
1532 2737 1900 2884 ‘asisinatae

357 2884 361 2892 ¹
603 2866 833 2932 emmam·
1135 2925 1221 2967 ctum
1241 2899 1292 2965 fibi
1317 2898 1414 2978 sacit;
1438 2902 1513 2978 quia
1533 2869 1566 2962 in
1589 2897 1720 2961 secundo
1741 2891 1901 2978 contradit

377 2978 546 3057 Occasione
577 2977 747 3046 contradus
777 2976 930 3053 societatis
964 2983 1099 3051 occurrit
1137 2984 1286 3048 assecurat
1315 2981 1455 3056 sortem,
1485 2978 1521 3045 dt
1539 2982 1570 3041 in
1600 2980 1696 3041 tertio
1714 2993 1836 3042 certum
1857 2975 1901 3038 lu·

337 3059 504 3135 difficultas
528 3080 588 3123 non
615 3060 691 3124 levis
711 3065 857 3135 momenti
879 3065 959 3127 circa
978 3080 1100 3126 contra·
1135 3085 1219 3129 crum
1244 3065 1375 3138 acquirit
1396 3106 1403 3121 .
1433 3064 1591 3135 Quaeritur
1623 3078 1700 3123 vero
1719 3073 1830 3122 utrum
1854 3057 1900 3118 liic

338 3138 436 3215 ilum,
455 3142 506 3216 qtii
524 3142 618 3219 vulgo
638 3139 855 3202 diciturtrium
863 3139 1101 3219 contractuum,
1135 3140 1346 3209 contrastuuni
1365 3143 1514 3217 circulus,
1534 3139 1582 3202 leu
1603 3136 1667 3202 liaec
1688 3133 1899 3207 contrafluuna

230 3282 232 3286 ,
338 3218 453 3295 scilicet
474 3216 648 3294 societatis,
670 3218 896 3282 assecurationis
926 3222 1069 3295 capitalis
1092 3269 1101 3298 ,
1137 3226 1274 3287 variatio
1292 3244 1365 3297 puta
1382 3219 1440 3299 sit,
1456 3218 1489 3285 dt
1506 3221 1646 3282 immunis
1663 3215 1701 3280 ab
1715 3217 1800 3280 omni
1816 3214 1898 3289 labe,

338 3297 373 3373 ὰ
390 3297 575 3371 venditionis
592 3299 669 3360 lucri
687 3299 763 3373 certi
787 3319 838 3373 pto
854 3301 1001 3369 incerto.¹
1015 3300 1100 3365 Dici·
1136 3301 1169 3367 δι
1186 3305 1265 3364 vitio
1284 3299 1402 3367 usurae.

338 3396 391 3441 tur
412 3396 489 3439 vero
511 3377 622 3465 triplex
638 3375 828 3454 concretius,
849 3383 920 3452 <suia
937 3382 967 3440 iii
987 3399 1026 3447 eo
1039 3398 1101 3451 tres
1176 3381 1263 3444 Nota
1294 3400 1320 3444 1.
1363 3380 1599 3458 prosolutione
1633 3376 1805 3455 questionis
1841 3390 1902 3438 tret

337 3454 511 3521 contraditis
532 3454 594 3519 sive
625 3452 822 3533 formaliter,
843 3455 904 3525 sive
925 3460 1101 3531 virtualiter
1136 3459 1308 3525 contraibit
1330 3459 1395 3525 fieri
1431 3461 1512 3538 polle
1529 3458 1578 3526 vel
1606 3461 1689 3522 inter
1716 3453 1837 3532 eosqui
1857 3451 1903 3518 so-

337 3539 370 3608 in
390 3557 428 3601 eo
442 3537 595 3601 contineri
615 3536 781 3600 dicuntur.
804 3535 892 3601 Talis
906 3539 1098 3617 contraeas,
1136 3544 1286 3605 cietatem
1315 3542 1478 3618 inierunt,
1507 3539 1559 3613 vel
1583 3560 1653 3602 cum
1680 3537 1748 3602 aliis
1770 3532 1905 3617 personia

337 3634 374 3681 iit
398 3613 492 3680 refert
513 3617 561 3681 liic
588 3613 791 3691 Toutneleius
813 3665 822 3689 ,
842 3617 885 3683 est
903 3619 994 3685 valde
1011 3617 1099 3696 usita·
1135 3639 1225 3685 extra
1246 3619 1424 3684 societatem
1439 3618 1635 3685 conllitiitis.

336 3713 388 3769 tus
410 3699 440 3759 iri
465 3698 570 3761 multis
599 3693 757 3785 Hispaniae
773 3745 783 3772 ,
802 3695 930 3775 Galliae,
955 3698 1100 3773 aliarum·
1176 3701 1262 3764 Nota
1279 3704 1427 3770 2.·varias
1448 3699 1508 3764 esse
1529 3699 1565 3762 de
1586 3718 1618 3760 te
1639 3696 1695 3760 liac
1716 3693 1977 3765 sententiamque

336 3797 395 3853 que
420 3776 595 3840 Nationum
619 3778 782 3852 emporiis,
804 3775 839 3840 ἀ
856 3797 891 3841 nt
917 3799 962 3841 res
982 3773 1101 3852 facilius
1136 3781 1237 3846 Prima
1256 3781 1300 3843 esl
1316 3801 1441 3859 eorum,
1461 3782 1511 3857 qui
1534 3775 1713 3854 supradidlos
1731 3773 1977 3854 contraeunte

337 3856 555 3934 intelligatur,
587 3876 639 3932 pec
669 3854 789 3931 aliquod
818 3858 990 3934 exemplum
1022 3857 1100 3932 lianc
1137 3862 1238 3925 licitos
1259 3862 1319 3925 esse
1339 3860 1499 3936 credunt,
1528 3851 1820 3923 livecunid'tversit
1840 3852 1967 3932 pet-‘¹¹⁶⁸

201 3975 316 4046 nmq-
336 3937 501 3999 materiam
515 3934 752 4029 elucidabimus.
776 3934 984 4011 Supponamus
1007 3941 1101 4017 igitur
1136 3941 1214 4004 sonis
1232 3943 1398 4018 iniantut,
1428 3938 1491 4003 sive
1509 3941 1589 4002 inter
1610 3935 1730 4000 eosdem
1750 3932 1902 4000 societatis
1917 3914 1972 4020 ,ἐξ

197 4042 319 4094 meon.
335 4014 415 4092 quod
432 4013 606 4106 Ambrosius
621 4034 707 4079 ineat
723 4013 913 4080 contraitum
943 4018 1098 4089 societatis
1135 4022 1379 4085 contrahentes·
1418 4019 1555 4082 Secunda
1588 4037 1726 4091 eorum,
1765 4018 1819 4091 qui
1843 4032 1904 4093 tres

197 4106 292 4179 trama
333 4113 406 4160 cum
427 4095 579 4171 Mauritio
595 4113 783 4172 mercatore,
804 4095 882 4171 apud
904 4117 993 4172 quem
1010 4097 1100 4173 depo-
1137 4096 1224 4163 hosce
1240 4097 1414 4163 contraditis
1435 4102 1581 4162 damnant
1608 4117 1668 4159 non
1693 4091 1791 4157 soluni
1812 4097 1903 4158 iriitot

196 4178 303 4281 '‘¹22¹''
334 4176 382 4238 uit
406 4168 492 4253 ¹mille
517 4194 624 4268 aureos
655 4175 693 4238 ad
721 4176 964 4254 negotiandum,
992 4180 1038 4242 ita
1064 4194 1099 4240 ut
1136 4179 1354 4254 intersocior,
1378 4178 1543 4245 sedetiam
1572 4175 1732 4239 ciimaliie
1754 4172 1903 4252 personis,

201 4263 311 4345 am:
337 4249 1099 4333 unuspecnnianiconserendo,alterinduslriam,
1138 4259 1247 4322 Tertia
1267 4279 1374 4323 eorum
1393 4261 1444 4334 qui
1472 4255 1629 4333 nequidem
1658 4255 1734 4318 duos
1759 4274 1799 4318 ex
1828 4249 1905 4325 bisce

236 4350 240 4358 ’
338 4349 467 4409 uterque
495 4332 656 4402 lucretur.
689 4335 768 4397 Ciini
797 4355 901 4399 autern
928 4335 1100 4404 Ambrosius
1134 4337 1341 4405 contradlibns
1372 4341 1455 4411 inter
1485 4337 1581 4402 socios
1610 4334 1675 4398 lieri
1705 4331 1906 4411 posleexilli·

338 4413 541 4490 prudentum,
561 4412 593 4477 dc
612 4417 778 4487 peritorum
801 4414 912 4479 iudicio
938 4413 1040 4492 speret
1060 4435 1099 4478 eit
1135 4434 1253 4493 mant;
1284 4419 1363 4485 unde
1384 4419 1526 4492 illicitum
1548 4413 1689 4478 statuunt
1711 4412 1763 4478 vel
1781 4429 1908 4486 contra·

337 4502 500 4569 unaparre
514 4512 553 4556 ex
578 4493 632 4556 tali
649 4498 860 4570 negotiatione
881 4515 1017 4560 annuum
1034 4514 1099 4569 pro
1135 4497 1217 4561 itum
1234 4497 1390 4561 societatis
1410 4519 1479 4562 cum
1500 4494 1724 4560 assecuratione
1742 4491 1905 4570 capitalis,

337 4588 492 4647 vetitum,
527 4569 580 4636 seu
607 4572 726 4648 lucrum
756 4591 964 4645 tercentorum
991 4594 1098 4660 aureo·
1134 4576 1168 4641 ἀ
1188 4599 1258 4646 cnm
1278 4579 1407 4652 vendito
1428 4577 1531 4654 lucro,
1552 4576 1601 4638 vel
1619 4573 1760 4658 eumdem
1777 4567 1908 4637 'societa-

337 4669 576 4744 tumfflquorutn
591 4671 719 4715 centum
740 4657 978 4734 quinquaginta,
1003 4656 1036 4718 vi
1055 4655 1100 4722 lo·
1136 4659 1175 4719 tit
1199 4656 1391 4732 contrabium
1409 4679 1479 4732 cuni
1497 4656 1673 4735 venditione
1696 4653 1774 4718 lucri
1796 4653 1905 4731 'incerti

337 4727 534 4814 cretatisipsi
558 4730 708 4812 debentur
732 4729 818 4810 supra
841 4732 973 4811 sortem,·
989 4735 1100 4804 timeat
1136 4732 1244 4811 absque
1269 4736 1490 4801 assecuratione
1514 4736 1619 4800 sortis.
1647 4734 1771 4809 Quarta
1803 4751 1907 4797 eorum

308 4881 311 4885 ⁴
337 4828 414 4889 vero
429 4828 470 4873 eir
485 4809 544 4873 alia
561 4828 647 4893 parte
665 4804 772 4894 sortis,
795 4809 844 4876 seu
858 4815 999 4891 capitalis
1025 4817 1100 4890 peri.
1134 4815 1198 4893 ell,
1213 4818 1263 4891 qui
1282 4815 1335 4880 hos
1355 4836 1417 4891 ttet
1437 4814 1611 4882 contradus
1632 4810 1822 4881 coniunsiirn
1835 4811 1907 4880 suin·

336 4886 459 4982 culum,
478 4906 518 4952 ne
535 4908 586 4983 per
606 4889 739 4981 aliquem
765 4910 930 4972 eventurn,
950 4895 1000 4971 qui
1022 4895 1099 4958 varii
1137 4911 1204 4971 ptos
1226 4943 1234 4973 ,
1265 4893 1329 4961 live
1349 4895 1436 4960 simul
1456 4945 1464 4973 ,
1491 4895 1553 4960 sive
1575 4892 1743 4958 successive
1763 4894 1848 4958 irit'er
1868 4888 1909 4955 so·

337 4963 408 5043 sunt
425 4988 457 5062 iri
470 4968 761 5063 ‘negotiatione'hnoc
781 4968 866 5047 sunm
880 4973 1020 5050 capitale,
1033 4991 1100 5048 pet·
1130 4978 1200 5057 ¹cios
1215 4973 1434 5053 celebrentur,
1454 4976 1552 5041 malos
1572 4977 1633 5038 esl'e
1653 4991 1786 5054 putant.
1805 4968 1836 5036 Si
1857 4992 1909 5058 aii·⁵

340 5062 415 5134 eat,
434 5064 494 5115 iutt
513 5069 584 5136 cum
599 5047 763 5121 Mauricio
775 5050 871 5131 alium
891 5072 1008 5124 novum
1026 5072 1102 5120 con·
1139 5072 1203 5125 teni
1219 5053 1377 5121 leiunffim
1392 5053 1497 5135 fiant,
1527 5074 1562 5122 ut
1584 5051 1604 5117 si
1622 5058 1820 5147 assecuretur·
1828 5053 1907 5129 capia

914 5172 917 5178 ·
1791 5151 1870 5214 pita·
