4425 6000
515 414 1536 498 Taaemalnrvsmrrrdre.crati·
1607 493 1612 499 .
1735 442 1788 518 77

263 517 736 602 venderedilennerenuiacum
743 519 901 585 moraliter
909 517 1035 595 loquen·
1068 521 1130 583 teri
1145 518 1284 587 ablatum
1298 520 1360 600 est,
1379 520 1415 587 dt
1429 521 1589 599 quantine
1604 516 1713 596 damni
1732 521 1837 598 illati,

265 605 305 671 do
320 605 407 670 nulla
424 600 487 680 spes
503 616 659 666 remaneat
683 601 762 678 quod
789 600 932 664 dominus
951 620 1033 664 com·
1072 618 1127 665 aut
1145 602 1223 666 lncri
1239 600 1403 680 impediti,
1426 602 1500 666 licet
1527 600 1603 665 nihil
1634 601 1835 666 emolumenti

263 705 378 765 ponere
399 680 489 762 pollit
508 701 598 759 ,rem
614 678 667 743 sibi
694 680 836 747 inutilem
857 681 1032 746 retineret:
1070 678 1157 746 laesor
1177 682 1247 745 inde
1270 682 1430 749 retulerit.
1450 683 1499 747 Sic
1514 701 1553 746 ex
1571 698 1631 760 cap.
1655 678 1772 749 Gravis
1792 684 1830 746 dr

262 764 298 833 de
322 765 345 829 sr
366 762 481 830 vendat
500 762 573 827 dum
591 760 734 840 perdurat
746 762 908 837 talirspea,
928 780 1034 827 mone·
1070 761 1156 840 restit.
1174 760 1323 844 spoliator.
1344 763 1394 828 ubl
1413 762 1592 832 Caelellinus
1616 756 1670 826 Ill.
1698 761 1738 827 ire
1763 765 1834 828 aira

261 844 403 913 redebet
429 859 599 921 emptorem
625 842 663 906 de
689 843 745 909 tali
763 843 971 919 conditione,
995 860 1034 906 ne
1068 843 1252 907 Mandanes
1272 843 1369 907 ablata
1385 865 1452 908 cuns
1466 841 1636 921 integritare
1660 841 1835 922 restituere,

261 927 391 1024 dornino
403 920 1034 1023 comparentedamnumusequatnurempto-
1068 924 1181 991 amaa
1192 922 1322 1027 plenarie
1332 918 1597 1083 Ινβανεὶνσκφοίι
1612 922 1833 1014 illarisiniariir

262 1028 289 1073 ¹¹
302 1006 367 1153 ’ul‘
382 1004 687 1153 lal'l‘ll‘nlll
701 1005 1034 1150 ⁹¹‘3211551:l¹²,lzll:
1068 1000 1833 1166 lllilllllsstfllil‘lnillil}

261 1108 304 1234 zia
313 1135 477 1241 damnum,
499 1162 520 1227 si
542 1165 663 1242 aliquod
683 1133 714 1229 ei’
731 1185 771 1229 ex
790 1164 847 1229 hoc
868 1162 1031 1242 sequatur.
1065 1165 1371 1255 paffefforeperceptos‚
1382 1163 1437 1243 sed
1454 1186 1524 1242 quor
1532 1132 1695 1322 soffe'ffiires
1713 1177 1830 1230 vererer

265 1248 314 1314 lta
334 1248 411 1312 Dl).
433 1248 653 1314 communiter.
672 1245 767 1323 ond
788 1244 809 1307 ir
830 1242 923 1309 cesset
933 1246 1033 1309 omnis
1065 1246 1269 1326 perceprffent,
1286 1246 1372 1311 reddi
1393 1243 1497 1309 aciatis
1507 1242 1536 1308 ei
1549 1246 1633 1309 dem.
1651 1244 1713 1307 Fur
1723 1248 1830 1323 igitur,
1943 1278 1945 1281 v

260 1326 328 1410 spes
346 1326 431 1407 quod
460 1326 601 1391 dominus
618 1328 751 1391 inveniri
768 1323 857 1406 polsrt
876 1374 888 1404 ,
907 1345 968 1389 non
987 1342 1034 1389 te·
1069 1327 1120 1393 vel
1133 1327 1222 1391 malae
1239 1325 1309 1390 fidei
1322 1348 1360 1403 po
1373 1322 1491 1401 sessor,
1511 1325 1565 1389 vel
1581 1325 1834 1389 ininllasdamni·

260 1425 355 1475 netur
372 1404 517 1487 polielior
536 1427 661 1471 monere
690 1424 862 1484 emptorem
895 1426 935 1471 eo
954 1405 1032 1482 quod
1067 1407 1179 1472 ficator
1200 1423 1349 1471 tenentur
1363 1424 1429 1469 rem
1456 1408 1589 1469 alienam
1616 1426 1708 1482 quam
1723 1405 1834 1471 iniurle

262 1504 338 1555 runc
358 1508 420 1553 non
441 1508 481 1551 ex
524 1489 570 1550 nit
587 1504 759 1567 emptorem
779 1485 885 1551 morali
897 1486 1034 1566 periculo
1068 1485 1216 1566 possident
1235 1486 1291 1552 suo
1310 1487 1435 1551 domino
1456 1485 1632 1563 restituere,
1648 1484 1833 1562 quiadonec

261 1569 386 1634 damni.
410 1566 459 1633 lta
500 1566 677 1648 anelrez,&
695 1569 769 1631 alii.
796 1568 827 1630 Si
848 1587 924 1633 vero
938 1568 1034 1647 negli·
1069 1569 1228 1644 retinent,
1242 1588 1313 1631 eum
1331 1568 1446 1629 iniuria
1461 1562 1621 1644 afficiunt,
1641 1563 1834 1631 iussuumei·

261 1651 307 1729 git
322 1648 480 1713 dominam
498 1645 661 1726 diligenter
691 1651 870 1727 inquirere,
895 1646 937 1711 ell
959 1643 1033 1711 sem·
1068 1647 1136 1712 dem
1164 1646 1307 1712 violando
1327 1645 1410 1724 quod
1437 1645 1529 1713 habet
1549 1666 1613 1709 rem
1641 1644 1725 1711 suam
1745 1643 1834 1727 polii·

261 1747 317 1809 per
336 1750 407 1813 cum
421 1725 478 1792 tali
499 1726 591 1811 dubio
606 1728 749 1807 poilellor
774 1728 866 1791 malae
885 1725 975 1804 fidei,
998 1727 1032 1793 δε
1068 1728 1157 1792 dendi
1169 1775 1179 1805 ,
1191 1747 1287 1804 eaque
1308 1725 1436 1791 utendi.
1454 1728 1486 1788 Si
1503 1746 1552 1791 rer
1572 1744 1750 1790 autemnon
1767 1746 1833 1808 am·

263 1823 393 1874 tenetur
415 1807 453 1873 ad
469 1808 694 1873 restitutionem
716 1827 784 1873 tum
804 1811 868 1885 rei,
885 1826 952 1872 tum
969 1805 1032 1872 iru-
1069 1808 1148 1888 plius
1168 1826 1256 1872 extet
1276 1855 1285 1886 ,
1305 1821 1454 1871 tenentur
1481 1826 1550 1870 eam
1570 1805 1765 1885 comperdare
1781 1805 1838 1883 vel

262 1887 368 1953 duum
395 1908 435 1953 err
450 1909 487 1952 ea
513 1907 730 1967 percep-torum
749 1892 781 1953 in
803 1904 904 1966 toto,
927 1889 977 1951 vel
1000 1892 1031 1951 in
1069 1890 1200 1966 praetio,
1215 1888 1268 1953 vel
1284 1909 1317 1952 re
1333 1886 1431 1952 altera
1451 1885 1651 1964 aequivalenti
1671 1884 1707 1948 ad
1717 1884 1834 1951 mensu·

260 1984 350 2047 parte
373 1989 429 2049 pro
451 1970 606 2047 qualitate
629 1970 739 2049 dubii,
769 1971 838 2046 quia
871 1986 947 2032 tunc
967 1990 1029 2034 non
1068 1990 1133 2032 ram
1153 1972 1217 2032 eius
1240 1969 1369 2046 valoris;
1386 1968 1472 2031 omni
1486 1969 1570 2031 enim
1590 1966 1715 2029 meliore
1734 1966 1839 2046 modo,

261 2067 371 2114 manet
384 2047 492 2114 dubius
519 2049 556 2114 de
577 2052 688 2116 danmo
718 2051 808 2115 alteri
838 2049 927 2113 illato
952 2050 1031 2126 quod
1067 2071 1129 2125 quo
1146 2048 1244 2126 potell
1265 2070 1313 2112 res
1331 2050 1455 2113 domino
1475 2045 1622 2112 reddenda
1639 2044 1711 2124 ell',
1734 2068 1769 2110 ac
1784 2046 1836 2111 de·

259 2128 354 2209 plane
373 2128 471 2193 eidem
488 2131 627 2211 intulit,
656 2132 727 2195 dum
749 2127 859 2193 iniuste
882 2150 953 2195 eum
970 2134 1031 2209 pri·
1065 2130 1120 2194 bet
1142 2127 1275 2195 resarciri
1292 2130 1330 2194 de
1347 2126 1456 2193 iniusto
1483 2129 1600 2192 damno*
1618 2125 1699 2201 quod
1719 2129 1839 2202 patitur

261 2226 319 2275 vat
340 2206 392 2274 illa
414 2207 482 2284 spe,
499 2230 535 2276 ut
551 2232 619 2276 com
628 2212 765 2289 diligenti
783 2207 976 2287 inquisitione
987 2215 1032 2274 in·
1067 2215 1102 2273 in
1120 2212 1164 2274 rei
1185 2208 1246 2275 suae
1264 2212 1459 2285 privatione.
1482 2208 1562 2272 ltem
1582 2205 1838 2284 compensarede⁴

260 2290 362 2353 veniri
384 2289 503 2368 pollet,
520 2313 588 2369 quae
602 2289 670 2371 spes
689 2290 836 2358 censenda
851 2289 894 2352 est
919 2294 1031 2366 praetio
1067 2291 1142 2355 bent
1163 2312 1255 2355 omne
1271 2291 1413 2354 damnum
1434 2285 1631 2367 emergens&
1648 2288 1838 2351 lucrmncel·

260 2367 477 2447 estimabilis,
513 2392 548 2437 ac
577 2374 702 2452 proinde
737 2370 955 2436 refarcienda,
982 2373 1031 2436 Sic
1069 2369 1241 2449 sans,quia
1261 2393 1331 2435 curn
1351 2371 1411 2433 lint
1428 2369 1538 2433 iniusta
1558 2364 1836 2447 caussautriulque,

260 2448 369 2516 Sanch·
388 2448 470 2515 Leli.
494 2452 608 2532 aliique
626 2456 681 2519 cit.
703 2453 752 2518 hic
774 2473 792 2517 a
812 2452 968 2519 Salmatic.
1069 2470 1217 2515 tenentur
1238 2450 1397 2515 dominum
1413 2451 1586 2513 indemnem
1595 2448 1719 2512 reddere
1740 2452 1835 2511 utin·

1068 2536 1148 2596 iuria
1174 2532 1268 2595 illata
1293 2551 1521 2595 removeatur.-
1548 2532 1666 2592 etenim
1691 2528 1837 2604 impedire

572 2618 590 2679 5
641 2611 730 2676 XII.
1069 2614 1158 2675 alteri
1180 2608 1289 2675 iustum
1309 2613 1429 2674 lucrum
1458 2610 1537 2672 idem
1565 2606 1609 2671 est
1633 2627 1669 2670 ac
1692 2607 1840 2675 damnum

383 2726 389 2739 ι
444 2728 449 2740 ¹
568 2730 582 2750 v·
820 2732 826 2742 Ι
919 2728 925 2739 ,
1259 2736 1267 2751 ,
1583 2709 1602 2748 n
1662 2708 1682 2748 u

257 2727 711 2892 nreqqqqqqq
723 2732 1032 2889 ,qqngum
1067 2683 1346 2848 lla‘slala
1363 2684 1839 2835 plantinianae

625 2860 633 2887 ‚
942 2854 950 2870 .

1068 2849 1106 2915 ab
1127 2849 1194 2924 ipsis
1215 2868 1371 2928 perceptos
1394 2850 1466 2914 licet
1482 2848 1683 2913 eosdominus
1701 2866 1837 2925 nonper-

301 2921 443 2988 ‘l’ametsi
478 2924 582 3003 aliqua
619 2927 701 2992 eirca
732 2924 790 2990 hoc
819 2928 1030 3007 attigerimus,
1068 2933 1218 3010 cepil'set,
1239 2930 1356 2994 etiamsi
1379 2950 1441 2994 non
1459 2928 1588 3005 amplius
1612 2944 1723 2990 extent
1746 2976 1754 3004 ,
1777 2939 1837 2991 nec

266 3001 339 3069 dum
358 3003 457 3069 lermo
470 3004 637 3071 habebatur
656 3007 694 3071 de
715 3005 874 3086 pollellore
894 3007 982 3072 bonae
998 3006 1032 3075 dt
1072 3033 1112 3078 ex
1130 3012 1189 3076 illis
1210 3007 1278 3075 falli
1300 3008 1360 3074 sint
1380 3011 1507 3075 ditiores
1538 3029 1577 3072 ex
1598 3007 1618 3072 l.
1640 3023 1688 3071 ar.
1710 3009 1777 3073 cod.
1796 3009 1837 3072 de

261 3084 351 3149 malae
369 3084 437 3149 fidei
451 3108 462 3164 3
478 3089 549 3164 quia
564 3105 670 3151 tamen
691 3090 722 3150 in
744 3108 777 3151 re
788 3091 869 3153 tanti
885 3092 1031 3153 momenti
1075 3093 1122 3158 rei
1136 3089 1248 3158 vindic.
1270 3094 1341 3167 quia
1361 3113 1431 3155 cnm
1442 3105 1488 3153 res
1504 3089 1628 3152 domino
1638 3087 1691 3151 l'u'o
1712 3085 1837 3152 irullili-

261 3161 333 3229 iatis
352 3163 414 3229 elle
434 3169 542 3244 nequit
563 3189 663 3248 pauca
685 3168 856 3233 incidenter
876 3167 1030 3245 deliballe,
1070 3191 1137 3249 cet,
1158 3170 1268 3245 eoipso
1277 3167 1389 3235 faustus
1399 3190 1504 3236 omnes
1513 3169 1594 3235 abea
1604 3165 1841 3250 prodiistii'psrus·

260 3263 363 3324 operae
384 3250 528 3325 praetium
544 3247 619 3313 duxi
639 3270 704 3314 rem
721 3247 768 3312 hie
779 3251 952 3314 accuratius
963 3270 1031 3329 per·
1072 3253 1173 3317 fiunt.
1195 3251 1388 3329 Ubicumque
1406 3256 1490 3315 enim
1510 3248 1630 3327 tersit,
1651 3248 1764 3313 domini
1782 3250 1839 3327 eli,
1903 3314 1906 3320 ,
1945 3252 1948 3259 “

261 3323 411 3419 tradate.
439 3326 554 3392 ldcirco
578 3344 635 3408 pro
654 3344 742 3394 certo
765 3378 774 3407 ,
796 3329 1031 3411 &generaliter
1069 3333 1103 3400 δε
1120 3334 1244 3398 domino
1261 3330 1348 3397 valet
1367 3332 1447 3409 quod
1470 3333 1507 3395 ibi
1532 3330 1632 3394 valet.
1651 3328 1837 3394 lmorenen·
1860 3346 1863 3351 ’

261 3403 407 3499 llaturtur
427 3409 458 3501 in
477 3407 535 3472 hoc
567 3407 748 3488 proposito,
773 3412 856 3488 quod
883 3413 935 3488 qui
951 3413 1033 3475 iniu·
1072 3432 1124 3479 tur
1140 3413 1300 3478 restituere
1320 3413 1444 3477 domino
1459 3406 1571 3475 faustus
1590 3409 1668 3487 ipsos
1689 3430 1707 3472 a
1727 3405 1758 3472 se
1780 3431 1836 3475 ne·

262 3504 338 3547 riam
356 3485 449 3580 alteri
479 3486 618 3564 intulit,
642 3487 731 3567 ipsius
762 3510 826 3554 rem
853 3489 961 3555 iniuste
983 3490 1034 3554 leu
1072 3495 1216 3574 gligentia
1236 3492 1287 3559 sua
1304 3513 1367 3557 non
1385 3510 1560 3569 perceptos,
1582 3509 1646 3553 non
1663 3487 1761 3554 solum
1782 3511 1839 3553 na·

261 3562 458 3660 culpabiliter
468 3566 652 3642 surripiendo
666 3586 719 3631 aut
730 3571 1034 3644 retinendo,velda·
1073 3576 1190 3639 rurales
1204 3573 1237 3640 dt
1254 3576 1368 3637 mixtos
1385 3580 1400 3651 ‘,
1415 3575 1554 3648 quinimo
1569 3573 1667 3636 etiam
1686 3589 1769 3633 mere
1790 3571 1838 3630 in-

262 3641 470 3722 mnrficando,
487 3662 613 3708 tenetur
631 3651 660 3708 in
682 3647 867 3713 conscientia
883 3672 1036 3715 remeam-
1073 3653 1248 3727 dullriales,
1263 3674 1341 3732 quos
1362 3652 1502 3716 dominus
1528 3649 1581 3713 sua
1608 3648 1751 3730 singulari
1771 3648 1838 3711 dili·

262 3720 330 3787 dem
349 3722 372 3815 fr
394 3723 668 3817 adducentem&
688 3723 771 3820 lecus
788 3731 933 3807 praetium
952 3733 1036 3809 eius,
1074 3736 1176 3815 genria
1194 3735 1280 3802 licite
1302 3730 1507 3811 percepissem
1538 3726 1610 3794 &sl
1634 3725 1840 3821 stulius-quos

262 3804 311 3867 tel
331 3803 415 3865 aliud
421 3802 612 3896 aequivalens
630 3803 790 3870 rellrtuere
798 3855 807 3886 ,
828 3806 916 3872 sicuti
928 3829 1035 3873 omnes
1075 3815 1201 3879 ininllus
1229 3817 1372 3879 detentor
1389 3816 1541 3889 percepit,
1564 3811 1639 3874 dum
1660 3809 1703 3874 eil
1721 3813 1752 3872 in
1769 3809 1837 3873 cul·

264 3878 378 3947 nuans
398 3882 533 3948 eruldem
553 3882 616 3949 sive
633 3888 792 3951 naturales
813 3939 820 3967 ,
838 3886 901 3952 five
921 3892 1036 3955 mixtos
1073 3895 1166 3973 pabili
1180 3912 1268 3960 mora
1290 3910 1440 3973 pereunt,
1460 3892 1496 3955 ad
1512 3888 1752 3966 damnumiplrns
1769 3909 1838 3966 per·

262 3960 504 4058 live-perceptos
524 4012 533 4041 ,
551 3964 614 4028 sive
630 3986 691 4030 non
703 3986 885 4048 perceptos,
904 3966 1039 4047 sedquor
1073 3992 1167 4041 eunt.
1193 3972 1279 4041 Nam
1305 3993 1396 4039 omne
1416 3974 1565 4038 damnum
1587 3992 1626 4035 ert
1653 3970 1709 4036 tali
1727 3967 1839 4032 iniulla

260 4041 404 4108 domnus
424 4061 621 4123 percepturus
637 4067 704 4112 erat
725 4096 733 4125 ,
754 4069 875 4113 necnon
895 4069 1037 4130 compen·
1074 4056 1256 4122 detentione
1276 4055 1402 4119 domino
1423 4056 1626 4131 proveniens,
1645 4055 1672 4113 ei
1693 4070 1838 4127 compen·

261 4120 388 4199 pensare
404 4123 550 4218 damnum
559 4145 650 4190 omne
663 4148 848 4208 emergens,
866 4150 901 4194 ac
920 4129 1038 4193 lucrum
1076 4134 1134 4200 sari
1150 4135 1255 4200 debet.
1282 4132 1410 4198 Proetus
1427 4148 1533 4197 tamen
1561 4129 1757 4213 industrialas
1770 4149 1840 4194 tan·

260 4194 405 4297 cellans.
421 4202 473 4299 Sic
487 4210 698 4300 'communiter
714 4204 850 4275 sentiunt
867 4209 935 4273 DD.
953 4209 1036 4273 Nam
1076 4231 1145 4280 tum
1160 4236 1235 4293 quos
1255 4215 1393 4279 dominus
1413 4215 1455 4276 rei
1478 4233 1538 4278 non
1550 4214 1732 4290 percepisset
1753 4206 1839 4274 relli-

260 4282 302 4347 ob
321 4280 441 4377 illatam
451 4305 595 4378 iniuriam
610 4287 808 4354 contrahitur
816 4288 963 4370 obligatio
973 4290 1039 4354 red·
1077 4296 1183 4362 tuendi
1201 4316 1264 4360 non
1280 4292 1348 4358 sunt
1368 4313 1437 4356 cum
1455 4290 1513 4357 fint
1530 4289 1642 4357 lindius
1658 4312 1719 4356 non
1741 4292 1785 4354 rei
1807 4313 1839 4356 a·

259 4360 357 4457 dende
374 4382 502 4458 onmrno
522 4363 691 4430 indemnem
709 4371 888 4434 iniuriarum
905 4373 1035 4436 eanncui
1077 4377 1166 4442 lienae
1185 4373 1232 4438 led
1249 4375 1379 4454 proprie
1397 4370 1563 4441 industrie·
1592 4369 1681 4436 Unde
1706 4373 1759 4447 <lui
1787 4392 1839 4448 pe-

259 4443 378 4509 inrurra
398 4444 488 4539 illata
507 4445 579 4539 est,
608 4467 643 4510 ac
673 4467 743 4514 eum
767 4452 799 4512 in
820 4449 932 4516 linum
951 4471 1036 4515 eum·
1076 4460 1168 4521 cunia
1178 4453 1298 4520 furtiva
1317 4457 1494 4531 negotiatus
1512 4453 1553 4516 eil
1576 4470 1637 4515 non
1656 4451 1840 4517 teneturlu-

256 4523 334 4618 dem
353 4521 533 4621 restituendi
551 4530 665 4621 inquo
684 4525 800 4593 esseest
819 4533 931 4595 iniuria
947 4532 1036 4598 illata
1076 4554 1163 4602 crum
1182 4535 1269 4599 lirum
1284 4531 1441 4599 restituere
1461 4582 1469 4611 ,
1489 4533 1541 4599 sed
1559 4531 1720 4598 dumtaxat
1749 4550 1843 4610 pecu·

263 4622 296 4668 er
317 4621 384 4667 non
405 4599 531 4684 luisset,
552 4605 757 4687 alraspenitus
774 4613 885 4676 iniuria
903 4613 1038 4677 nontol-
1077 4620 1161 4681 niam
1185 4614 1321 4681 ablatam
1344 4613 1379 4679 dt
1400 4615 1546 4680 damnum
1574 4610 1608 4674 sr
1625 4633 1664 4678 err
1691 4611 1747 4676 tali
1771 4607 1840 4674 lub-

257 4679 399 4763 deretur,
414 4705 472 4780 nee
482 4686 660 4781 redderetur
678 4690 868 4765 aequalitatis
884 4691 1035 4770 mensura,
1052 4703 1060 4814 Ι
1077 4698 1217 4776 reptione
1234 4694 1359 4760 domino
1378 4693 1559 4773 emerserit,
1576 4694 1629 4758 vel
1650 4694 1768 4758 lucrum
1777 4685 1840 4754 ces·

259 4783 361 4840 quam
380 4769 478 4845 exigit
500 4765 619 4832 rullrtia
675 4768 710 4834 ἃ
739 4770 784 4835 ita
812 4770 962 4851 iniustitia
977 4792 1039 4836 non
1073 4774 1215 4842 laverit.

258 4845 394 4938 omnino
414 4845 565 4944 cessaret..
600 4818 691 4915 [inde
711 4850 816 4930 regula
837 4850 1038 4918 restitutionis
1114 4855 1202 4920 Nota
1222 4875 1247 4915 a.
1272 4851 1355 4932 quod
1372 4851 1526 4934 lamina,
1552 4846 1786 4918 a'liavesrmilia
1813 4845 1837 4910 si

315 4925 418 5019 rendae
440 4928 481 4991 ob
508 4925 653 4994 inruilam
672 4934 884 5009 acceptionem
903 4981 912 5006 ,
935 4930 968 4996 ἅ
987 4933 1039 4998 da·
1071 4935 1174 4999 aliena
1191 4933 1251 5003 fine
1268 4955 1331 4999 non
1353 4929 1677 5013 fruliilicanrdomino
1698 4926 1774 5005 luo,
1790 4925 1839 4991 led

265 5001 538 5087 minitationem,
566 5006 610 5076 ell
630 5014 788 5089 quantitas
805 5010 876 5078 botri
896 5011 977 5090 quod
994 5012 1038 5079 al·
1070 5017 1199 5084 domino
1215 5017 1278 5097 agri
1299 5017 1322 5080 l.
1338 5032 1387 5078 aa
1408 5021 1433 5080 a
1451 5015 1487 5080 dc
1501 5011 1584 5094 ufar.
1603 5008 1719 5088 obisse,
1742 5007 1840 5071 omnir

1752 5111 1803 5151 ru·
