4425 6000
495 506 1520 593 TanemoisIniuriis&c.Car.uirio.'
1675 547 1746 624 ¹²9

220 611 477 698 provenientibus
497 633 515 677 a
534 611 765 691 consanguineis
784 612 881 690 patris
902 626 994 686 puta·
1027 611 1059 674 in
1088 607 1158 677 soro
1179 628 1329 689 externo,
1347 613 1381 682 dr
1397 618 1493 682 eriam
1513 621 1545 682 in
1563 621 1707 702 interno,
1726 650 1797 696 cum

224 699 289 763 tivi
305 747 315 776 ,
330 718 366 762 ac
387 698 419 759 in
436 692 527 769 aliis,
545 713 614 768 quae
632 693 774 771 legitimis
803 688 934 767 spesiant
957 712 992 754 ac
1029 688 1219 768 possitiusle
1238 690 1453 760 hereditatem
1476 699 1614 766 dividere
1633 725 1705 769 cum
1724 707 1798 788 legi·

223 775 357 856 spediare
376 776 495 852 possunt
513 772 602 836 modo
621 790 832 849 quocumque,
851 772 933 849 iure,
958 770 993 838 dc
1028 774 1130 848 rimis,
1146 776 1217 847 quia
1238 774 1318 852 leges
1333 772 1413 839 slant
1436 798 1490 856 pro
1511 800 1630 858 puero,
1658 806 1729 862 quae
1747 792 1797 860 ira

222 864 368 926 ratione.
391 857 440 919 Sic
456 856 676 918 communiter.
697 856 780 929 Quia
798 868 928 927 uterque
949 850 991 912 esl
1027 853 1201 916 slatuerunt
1224 853 1261 915 ad
1289 856 1431 919 tuendam
1453 863 1537 936 pueri
1567 864 1796 934 innocentiam.

222 959 313 1017 nque
342 935 515 1014 principalis
546 932 654 998 iniusta
688 930 790 998 caussa
821 927 991 1019 huiusmodi
1028 933 1142 1020 Verum
1163 929 1295 1012 respedlu
1316 937 1489 1012 genitorum
1510 937 1609 1007 dubiae
1628 945 1724 1023 prolis
1744 953 1797 1025 qui

223 1018 441 1084 damnorum.-
469 1011 504 1078 ἀ
525 1031 671 1078 tenentur
688 1012 792 1091 singuli
816 1014 847 1074 iri
868 1010 994 1074 solidum
1029 1014 1197 1090 posuerunt
1254 1010 1287 1078 δι
1310 1019 1423 1079 marito
1440 1016 1568 1099 &proli
1587 1026 1798 1106 certolegitj.

221 1118 266 1164 err
283 1097 412 1163 alterius
431 1090 551 1158 defertu
569 1113 607 1156 eir
622 1089 991 1171 rap.iilti'modeinr'iiriis.
1028 1114 1086 1158 mae
1108 1059 1277 1168 periculum
1298 1114 1418 1159 certum
1441 1098 1542 1164 damni
1564 1151 1572 1178 ,
1601 1106 1633 1166 in
1658 1103 1727 1169 soro
1748 1111 1796 1173 in·

223 1179 340 1255 Neque
357 1174 377 1239 st
395 1176 548 1240 alteruter
563 1171 626 1237 sine
647 1177 700 1251 vi,
724 1172 814 1247 dolo,
832 1170 893 1237 &e
917 1170 993 1234 alte·
1030 1192 1121 1238 terno
1138 1189 1209 1235 non·
1225 1174 1310 1238 valer
1331 1198 1344 1250 ,·
1375 1176 1489 1243 idcirco
1518 1197 1664 1247 tenentur
1693 1186 1731 1250 ad
1751 1209 1798 1253 re·

223 1279 297 1326 riou
312 1256 352 1322 ad
367 1254 601 1322 adulterandum
623 1254 744 1318 induxit
763 1252 845 1316 alter
861 1253 912 1326 qui
935 1246 992 1313 suit
1028 1252 1243 1317 stitutionem.
1273 1253 1397 1318 Crimen
1414 1261 1498 1322 enim
1520 1260 1557 1325 ab
1580 1263 1723 1330 adultero
1742 1289 1797 1344 pon

223 1337 371 1404 indueus
390 1336 465 1400 esset
487 1333 664 1400 excusabilis
678 1333 993 1406 inconscientiaquo·
1029 1332 1143 1408 stolae,
1161 1350 1196 1397 ut
1218 1331 1247 1395 se
1267 1334 1436 1399 debitorem
1453 1340 1580 1418 credat,
1596 1340 1649 1405 nis
1668 1365 1797 1414 contra·

221 1418 264 1485 ad
290 1437 372 1484 otios
400 1413 671 1491 compensationis.
699 1412 785 1490 Quia
813 1429 941 1489 uterque
959 1410 993 1471 li·
1029 1417 1107 1485 rium
1124 1413 1247 1492 probet.
1267 1413 1411 1492 ldemque
1431 1419 1555 1497 dicito,
1576 1420 1597 1484 ti
1613 1426 1726 1490 multer
1743 1449 1795 1492 ω.

222 1499 299 1565 hero
318 1518 355 1563 ac
376 1497 555 1562 voluntario
565 1493 709 1559 consensu
724 1491 995 1583 catislamdamno·
1029 1498 1114 1573 gnita
1134 1488 1228 1557 suerit
1256 1494 1427 1569 apluribus
1450 1521 1460 1573 ;
1489 1501 1591 1565 itaut
1617 1523 1721 1569 oinnes
1751 1525 1796 1572 te·

222 1600 294 1645 rum
314 1577 439 1654 illicita,
456 1572 490 1641 ἃ
513 1573 625 1639 iniuslr
652 1575 705 1639 sua
724 1571 841 1637 aldione
912 1572 993 1665 luit.
1030 1592 1163 1639 neanrur
1189 1573 1228 1637 ad
1251 1574 1351 1638 damni
1380 1576 1660 1655 compensationem
1696 1586 1795 1653 dubiae

214 1659 261 1722 -si
280 1657 433 1722 alteruter
450 1675 525 1721 vero
542 1657 607 1719 vim
628 1673 681 1719 aut
702 1671 860 1718 metumrc
877 1650 994 1730 pediive
1030 1652 1142 1732 prolis.

218 1758 348 1819 gravem
379 1736 430 1800 vel
460 1738 559 1830 etiam
585 1734 825 1799 reverentialem
839 1795 844 1803 ,
857 1748 991 1825 tantum·
1072 1733 1222 1829 Adultera
1239 1738 1354 1812 paritet
1374 1740 1454 1803 citra
1475 1742 1645 1820 perieulum
1660 1742 1796 1818 infamia

845 1835 852 1847 .
920 1833 928 1871 ¹
981 1841 994 1855 ,
1608 1829 1613 1839 .
1780 1860 1797 1876 θ

223 1817 358 1963 laese
373 1836 612 1962 ‘laesibilis'
628 1832 859 1958 ‘isti‘sl‘u
878 1832 994 1970 slus.
1029 1815 1522 1972 lissimlssslilltsli
1538 1828 1796 1975 usstass.

223 1976 464 2055 quirunceffcr
493 1974 556 2040 sola
584 1973 756 2053 principalis
780 1973 882 2037 caussa
912 1971 995 2036 adul·
1031 1995 1079 2041 rer
1109 1974 1175 2039 DD.
1203 1975 1422 2052 compensando
1455 2002 1526 2044 cum
1557 1988 1682 2059 propriis
1709 1985 1795 2052 bonis

224 2061 326 2135 cerii,
349 2057 427 2122 idest
446 2059 564 2120 iniuriae
591 2077 625 2119 ac
647 2054 771 2131 pfolssde
782 2055 995 2125 cuiuscumque
1030 2055 1186 2122 dotalibus
1205 2054 1225 2117 si
1248 2056 1335 2132 possit
1352 2055 1510 2137 disponere
1536 2061 1571 2127 dt
1590 2064 1796 2131 dimissoriali·

223 2137 461 2206 datuniextali
483 2139 593 2200 iniuria
614 2136 840 2212 provenientis.
872 2133 906 2194 ln
938 2131 993 2193 liii·
1031 2136 1084 2200 bus
1113 2136 1135 2197 si
1161 2133 1289 2199 habeat.
1321 2139 1413 2213 Quod
1443 2139 1566 2206 sibona
1591 2164 1652 2207 non
1684 2145 1796 2211 habeat

223 2221 274 2286 itu
298 2237 403 2285 tamen
424 2212 539 2282 deletu
568 2233 726 2280 teneretur
754 2214 850 2278 altera
869 2234 937 2291 pars
959 2213 996 2273 li·
1030 2216 1222 2293 compensare
1244 2235 1332 2281 curer
1353 2239 1423 2284 cum
1451 2221 1641 2302 diligentiori
1669 2226 1797 2290 gamini.

221 2316 276 2364 cet
300 2300 400 2362 miuus
435 2296 635 2376 principalis,
666 2293 699 2360 δι
726 2298 828 2357 minus
848 2293 995 2357 volunta·
1032 2295 1236 2360 slrationerei
1254 2293 1412 2362 familiaris
1433 2347 1443 2376 ,
1466 2300 1500 2365 dr
1520 2302 1682 2368 detrahere
1703 2328 1797 2384 quan.

223 2380 273 2444 ria
290 2427 300 2457 ,
316 2394 426 2456 utpote
442 2398 509 2455 quae
527 2397 578 2453 per
599 2379 739 2439 iniuriam
765 2376 801 2439 ali
822 2375 922 2438 altero
942 2370 992 2435 sibi
1032 2399 1098 2442 tum
1120 2375 1216 2455 potest
1237 2376 1273 2440 de
1289 2381 1415 2457 propriis
1436 2374 1531 2447 solitis
1545 2382 1714 2465 sumptibus
1734 2382 1796 2464 spe·

225 2457 350 2528 illatam
370 2461 441 2524 huic
463 2460 580 2521 iniuriae
595 2453 798 2525 consenserit.
818 2454 994 2520 Tenetetur
1029 2457 1112 2525 slata
1133 2475 1237 2525 tamen
1260 2456 1355 2525 slatus
1381 2460 1585 2542 conditione,
1616 2466 1795 2531 valetudine

223 2539 532 2616 quidem,quialicet
541 2534 703 2602 secundum
713 2538 783 2614 quid
798 2586 807 2615 ,
823 2554 927 2602 tamen
937 2556 993 2599 vo·
1030 2539 1090 2605 dre.
1112 2541 1262 2626 Quinimo
1285 2539 1458 2619 religiosum
1478 2542 1611 2620 statum,
1632 2543 1794 2611 secundum

226 2619 363 2684 luntarie
403 2616 575 2695 fimpliciter
599 2616 817 2685 consentiendo
849 2614 927 2682 salla
951 2619 994 2680 eli
1030 2619 1493 2697 multos,spuriopersuadere
1513 2621 1668 2701 debebit,
1696 2626 1796 2692 sivo·

224 2699 318 2764 realis
347 2697 448 2763 caussa
478 2700 629 2774 iniuriae,
669 2698 702 2764 dt
732 2697 867 2764 cuiusvis
892 2698 993 2762 damni
1028 2703 1146 2766 cationi
1166 2693 1202 2762 sit
1231 2700 1415 2784 dispositus,
1446 2721 1482 2765 ur
1510 2705 1688 2782 temporalia
1714 2705 1795 2771 bona

224 2780 310 2857 quod
334 2800 430 2846 exea
452 2776 615 2871 processit.
645 2780 802 2845 Caeteriim
828 2778 993 2855 quomodo·
1030 2781 1415 2860 legitimiconlequantur.

223 2881 359 2938 cumque
381 2881 428 2925 res
444 2864 473 2927 se
494 2859 603 2925 habear
622 2863 705 2926 cirea
727 2858 798 2923 ralis
809 2860 928 2921 iniuriae
943 2879 996 2932 po·
1069 2861 1099 2923 Si
1122 2879 1199 2923 veto
1216 2855 1299 2923 bisce
1318 2861 1414 2925 modis
1437 2862 1633 2940 compensare
1661 2885 1794 2942 nequeat

225 2939 387 3020 sirionem,
403 2941 477 3006 idest
503 2943 583 3009 circa
606 2939 791 3006 adulterium
812 2954 998 3021 patratum,
1031 2961 1091 3006 non
1115 2956 1240 3005 tenetur
1261 2942 1399 3006 revelare
1432 2939 1518 3007 suum
1547 2947 1662 3012 crimen
1683 2946 1723 3012 ob
1741 2967 1798 3024 pe·

225 3040 348 3089 certum
369 3023 490 3087 videtur
511 3022 591 3098 quod
622 3019 642 3082 si
668 3018 851 3096 probabilius
867 3014 905 3081 sit
924 3038 994 3095 pro·
1031 3023 1161 3086 ticulum
1183 3020 1454 3099 virae,gravisque
1475 3020 1633 3104 scandali,
1654 3032 1794 3107 perpetui

225 3101 290 3166 lem
307 3107 443 3183 genitam
458 3103 518 3167 esse
540 3122 580 3167 eit
596 3100 751 3166 adulterio
778 3115 923 3162 tenentur
950 3100 994 3161 A·
1029 3101 1090 3165 odii
1111 3104 1228 3179 mariti,
1250 3098 1385 3167 infamiae
1403 3105 1497 3168 totius
1514 3102 1660 3186 familia,
1677 3105 1711 3174 ἀ
1727 3129 1794 3184 pro·

225 3181 343 3247 dulteri
361 3182 475 3248 malum
489 3203 529 3246 ex
550 3181 607 3246 hoc
625 3183 809 3257 proveniens
830 3175 994 3254 resarcite,
1030 3185 1122 3259 price,
1142 3178 1287 3246 saltemsi
1320 3202 1382 3245 non
1402 3180 1440 3246 sit
1471 3181 1599 3262 suspeata
1621 3236 1629 3264 ,
1651 3187 1702 3253 vel
1717 3187 1793 3252 alte·

223 3265 297 3339 quia
318 3261 483 3340 prudenter
499 3260 567 3340 ipsis
584 3282 646 3327 non
662 3257 780 3325 conslat
797 3258 914 3335 prolem
930 3277 993 3321 non
1030 3264 1092 3324 rius
1110 3261 1185 3325 mali
1201 3259 1299 3325 multo
1319 3264 1459 3340 maioris,
1474 3274 1510 3327 a'c
1531 3267 1675 3331 damnum
1696 3265 1794 3333 lere·

223 3342 290 3409 esse
309 3341 409 3409 suam.
1029 3343 1138 3407 ditatis
1153 3386 1162 3403 .
1181 3340 1232 3405 Sic
1247 3346 1470 3407 communiter.
1496 3343 1586 3410 Tunc
1604 3351 1686 3411 enim
1701 3349 1794 3412 mari·

179 3450 212 3501 p,
268 3421 306 3489 ln
324 3423 419 3488 dubio
439 3444 514 3488 vero
532 3423 675 3502 ‚prudenti
697 3441 736 3486 an
757 3421 854 3497 proles
871 3418 907 3485 sit
925 3418 993 3497 spu·
1031 3439 1080 3488 tus
1103 3419 1165 3498 ,dr
1180 3421 1236 3484 filii
1258 3421 1308 3484 seu
1329 3420 1461 3486 haeredes
1483 3423 1612 3503 legitimi
1641 3447 1704 3492 non
1723 3425 1794 3494 sunt

187 3505 297 3581 fitia,
315 3502 499 3584 probabilius
514 3502 556 3566 est
577 3505 677 3566 teneti
686 3502 852 3566 Adulteros
861 3520 915 3577 pro
925 3515 993 3561 rara
1030 3499 1258 3566 rationabiliter
1279 3502 1391 3576 inviti,
1407 3500 1440 3566 δι
1457 3501 1615 3569 reslitiitio
1637 3507 1794 3571 estmora-

176 3578 340 3662 sedauit,
369 3583 514 3648 videlicet
539 3603 592 3658 pro
618 3585 750 3656 maiori,
780 3581 831 3646 vel
852 3581 963 3643 minori
987 3624 995 3654 ,
1031 3583 1108 3646 liter
1122 3579 1321 3657 impossibilis.
1352 3583 1555 3659 Praeterquam
1574 3587 1654 3662 qood
1675 3588 1796 3650 inutili·

181 3678 192 3697 ·
223 3667 348 3731 ratione
363 3664 445 3728 dubii
472 3663 588 3726 iudicio
609 3661 812 3739 prudentum.
841 3660 892 3725 Sic
912 3660 992 3802 Lap-
1031 3680 1078 3726 rer
1097 3663 1212 3724 crimen
1228 3659 1315 3724 surim
1330 3659 1538 3727 manifestaret
1555 3663 1676 3730 ramerii
1694 3664 1794 3730 firma·

226 3765 301 3811 mari
329 3765 401 3808 cum
429 3742 522 3807 aliis.
548 3741 633 3817 Quia
661 3760 790 3816 uterque
819 3739 860 3802 esl
883 3742 948 3801 iniu
977 3756 994 3800 a
1031 3759 1078 3806 ret
1096 3737 1380 3804 manifestationem
1400 3743 1577 3808 iuramento
1599 3769 1606 3780 ·
1628 3748 1699 3819 quia
1718 3744 1795 3809 sidet

226 3822 331 3891 mussa
363 3821 486 3898 periculi
516 3824 627 3899 praetio
654 3820 867 3896 aestimabilis3
896 3817 930 3882 ὃ(
963 3821 995 3880 in
1031 3842 1092 3884 nori
1111 3818 1241 3884 liabetur
1259 3840 1276 3883 a
1294 3818 1496 3885 tribunalibus
1513 3794 1714 3889 hiiius’eemodi
1726 3846 1796 3889 mu·

228 3905 328 3971 dubiis
354 3905 490 3977 iniquum
520 3900 593 3978 est,
633 3921 669 3964 ur
696 3918 797 3965 totum
828 3898 995 3977 periculum
1032 3902 1140 3963 lictum
1161 3900 1353 3962 tessimonio.
1381 3900 1421 3964 Et
1448 3901 1504 3966 boc
1535 3903 1615 3968 idem
1632 3903 1794 3969 dicendum

229 3985 336 4049 libeat
358 3985 522 4046 innocens.
542 3982 632 4045 Licet
654 3984 737 4045 enini
752 3979 895 4043 dubitent
906 3979 944 4041 de
954 3972 995 4040 el·
1030 3980 1051 4043 si
1070 3981 1139 4044 loco
1155 3979 1281 4042 alterius
1304 3984 1369 4044 veri
1388 3979 1444 4043 filii
1463 3979 1552 4045 suum
1573 3981 1795 4061 supposuisset,

229 4061 310 4128 sedin
363 4063 443 4126 certi
463 4079 565 4127 tamen
588 4058 659 4125 sunt
691 4060 728 4123 de
744 4057 863 4124 odilone
878 4057 995 4121 masaa
1030 4080 1068 4123 ne
1085 4058 1244 4123 hareditas
1266 4058 1304 4121 ad
1325 4059 1399 4123 alios
1426 4059 1576 4127 transeat.
1603 4064 1720 4129 Volunt
1745 4083 1794 4129 ra·

229 4141 260 4210 se
276 4110 374 4223 posdra
389 4140 504 4208 malum
527 4136 700 4206 inserente.
728 4137 818 4226 Unde
848 4158 919 4203 cum
948 4158 995 4201 ra·
1029 4161 1100 4203 men
1121 4139 1216 4216 aliqui
1248 4137 1365 4215 quodsi
1387 4137 1503 4213 spurius
1520 4143 1596 4209 esser
1618 4143 1728 4207 indolis
1745 4146 1796 4209 ad·

230 4223 378 4289 tionabile
400 4219 519 4286 nonsit
540 4219 690 4298 quodqui
718 4218 759 4282 est
780 4236 883 4305 certus
903 4217 941 4281 de
963 4238 995 4282 a·
1029 4221 1172 4285 comitis
1194 4267 1202 4296 ,
1230 4220 1322 4281 metri
1349 4218 1425 4283 adeo
1455 4218 1582 4287 assessus
1604 4243 1736 4300 amore,
1761 4224 1795 4289 dt

230 4302 347 4381 ssione,
363 4324 429 4379 quae
446 4299 539 4365 babet
559 4300 596 4363 de
616 4298 646 4363 se
654 4300 768 4365 malum
777 4298 830 4363 lcii
850 4300 996 4363 damnum
1029 4296 1229 4364 conscientiae
1252 4299 1329 4360 adeo
1350 4301 1513 4389 timoratus
1535 4322 1593 4380 ,ut
1614 4304 1796 4382 prudentem

230 4382 365 4458 iiiserre,
383 4403 401 4444 a
418 4380 448 4444 se
464 4379 572 4445 iniusle
592 4376 714 4457 posita,
741 4378 775 4445 dt
796 4379 891 4443 solum
911 4376 996 4441 dubi·
1030 4378 1243 4454 moralemque
1265 4377 1463 4443 securitatem
1483 4381 1734 4458 liaberetmater,
1756 4401 1793 4448 ut

232 4481 281 4528 tar
300 4464 338 4527 de
357 4459 488 4536 effeslu,
508 4459 546 4523 ab
567 4463 651 4522 omni
672 4459 779 4526 debito
798 4456 997 4534 absolvatur,
1030 4459 1051 4521 si
1080 4458 1138 4525 hoc
1158 4457 1224 4521 silio
1251 4459 1404 4521 revelaret
1428 4480 1576 4537 perpetuo
1599 4461 1653 4528 siib
1678 4467 1796 4528 secreto

234 4541 266 4608 dt
287 4541 328 4608 sie
349 4560 453 4606 totum
472 4539 700 4614 incommodum
713 4537 844 4615 subeat,
865 4536 914 4601 seu
933 4557 997 4612 poe·
1030 4557 1164 4614 teneret,
1190 4539 1281 4603 matti
1299 4535 1624 4618 sidemliaberet,&se
1637 4563 1797 4606 removen-

232 4625 371 4699 namqui
393 4620 509 4685 nullum
526 4616 617 4683 babet
632 4618 730 4695 culpae
750 4636 871 4683 reatuin
893 4642 902 4696 3
927 4619 996 4681 liinc
1032 4620 1071 4685 do
1084 4636 1134 4682 tor
1153 4619 1234 4680 mala
1260 4616 1383 4683 tolleret
1399 4625 1534 4685 maxime
1551 4624 1599 4686 iibi
1622 4621 1689 4686 sunt
1707 4621 1798 4686 fidei·

234 4702 375 4768 Adulteri
392 4697 545 4766 eximendi
566 4718 629 4762 non
650 4697 721 4763 sunt
743 4697 779 4761 ab
803 4717 897 4762 onere
917 4699 996 4774 quod
1031 4698 1187 4763 commissa
1208 4699 1306 4776 magni
1325 4705 1471 4784 momenti
1491 4724 1525 4766 ac
1543 4704 1652 4782 amplae
1669 4702 1798 4768 haeredi·

234 4780 325 4847 affert
347 4781 425 4846 assio
448 4781 529 4845 mala
552 4798 642 4857 quain
666 4776 777 4841 iniuste
800 4777 966 4855 posuerunt
988 4824 996 4854 ,
1032 4795 1133 4842 tates.
1152 4776 1187 4838 ln
1209 4776 1265 4840 tali
1283 4776 1352 4841 calu
1361 4798 1460 4843 mater
1472 4784 1535 4856 pati
1548 4781 1796 4848 tenereturhane

233 4882 269 4926 oe
283 4879 391 4927 totum
406 4878 478 4927 ruat
496 4862 529 4925 su
569 4881 583 4923 r
606 4861 801 4922 innocentem
819 4904 829 4935 ,
848 4855 918 4921 casu
937 4876 997 4934 quo
1033 4853 1189 4920 infamiam
1210 4856 1290 4933 apud
1311 4857 1389 4922 hunc
1410 4859 1527 4923 lilium.
1544 4862 1797 4925 Filiusverocrc·

234 4942 380 5009 damnum
397 4940 503 5018 reapse
535 4939 625 5004 uisset
647 4938 787 5001 illatum.
1033 4936 1106 4999 dens
1121 4939 1214 4999 matri
1237 4936 1322 5000 suum
1341 4941 1455 5002 crimen
1478 4942 1631 5006 revelanti
1652 4940 1687 5004 ἀ
1703 4942 1798 5002 variis

269 5021 340 5086 Nee
369 5021 457 5086 valet
486 5020 587 5084 dicere
615 5017 693 5094 quod
727 5013 870 5079 indubio
897 5014 996 5092 proles
1032 5018 1238 5079 monumentis
1270 5016 1442 5094 probanti,
1473 5019 1535 5084 live
1563 5025 1595 5083 in
1615 5019 1724 5084 mortis
1750 5038 1798 5080 ar·

236 5097 357 5182 supponi
374 5099 481 5165 debeat
497 5099 655 5178 legitima;
676 5095 822 5172 quiahoc
839 5093 996 5161 verumesl
1033 5096 1135 5160 ticulo
1149 5096 1347 5162 sacramentis
1367 5102 1494 5164 munitae
1512 5098 1709 5165 iureiurando
1724 5117 1798 5160 con·
1852 5118 1860 5149 i

308 5182 407 5264 restit.
425 5177 526 5244 Theos.
546 5177 655 5243 Mores.
675 5172 767 5241 Toto.
784 5172 839 5236 lll.
1019 5193 1022 5200 ·
1345 5214 1354 5224 -
1384 5175 1398 5237 l
1637 5178 1761 5243 firmari·
