4425 6000
471 518 545 598 262
757 513 1415 592 Taacr.niaCorrritnca.
1452 516 1669 591 cinxit.

421 640 511 695 quam
525 615 751 684 romaicam
769 633 881 691 tenet,
911 617 943 678 in
959 611 1093 691 periculo
1115 629 1182 690 pot·
1220 629 1246 693 3.
1268 620 1294 679 5.
1321 613 1359 678 dr
1385 614 1520 692 reperior.
1546 616 1641 697 gestor.
1673 616 1806 685 Deleri
1831 638 1937 700 vero,
1965 626 1987 688 si

418 699 463 768 est
479 701 630 778 propriam
651 696 759 761 aliena
776 692 828 756 libi
841 693 1045 761 commodate
1060 689 1182 771 praeser·
1218 694 1307 760 cedat
1322 697 1419 759 etiam
1434 696 1467 755 in
1491 692 1534 758 sni
1555 693 1642 772 ipsius
1663 696 1863 777 utilitatem,
1891 705 1942 767 vel
1965 702 1987 768 si

422 801 475 857 re,
494 778 613 857 quando
628 797 692 842 rem
706 774 1085 842 commodatamteneatin
1102 793 1183 842 eom·
1219 771 1248 837 se
1262 772 1408 840 obtulerit
1432 822 1440 850 ,
1464 772 1535 837 ditm
1564 775 1639 839 alius
1667 778 1842 855 diligentior
1857 799 1928 846 erat
1954 786 1987 848 io

420 859 542 924 modum
562 856 650 933 ipsius
669 854 907 931 commodioris.
933 853 968 916 Si
992 872 1065 917 vem
1094 852 1132 918 sit
1153 856 1182 915 io
1219 872 1381 931 promptu,
1400 850 1436 918 de
1452 850 1601 925 levissima
1617 875 1711 934 vero,
1732 855 1752 926 ii
1770 861 1987 930 maximamdi·
2040 925 2042 930 ,

418 938 612 1013 commodum
629 936 718 1009 solius
738 931 989 1009 commodatarii,
1007 932 1183 1000 iuxtamul·
1220 933 1374 1012 ligentiam
1394 932 1581 1010 promiserit,
1598 934 1648 1004 vel
1675 957 1722 999 res
1741 938 1794 1001 illa
1812 943 1985 1015 exquirat.

420 1036 471 1084 tot
491 1021 625 1092 alienam
648 1016 699 1080 fibi
714 1015 938 1084 memoratam
966 1030 1091 1078 tenetur
1109 1033 1183 1088 prae·
1218 1037 1246 1091 4.
1260 1014 1337 1080 Non
1357 1009 1453 1091 potest
1477 1016 1597 1090 operari
1627 1014 1711 1080 ultra
1732 1015 1809 1105 finer
1834 1018 1877 1085 sui
1901 1041 1986 1086 uian-

418 1095 517 1178 secre,
530 1118 571 1163 ex
589 1101 643 1163 cir.
660 1099 732 1173 Leg.
754 1115 780 1174 5.
802 1096 872 1172 quia
890 1113 1040 1170 reaquam
1058 1096 1181 1167 quisae·
1217 1096 1281 1172 dati¹
1300 1113 1341 1158 eir
1359 1094 1411 1158 cit.
1429 1095 1499 1181 Leg-
1519 1114 1546 1169 5.
1562 1093 1613 1164 ubi
1634 1092 1695 1159 sic:
1720 1097 1881 1176 Diligenter
1904 1101 1986 1165 cairi

416 1183 501 1256 cepit
522 1181 553 1242 in
575 1176 617 1243 sui
638 1174 725 1241 solius
744 1173 1023 1248 commoditatem,
1048 1192 1117 1240 earu
1137 1172 1181 1238 di·
1209 1177 1287 1252 fiaes
1311 1174 1443 1240 maimo
1467 1172 1646 1251 casiodrndi‘
1660 1174 1762 1253 sart,
1791 1176 1907 1246 idcirco
1924 1201 1986 1246 non

416 1256 613 1339 ligentissime
629 1256 809 1333 cusladire,
839 1254 872 1322 dt
897 1256 1077 1320 conservam
1098 1268 1182 1320 tene·
1218 1250 1313 1330 potest
1329 1250 1442 1329 aliquid
1464 1254 1556 1330 plutis
1575 1274 1675 1322 emere
1694 1273 1751 1322 aut
1772 1260 1901 1328 minoris
1911 1281 1987 1324 ven·

418 1357 488 1415 tur,
508 1358 563 1404 nec
585 1355 657 1403 tunc
679 1337 730 1402 ille
750 1334 847 1404 ullam
862 1335 891 1398 ei
907 1332 996 1401 debet
1011 1329 1181 1408 compensa·
1217 1332 1308 1407 dere,
1327 1353 1418 1409 quam
1438 1336 1466 1393 ei
1489 1330 1695 1411 praescriptum
1721 1334 1833 1407 suerit.
1858 1356 1885 1415 5.
1912 1340 1986 1406 Non

416 1422 558 1497 cionem,
572 1436 699 1484 comtes
716 1413 767 1482 sua
784 1411 971 1480 solummodo
986 1411 1180 1480 causiacum·
1216 1410 1315 1491 potest
1334 1414 1455 1489 exigere
1485 1414 1674 1492 mercedem,
1702 1414 1756 1479 nifi
1783 1417 1926 1494 promissa
1955 1421 1985 1484 ei

415 1498 580 1564 modatarii
601 1497 847 1577 periclitaretur,
869 1494 901 1558 dc
916 1516 986 1558 cuni
1005 1491 1083 1558 solur
1099 1512 1180 1560 com
1216 1492 1327 1569 luerit,
1348 1493 1400 1557 vel
1419 1508 1587 1584 ermentea
1603 1499 1747 1574 petierit,
1768 1516 1822 1567 oec
1839 1499 1986 1575 licitepop

415 1578 604 1656 moderatius
624 1574 737 1647 sentiat
757 1573 968 1652 commodum,
982 1570 1063 1643 solut
1082 1572 1180 1637 etiam
1216 1572 1273 1637 test
1291 1572 1416 1638 occulto
1436 1569 1583 1649 surripere
1599 1593 1656 1651 pto
1674 1594 1779 1654 operat
1809 1580 1985 1656 compens..

413 1658 642 1724 incommodum
666 1657 798 1734 experiri
814 1653 903 1722 debet
929 1652 958 1720 id
981 1648 1180 1730 prestando,
1216 1656 1301 1718 tione
1337 1651 1413 1722 alita
1429 1667 1590 1722 teneretur
1610 1652 1985 1735 adrenitutionemmun

413 1737 451 1804 ad
471 1738 628 1816 quodiam
649 1754 793 1808 tenetur.
823 1736 919 1821 Porro
936 1735 988 1809 nui
1013 1752 1078 1798 rem
1096 1729 1178 1825 suam
1213 1753 1252 1798 eo
1271 1699 1337 1810 ipso
1356 1732 1435 1808 quod
1456 1727 1576 1806 suscipit
1591 1732 1771 1804 mandatum
1791 1736 1984 1826 nihilpeten-

411 1819 621 1896 potiusquam
641 1817 771 1884 alienam
791 1813 981 1890 conservat,
1007 1811 1081 1877 dum
1106 1811 1177 1879 alia
1214 1813 1272 1889 do,
1287 1808 1428 1880 censetur
1447 1810 1478 1878 se
1500 1811 1581 1882 velle
1601 1813 1693 1882 alteri
1717 1818 1921 1896 gracihcare,
1950 1815 1985 1884 dc

308 1901 323 1977 ἶ
411 1918 485 1962 nam
506 1895 565 1964 sure
587 1900 717 1978 proprie
733 1912 918 1972 anteponere
939 1908 1095 1967 tenetur,
1123 1889 1177 1958 ob·
1213 1896 1241 1959 ei
1256 1893 1798 1971 gratuitoamicitiaegratiaoperam
1813 1895 1898 1962 suam
1909 1915 1985 1974 prae·
2037 1967 2039 1972 ,

409 1975 793 2055 ooaiueestrellitutioni
813 1973 937 2039 danim
957 1967 1178 2058 calfacienda,
1215 1971 1293 2037 liare
1316 1992 1393 2061 ,teat
1423 1975 1493 2051 Lrg.
1512 1992 1539 2038 r.
1562 1977 1588 2038 9.
1618 1974 1819 2053 morderem
1842 1976 1894 2044 uhi
1915 1973 1981 2046 sic:
2038 2035 2041 2042 .

410 2059 485 2133 quia
504 2053 679 2124 damnosam
700 2056 844 2122 iniuriam
859 2058 887 2118 ei
904 2052 1031 2118 intulit.
1212 2058 1400 2141 (cauernae
1430 2071 1498 2131 erge
1516 2049 1563 2141 ‘cst
1582 2053 1674 2133 officie
1689 2075 1823 2143 recrees.-
1853 2055 1985 2128 irrem-

275 2136 425 2215 neurim
450 2138 624 2204 Precarium
641 2137 755 2206 dicitur
773 2132 852 2210 quod
880 2131 917 2196 ad
940 2152 1042 2208 precer
1070 2148 1176 2207 peteri-
1213 2134 1313 2197 riierrrr
1327 2150 1407 2198 eriere
1416 2148 1540 2210 peceant
1554 2153 1601 2203 res
1615 2134 1850 2214 adstrictrum,
1868 2132 1983 2207 &aare

271 2201 395 2260 ¹'¹“¹¹⁸¹÷
410 2208 665 2295 ris'cooceditur,
678 2215 713 2285 dt
732 2212 774 2279 cll
793 2211 928 2291 gratuite
941 2211 1037 2292 solius
1053 2206 1177 2287 asareel
1212 2210 1376 2278 daniam
1388 2211 1487 2290 parias
1502 2211 1638 2290 respicit.
1659 2213 1810 2290 Mandros
1820 2235 1984 2293 veroprae·

410 2296 537 2378 coacrfflti
552 2299 708 2363 adoriare
722 2291 905 2359 concederetis
920 2288 1175 2368 remeabilismo·
1211 2291 1281 2356 bere
1297 2290 1384 2355 debet
1403 2293 1595 2367 mandatorio
1613 2293 1781 2366 recesserit
1802 2294 1838 2364 ad
1858 2295 1983 2366 roaode·

350 2416 355 2425 ·
406 2377 445 2441 de
468 2398 532 2444 oon
560 2376 696 2442 differta
719 2371 947 2452 commodato,
974 2369 1027 2435 nisi
1056 2374 1090 2436 in
1119 2372 1175 2436 hoe
1213 2375 1237 2437 ti
1259 2372 1497 2445 executionem,
1516 2369 1551 2440 dt
1567 2368 1686 2442 solvere
1706 2373 1843 2451 sumptus
1864 2393 1981 2453 excep.

407 2455 486 2534 quod
508 2460 604 2534 repeti
627 2453 726 2533 potell
746 2456 856 2531 quovit
873 2468 1011 2529 tempore
1029 2471 1048 2516 a
1066 2471 1175 2518 concta
1212 2453 1240 2514 6.
1260 2454 1299 2515 de
1315 2462 1460 2528 procuret.
1477 2452 1506 2518 Si
1527 2454 1592 2528 quir
1613 2451 1983 2531 autemgeratsinanian·

404 2536 520 2613 dente,
537 2551 600 2602 noti
620 2553 724 2601 tamen
741 2532 861 2610 statim,
881 2532 1064 2602 aliaeinane
1079 2530 1175 2607 esiet,
1211 2531 1285 2595 dato
1305 2533 1433 2607 negotia
1453 2530 1611 2607 absentia,
1641 2531 1675 2601 dt
1695 2532 1752 2598 hoc
1781 2536 1952 2611 ignorantia
1974 2581 1983 2612 ,

290 2610 294 2617 ’
404 2613 439 2682 dr
470 2614 670 2694 illusorium,
704 2634 768 2680 oon
799 2609 1006 2676 beneficium.
1034 2610 1174 2676 Solvitur
1211 2629 1274 2674 oon
1297 2609 1380 2675 seem
1401 2631 1441 2680 rc,
1458 2612 1666 2680 mandatarius
1704 2631 1833 2699 tenetur
1855 2615 1982 2688 alterius

402 2692 554 2769 ipsiusrei
576 2696 765 2762 alienatione
784 2692 842 2773 ,oc
862 2712 962 2757 morte
983 2693 1174 2769 recipientia,
1210 2711 1229 2756 n
1267 2691 1368 2756 otium
1383 2687 1545 2769 diligenter
1565 2690 1643 2764 acsi
1668 2659 1755 2769 suum
1783 2692 1860 2766 edet
1885 2694 1982 2768 adrni-

404 2791 463 2850 ‚cap-
482 2776 536 2841 uir.
555 2774 590 2840 dr
603 2773 748 2855 pecario,
1211 2775 1240 2843 oi
1269 2791 1359 2847 rare,
1378 2769 1412 2835 dr
1442 2769 1588 2846 resarcire
1612 2771 1723 2840 damon
1751 2767 1868 2842 ebseun·
1893 2773 1982 2842 illiti

1210 2872 1249 2913 ex
1277 2852 1343 2915 elue
1369 2850 1459 2926 culpa
1487 2852 1581 2929 lata,
1607 2852 1670 2917 imo
1693 2853 1776 2930 levi,
1798 2850 1980 2931 precipuas}

722 2941 750 3000 §-
793 2934 852 2999 1v.
1210 2931 1289 2994 alter
1317 2928 1495 3008 diligentior
1520 2933 1682 3009 negotium
1700 2931 1774 2999 illud
1795 2928 1901 2999 suisset
1933 2929 1978 2995 su·

1210 3009 1382 3090 scepturiis,
1404 3008 1744 3091 nutrientium&
1763 3018 1838 3092 Lsg·
1859 3031 1909 3084 ao.
1920 3011 1977 3081 cod.

670 3101 717 3165 De
732 3095 902 3158 Mandata.
1209 3093 1246 3155 dr
1262 3089 1395 3171 argutior.
1413 3089 1517 3169 gestor.
1542 3091 1625 3155 Nam
1647 3095 1697 3168 qui
1718 3096 1877 3172 negotium
1902 3094 1978 3161 alte·
2024 3162 2026 3165 ,

1210 3174 1270 3249 rius
1278 3171 1415 3247 suscipit,
1430 3171 1482 3233 dili
1503 3174 1622 3236 entiam
1637 3167 1738 3249 suam,
1755 3193 1790 3239 ac
1801 3170 1979 3241 industriam

266 3247 396 3326 oenatria
445 3244 632 3319 Mandatum
648 3248 696 3313 hic
712 3268 775 3313 non
797 3251 944 3337 accipitur
964 3247 1080 3326 aliive,
1096 3248 1173 3314 sicut
1210 3254 1391 3334 promittere
1411 3194 1577 3328 centiam,
1594 3271 1686 3327 quarn
1716 3251 1841 3329 proinde
1871 3251 1977 3321 saltem

265 3316 390 3378 ’ΝΜ
405 3323 788 3412 pionienspnarevidetut,
804 3329 853 3392 led
870 3327 1001 3406 passive,
1017 3329 1050 3395 dt
1066 3327 1173 3409 esleffi·
1208 3332 1396 3397 ordinariam
1426 3329 1568 3396 adhibere
1592 3347 1739 3397 tenetur.
1769 3328 1884 3413 Absens
1907 3351 1977 3397 vero

406 3405 485 3482 ciam
500 3403 596 3496 gratis
608 3404 774 3497 suscepturi
793 3407 825 3473 i'ir
837 3407 1173 3498 graii'arnalicriirsnue
1209 3410 1296 3475 debet
1311 3413 1339 3474 ei
1355 3409 1550 3487 conpensare
1576 3413 1618 3473 im
1656 3409 1744 3488 osae,
1765 3412 1918 3483 damnive
1933 3408 1977 3479 se·

405 3485 594 3566 epilogatio
616 3500 711 3567 grain
726 3488 861 3567 suscepta
879 3488 982 3569 agendi
1002 3488 1119 3569 aliquia
1142 3509 1174 3553 iri
1208 3510 1282 3555 tuta
1301 3511 1341 3554 ex
1361 3493 1476 3567 negotii
1493 3490 1603 3568 admini
1633 3494 1778 3568 ratione,
1801 3489 1836 3559 dt
1860 3490 1976 3561 solvere

402 3567 523 3634 alterius
545 3569 753 3646 commodum,
777 3585 850 3647 puta
870 3573 1029 3646 negotium
1050 3570 1174 3649 aliquod
1209 3569 1377 3635 mercedem
1392 3590 1493 3646 operae
1512 3588 1754 3657 congruentem,
1775 3573 1821 3638 ita
1843 3589 1880 3636 ut
1899 3568 1976 3635 firt·

424 3667 458 3719 ro
478 3647 575 3714 altero
594 3649 736 3727 gerendi,
753 3648 865 3724 aliquid
886 3648 937 3727 ipsi
953 3651 1093 3727 emendi,
1110 3648 1172 3716 &n
1209 3648 1347 3725 cusaret,
1367 3651 1495 3716 daretur
1509 3649 1587 3717 attio
1602 3669 1711 3717 contra
1741 3671 1836 3726 eum,
1867 3670 1908 3717 eii
1923 3652 1975 3719 cit·

400 3667 433 3795 Εἰ
455 3732 537 3793 enim
563 3729 662 3804 pretio
680 3749 758 3791 orius
778 3723 976 3807 suscipiatur,
996 3730 1038 3804 est
1070 3730 1173 3806 potius
1209 3734 1283 3809 Leg.
1302 3749 1350 3792 20.
1370 3729 1409 3793 Et
1430 3731 1467 3795 ad
1489 3728 1545 3796 linc
1565 3748 1712 3807 tenetur,
1734 3729 1856 3798 etiamst
1888 3749 1974 3809 nego-

401 3828 502 3884 operae
528 3808 664 3880 locatim
690 3808 873 3886 Mandatum
900 3829 975 3873 aero
996 3830 1057 3875 non
1074 3808 1173 3887 potest
1209 3816 1288 3877 tium
1314 3811 1393 3873 male
1418 3807 1586 3888 succedat,
1613 3810 1777 3879 dummodo
1807 3813 1860 3887 qui
1887 3828 1975 3888 nego·

311 3886 320 3901 '
403 3887 464 3955 else
485 3886 540 3951 nisi
561 3886 599 3957 de
617 3910 649 3957 ie
668 3888 860 3966 licita,Leg.
878 3891 908 3949 6.
932 3895 958 3956 ς.
979 3884 1174 3955 marmoree
1208 3896 1288 3958 tium
1308 3888 1410 3970 gessit,
1430 3890 1565 3956 debitam
1589 3880 1779 3968 prudentiam
1803 3889 1975 3960 adbibuerit
2040 3915 2042 3921 ’

339 4039 345 4054 ⁸
404 3969 523 4047 integra
542 3963 673 4033 solvitur
692 3986 795 4047 morte
820 3968 1011 4045 mandantis,
1031 3975 1104 4049 neg.
1125 3989 1172 4048 15.
1209 3995 1245 4036 ae
1261 3970 1482 4049 diligentiam
1513 3973 1582 4046 quia
1610 3992 1680 4035 cum
1709 3990 1756 4035 res
1773 3965 1852 4046 ipsa,
1870 3967 1906 4036 dt
1927 3989 1975 4048 pri·

280 4040 388 4115 'obliga
405 4048 466 4127 cod.
488 4046 622 4110 mandri.
640 4045 851 4125 Obligationes
872 4067 949 4113 vero
969 4050 1175 4128 mandatarii,
1208 4052 1318 4116 blitum
1332 4050 1444 4113 bonurn
1461 4054 1588 4128 exigar,
1608 4067 1644 4115 ut
1666 4071 1713 4114 res
1730 4053 1898 4128 negotiare
1929 4046 1974 4119 alr

267 4117 375 4219 {m
405 4123 459 4207 seu
482 4122 696 4219 cuiuscumque
723 4130 917 4208 negotiorum
936 4128 1090 4207 gellorir,
1123 4130 1174 4193 vel
1209 4131 1342 4210 sentium
1358 4130 1628 4208 admioillrentur,
1648 4151 1768 4207 acquum
1796 4125 1903 4216 estut
1923 4131 1973 4195 im·

269 4231 343 4282 mii.
406 4224 611 4290 procuratoris
627 4226 667 4271 ex
695 4209 850 4272 communi
876 4206 1032 4274 sententia
1057 4206 1128 4273 lunt
1146 4229 1173 4273 r.
1210 4209 1329 4288 pensae,
1347 4229 1475 4288 operae,
1494 4208 1646 4276 &damna
1662 4210 1764 4276 secuta
1783 4211 1814 4274 ei
1831 4228 1975 4285 compen·

406 4286 485 4362 quod
516 4303 662 4354 teneatur
685 4286 812 4352 alteriue
839 4290 964 4366 negotia
986 4287 1173 4369 diligenter,
1209 4289 1334 4366 sentiit,
1353 4293 1402 4367 qui
1435 4292 1549 4368 negotii
1577 4290 1699 4372 gerendi
1724 4310 1803 4356 onus
1825 4287 1975 4367 suscepit,

405 4367 441 4431 dt
461 4367 583 4434 utiliter
603 4366 703 4437 veluti
719 4369 840 4447 propria
858 4387 983 4446 gerere,
1021 4373 1173 4435 nieman·¹
1208 4372 1303 4455 instit.
1322 4368 1505 4450 deoin'gar..

405 4444 512 4531 datum
533 4446 719 4527 acceptando
735 4443 772 4509 ad
793 4463 915 4534 tanturn
939 4390 1141 4527 se'oiiligauic
1165 4496 1174 4526 ,

405 4545 460 4593 nec
480 4526 570 4589 aliter
590 4528 746 4605 negotium
769 4527 796 4589 ei
826 4523 927 4593 suisset
955 4526 1173 4605 commissum,

404 4623 445 4677 ex
464 4609 536 4691 Ltg.
555 4625 603 4680 21,
620 4606 680 4689 cad
696 4604 827 4673 mamni.
843 4625 872 4671 a.
891 4606 1061 4687 Negotium
1076 4606 1173 4673 susce·

405 4701 495 4761 ptum
514 4684 665 4751 conficere
680 4706 719 4748 ex
740 4690 809 4765 Leg.
834 4707 880 4766 17,
903 4692 929 4753 5.
951 4687 1087 4753 commod.
1110 4689 1173 4753 Vo·
1284 4740 1303 4748 „

407 4764 539 4835 luntatis
557 4767 638 4843 enini
660 4764 703 4831 est
731 4762 878 4844 suscipere
901 4767 1099 4847 mandatum3
1121 4787 1173 4834 ne·

406 4842 556 4915 celsitatis
574 4842 771 4922 consumam
794 4847 832 4911 ad
856 4846 886 4910 id
909 4845 1038 4925 enimse
1057 4846 1173 4926 obliga·

407 4927 458 4993 vit
477 4925 553 4997 illud
573 4923 776 5005 suscipiendo.
802 4942 829 5006 3.
849 4926 990 4993 Tenetur
1011 4926 1120 4992 saltem
1134 4927 1172 4994 de

408 5005 498 5082 dolo,
512 5004 547 5075 dt
572 5006 661 5082 culpa
681 5004 802 5085 lata,si
829 5007 1008 5073 mandatum
1027 5009 1060 5070 in
1081 5004 1172 5073 solius

404 5085 581 5162 mordentis
602 5086 773 5161 utilitatem
793 5088 888 5169 gratie
902 5083 1064 5165 susceperit
1076 5087 1171 5168 ,teg
