4425 6000
299 518 316 546 f
377 520 456 621 346
606 519 779 590 Trica.
804 540 865 590 ue·
890 517 1145 592 Pancedrrt
1173 515 1404 589 Decatout
1429 511 1535 592 Car.
1559 513 1612 589 V.

325 624 466 695 malum,
486 630 597 697 utpote
621 614 792 693 oppositum
817 633 963 693 natutae,
984 615 1021 681 dc
1036 613 1090 679 fini
1128 635 1198 677 vaiu
1220 614 1368 678 edendam
1391 614 1488 690 elle,
1517 611 1551 680 dt
1581 612 1622 680 sie
1648 612 1867 690 baptizandam
1886 650 1903 675 r

326 701 540 780 generationi,
558 695 593 762 dr
609 697 686 759 nibil
708 694 831 759 intetell
849 699 926 774 quod
943 696 1037 760 soetua
1053 694 1090 758 sit
1128 695 1206 758 ldaec
1226 690 1378 759 sententia
1397 699 1604 759 communiter
1624 692 1901 761 aDulloribuslu·

285 790 288 795 '
327 785 535 855 inanimatus,
557 797 723 840 cumeurn
745 777 1094 856 tritarei,&ordina-
1126 775 1274 850 liinetur,
1295 781 1371 847 quia
1391 775 1464 837 aliar
1488 773 1690 840 euetdiretra
1710 775 1896 850 cooperatio

328 863 414 924 tione
430 857 562 923 autiorii
583 862 702 922 naturae
719 796 812 920 serm
828 860 1018 934 concipiatur
1035 875 1091 931 pro
1127 857 1328 941 internecioni
1347 855 1462 924 stetur,
1483 853 1567 930 quod'
1581 873 1632 929 per
1647 853 1677 919 se
1692 854 1812 919 malum
1832 849 1893 918 est·

305 965 307 974 ·
327 936 418 1014 ipsnu
438 940 644 1014 animatione,
663 936 697 1001 dt
719 954 754 999 ιιι
770 940 925 1001 animatur
944 933 998 1000 suo
1014 953 1091 999 tem·
1127 932 1175 996 lta
1191 939 1274 996 enim
1295 930 1619 998 ‹incutiumiiuiofius
1636 934 1898 1020 relatorem-103

294 1020 297 1025 ’
329 1039 404 1096 pore
424 1021 455 1080 in
476 1017 575 1081 lucem
595 1016 719 1096 prodeat
745 1016 782 1078 ad
809 1015 1091 1090 conservationem,
1127 1013 1160 1076 dt
1179 1033 1225 1092 ιι,
1249 1014 1350 1088 qnaell.
1373 1032 1398 1089 5.
1416 1018 1500 1077 coiur
1530 1012 1595 1078 baec
1626 1011 1698 1078 sunt
1728 1011 1847 1076 verba:
1864 1013 1902 1075 St

328 1101 639 1175 propagationemque
671 1093 811 1159 humana
839 1097 969 1172 speciei,
997 1098 1068 1171 quia
1083 1137 1099 1169 ‚-
1128 1115 1183 1155 non
1202 1095 1292 1174 potest
1305 1091 1460 1171 subveniri
1478 1092 1598 1168 alleri,
1624 1092 1681 1180 nifi
1698 1093 1778 1157 alter
1808 1090 1904 1154 saedce

328 1194 368 1239 ut
390 1196 482 1241 antea
501 1176 618 1240 ditium
636 1173 711 1252 esto,
734 1196 891 1252 nunquam
912 1174 956 1238 sat
983 1173 1025 1238 esi
1049 1178 1102 1233 in··
1128 1186 1199 1247 tur,
1219 1171 1399 1236 commodius
1426 1173 1463 1253 est
1491 1185 1628 1236 neutrum
1647 1172 1785 1246 iuuari,
1810 1189 1901 1248 qm

331 1275 498 1322 nocentem
519 1255 675 1330 occidere,
698 1273 732 1317 ut
750 1257 829 1318 alter
849 1253 1003 1319 salvetur.
1026 1254 1092 1314 Nec
1122 1252 1248 1331 granni
1272 1255 1428 1326 alterum,
1455 1250 1488 1316 dt
1513 1271 1550 1316 eo
1572 1253 1619 1316 vel
1651 1255 1788 1316 maxime
1817 1246 1896 1325 quod

330 1353 369 1397 ut
377 1339 536 1400 contraria
546 1332 698 1398 sententia
715 1334 838 1413 obiicit,
855 1333 1003 1412 ienisest,
1017 1337 1091 1395 iniu·
1108 1321 1114 1404 Ι
1129 1333 1231 1408 agitur
1251 1334 1288 1395 de
1304 1350 1421 1395 aeterna
1437 1333 1533 1395 salute
1555 1331 1664 1404 prolia,
1684 1331 1723 1393 de
1747 1349 1811 1406 qua
1837 1326 1901 1407 [ρει

330 1413 393 1476 iim
415 1417 491 1480 vitae
517 1418 625 1478 matria
650 1415 817 1492 aggressor,
841 1437 911 1477 cum
927 1413 1003 1474 nihil
1022 1434 1094 1474 con·
1110 1408 1114 1481 l
1129 1410 1257 1475 babetur
1275 1410 1383 1476 oinilla
1405 1410 1460 1473 tali
1478 1410 1647 1483 medicina,
1664 1408 1700 1474 δι’
1720 1410 1799 1473 elias
1820 1411 1898 1485 pen·

332 1510 382 1558 tra
401 1514 468 1557 eain
488 1494 651 1569 moliatur,
670 1511 779 1558 necor
799 1494 930 1570 volunt,
947 1493 1092 1574 elimem·
1128 1492 1198 1553 culo
1218 1500 1446 1568 exponeretur,
1463 1489 1545 1566 quod
1570 1493 1682 1553 nemini
1706 1509 1845 1565 unquam
1863 1485 1896 1550 li·

331 1571 437 1650 lirum,
454 1570 503 1636 seu
528 1594 595 1647 pari
625 1570 744 1650 physica
764 1579 901 1647 martio,
925 1589 959 1635 ιιι
978 1574 1012 1634 in·
1029 1591 1094 1650 gra·
1128 1587 1179 1634 cet
1205 1568 1267 1633 line
1286 1568 1397 1632 lethali
1414 1569 1504 1644 culpa
1524 1587 1538 1631 ι·
1557 1570 1637 1635 unde
1660 1585 1762 1633 mater
1794 1567 1835 1633 ad
1853 1568 1896 1633 ικ

327 1655 409 1714 tiam
425 1657 521 1716 totius
541 1652 636 1715 occidi
654 1650 760 1732 possit,
779 1675 848 1717 cuni
868 1651 904 1714 sit
926 1652 1016 1715 homo
1028 1669 1094 1714 rea·
1129 1648 1254 1713 tandum
1275 1649 1514 1723 talepeticulum
1534 1650 1566 1710 in
1583 1669 1615 1711 re
1631 1651 1830 1728 tam-gravi,
1846 1645 1895 1712 sir·

331 1730 403 1794 liter
425 1732 460 1794 ab
481 1731 544 1808 ipsa
559 1730 728 1794 distindliis.
1130 1733 1187 1791 uti
1213 1729 1257 1793 ell
1286 1728 1379 1804 prom
1406 1745 1523 1792 aeterna
1549 1726 1645 1801 salut,
1666 1744 1793 1792 tenetur
1824 1728 1898 1791 bruc

371 1812 461 1874 Licet
483 1830 601 1885 tamen,
622 1828 659 1874 ιιι
678 1806 1094 1875 communitersentiuntDu·
1132 1813 1164 1870 in
1179 1825 1321 1872 extrema
1335 1804 1511 1871 necessitate
1527 1810 1657 1884 proptiae
1675 1807 1835 1884 corporali
1852 1809 1896 1874 ιιι·

329 1887 432 1952 diores
453 1938 466 1966 ,.
490 1891 624 1966 praebete
654 1895 775 1967 matii,
801 1891 957 1964 eidemque
978 1887 1094 1951 sumere
1131 1905 1172 1951 ια
1190 1883 1355 1965 praescire.
1379 1885 1451 1951 N‘on
1477 1887 1547 1950 licet
1567 1900 1671 1950 tamen
1696 1906 1833 1951 matrem
1853 1886 1896 1948 di·

331 1968 513 2032 medicinam
534 1990 584 2045 per
599 1965 632 2031 se
647 1967 756 2032 dire&
775 1966 863 2047 ipsius
882 1970 994 2033 matria
1014 1986 1095 2029 inor·
1129 1963 1284 2040 scindere,
1303 1983 1338 2029 ιιι
1354 1964 1595 2042 exiiatiapioies
1609 1965 1788 2042 baptizetur
1800 2012 1814 2042 ,
1826 1967 1892 2040 quia

332 2046 364 2110 bi
383 2052 576 2123 curativum,
594 2068 651 2112 nec
666 2068 719 2124 per
737 2047 768 2112 se
787 2049 966 2115 tendentem
985 2047 1022 2110 ad
1044 2047 1096 2110 ab·
1129 2042 1241 2110 dircite
1268 2044 1407 2109 occidere
1432 2050 1634 2108 innocentem
1663 2043 1707 2108 est
1736 2041 1894 2113 intrinsece

332 2147 438 2190 ortum
459 2128 558 2204 ,licet
583 2129 792 2206 praevideatur
822 2129 993 2206 periculum
1016 2126 1095 2204 quod
1130 2125 1277 2203 malum,
1306 2124 1438 2201 ideoque·
1458 2125 1600 2189 illicitum
1621 2124 1663 2199 ob
1677 2142 1897 2200 quemcumque

255 2268 257 2272 ,
334 2205 478 2270 indiserte
497 2255 510 2282 ,
531 2206 567 2271 dt
587 2224 697 2282 piaeter
716 2210 924 2272 intentionem
947 2202 1027 2269 sorte
1046 2206 1091 2269 ab
1130 2205 1243 2269 bonum
1258 2206 1367 2278 linem,
1386 2226 1456 2268 cuni
1474 2223 1541 2267 non
1561 2201 1618 2266 sint
1635 2200 1779 2268 facienda
1796 2203 1899 2284 mpla,

333 2303 426 2349 ortua
442 2282 601 2364 sequatur,
622 2287 784 2351 dnmmodo
805 2306 926 2351 cetrum
949 2284 987 2347 sir
1007 2288 1095 2349 iuxta
1131 2302 1166 2348 ιιι
1185 2286 1335 2347 eveniant
1362 2283 1441 2347 bona
1460 2325 1473 2346 ι
1491 2283 1525 2345 Si
1542 2299 1679 2360 cirtem,
1700 2283 1780 2349 licet
1874 2362 1878 2369 ,

334 2382 482 2430 ueterum
503 2361 690 2429 sententiani
716 2362 836 2429 fretum
858 2387 924 2429 non
943 2363 1008 2427 esse
1033 2369 1096 2426 ani-
1131 2362 1169 2426 lit
1186 2368 1357 2439 animatur,
1377 2380 1462 2428 certo
1478 2361 1598 2429 conllet
1613 2380 1746 2427 matrem
1761 2361 1894 2427 essemu-

211 2454 220 2477 ‘
296 2498 299 2503 .
334 2460 472 2521 matum,
493 2443 692 2518 &matrem,
715 2444 768 2506 nili
792 2444 1097 2519 linnatmedicinam,
1132 2447 1263 2507 rititram
1289 2440 1373 2505 simul
1394 2465 1463 2506 cuin
1491 2437 1572 2506 foetu
1593 2439 1658 2504 line
1680 2438 1866 2516 baptismate
1881 2460 1920 2517 p·

334 2541 423 2586 terto
439 2519 624 2586 morituram'
637 2524 713 2598 esse,
731 2528 802 2609 quia
817 2543 890 2588 tunc
899 2524 1022 2587 abortus
1034 2543 1096 2585 non
1131 2519 1185 2584 nisi
1203 2521 1396 2598 pharmacum
1416 2518 1536 2607 sumat,
1552 2521 1642 2587 docet
1659 2521 1895 2587 miserturum

334 2598 474 2666 censetur
501 2621 680 2676 procuratus
700 2602 778 2676 ,led
803 2599 1097 2676 solmnpermissue,
1131 2601 1198 2664 aliis
1216 2620 1352 2671 matrem
1373 2603 1457 2684 polle·
1472 2601 1626 2676 inculpate
1653 2600 1732 2665 illud
1763 2599 1894 2676 sumere,

336 2697 447 2756 utpote
462 2684 513 2759 qui
531 2684 862 2756 praeter·inrentionem
878 2683 1037 2757 eveniret,
1055 2680 1097 2741 id·
1131 2682 1202 2756 quia
1218 2679 1382 2758 desperata
1399 2681 1503 2743 salute
1519 2679 1682 2754 temporali
1704 2683 1823 2746 matris
1836 2676 1891 2755 r&

334 2755 380 2821 est
404 2756 513 2822 diredle
535 2780 600 2822 non
622 2760 820 2840 intenditur,
843 2758 892 2825 sed
918 2775 1098 2838 procuratur
1132 2778 1251 2824 aeterna
1268 2753 1417 2835 infantie,
1435 2776 1471 2823 ut
1497 2753 1715 2836 supponitur,
1738 2760 1820 2825 nibil
1839 2779 1895 2823 ine*

336 2842 408 2900 vira
421 2843 528 2905 ιιιιιιιι
547 2886 561 2915 ,
584 2861 654 2915 quar
668 2844 767 2906 utitur
792 2848 856 2904 iure
875 2840 951 2905 suo:
971 2855 1045 2902 nam
1066 2841 1096 2899 in
1134 2840 1190 2911 litii
1209 2836 1275 2903 steri
1288 2835 1385 2913 potest
1405 2836 1536 2914 quamsi
1556 2857 1685 2914 uterque
1703 2840 1893 2903 melioriiuo‘

336 2917 420 2998 inice
441 2916 678 2982 circumstantiis
696 2941 760 2983 non
781 2925 923 2999 privatur
952 2921 1019 2982 iure
1044 2914 1098 2980 suo
1133 2919 1248 2994 doquo
1265 2913 1368 2992 possit,
1387 2921 1532 2992 iuvetur,
1547 2916 1673 2996 scilicet
1695 2919 1897 2987 medicamine.

337 2996 447 3058 utendi
469 2999 609 3061 remediis
627 2999 661 3060 ad
688 3021 815 3082 proptiae
836 3003 913 3065 vim
937 2995 1099 3067 cbnserva·
1133 2998 1171 3064 de
1189 2996 1220 3063 se
1238 2992 1360 3083 salutari
1377 2999 1508 3072 mattis,
1524 3018 1563 3062 ex
1578 3018 1638 3074 quo
1652 2993 1738 3064 sorte
1752 2998 1888 3142 sentietur

340 3079 457 3166 tionem
475 3074 667 3151 necessariia,
685 3098 742 3142 nec
761 3101 812 3156 pei
828 3077 858 3141 se
876 3080 1018 3144 abortum
1033 3093 1099 3155 pro-
1135 3080 1288 3153 abortus,
1315 3078 1362 3140 led
1389 3073 1475 3142 forte
1497 3079 1596 3150 etiam
1617 3073 1767 3155 sequetur
1804 3084 1897 3148 anim

337 3153 541 3216 curantibus.
568 3155 757 3240 ldcircoper
781 3160 921 3222 accidens
944 3159 1098 3220 duntaxat
1135 3162 1245 3221 matris
1261 3155 1323 3220 sine
1341 3157 1468 3229 abortu,
1490 3160 1561 3230 quia
1582 3177 1741 3236 nunquam
1764 3160 1838 3224 licet
1858 3161 1893 3221 le·

337 3234 371 3291 in
388 3231 444 3293 tali
457 3230 548 3308 casu,
565 3232 600 3296 dt
615 3252 725 3306 praeter
741 3239 946 3300 intentionem
964 3234 1100 3310 sequitur
1136 3233 1232 3313 ipsum
1252 3235 1415 3312 nequidem·
1438 3234 1578 3299 indirell'e
1598 3286 1607 3312 ,
1626 3254 1664 3302 ut
1690 3236 1736 3301 eir
1763 3237 1893 3304 recusare

339 3305 424 3371 form
443 3307 564 3374 abortus
582 3316 737 3374 neminem
757 3316 924 3388 occident,
951 3334 1022 3377 cum
1043 3309 1099 3378 soe·
1135 3316 1332 3390 medicinam,
1351 3318 1550 3383 inrerime·re.-
1569 3316 1658 3392 Quod
1678 3315 1707 3380 si
1727 3316 1809 3384 adsit
1836 3316 1892 3395 spei

339 3405 389 3478 tua
402 3403 491 3481 ¹ctijte
503 3386 641 3452 nondum
661 3394 816 3456 animatus
836 3390 1019 3467 supponatur
1036 3416 1050 3469 ¹,
1067 3394 1100 3458 dt
1136 3392 1270 3459 extinsta
1290 3411 1409 3472 matie,
1428 3394 1620 3473 proditurum
1640 3396 1703 3459 esse
1722 3394 1895 3472 infantem,

340 3467 477 3556 alioqum
491 3489 565 3531 cum
582 3488 684 3531 morte
697 3477 807 3533 mattis
820 3474 1101 3547 periclitaretutet·
1137 3476 1170 3542 ἃ
1189 3474 1435 3552 baptizandum,
1459 3474 1614 3540 nonlicet
1636 3491 1751 3542 curare
1771 3494 1896 3543 matrem

341 3568 403 3608 iam
421 3542 517 3639 ioetur
534 3551 674 3610 inanimis
691 3593 702 3611 ,
722 3547 799 3615 Non
819 3554 892 3616 licet
916 3570 1021 3615 tamen
1045 3571 1100 3615 eii·
1137 3578 1212 3619 cum
1227 3573 1306 3617 veru
1324 3554 1414 3632 proiit
1435 3554 1591 3633 periculo,
1605 3556 1674 3630 quia
1700 3556 1896 3632 temporalem

328 3642 392 3717 -tra
423 3626 589 3702 periculum
615 3629 710 3690 morbi
740 3631 875 3705 praebere
906 3635 1027 3708 matri,
1046 3650 1101 3709 nec
1138 3638 1240 3700 vitam
1261 3631 1347 3699 suam
1370 3654 1427 3709 pio*
1451 3652 1567 3700 aterna
1595 3637 1663 3699 vita
1689 3639 1827 3713 proximi
1840 3654 1895 3699 non

341 3701 391 3779 ipsi
421 3707 538 3768 liunere
566 3704 790 3787 pharmacum,
811 3732 876 3787 quo
903 3711 1101 3787 expediatur,
1137 3713 1289 3779 dubitabit
1304 3711 1492 3776 Christianus
1509 3714 1734 3791 amitterem·
1754 3733 1859 3782 nannet
1870 3713 1897 3777 S·

343 3783 396 3845 vel
410 3786 521 3859 expelli
546 3783 633 3857 possit
655 3783 752 3851 stetui
771 3794 871 3853 etiam·
891 3794 1100 3866 inanimatus,
1137 3796 1220 3881 Allge
1233 3793 1382 3857 Advertit
1401 3793 1448 3855 liic
1466 3795 1497 3856 P.
1516 3792 1693 3862 Cuniliatus
1709 3797 1812 3871 quoad
1829 3796 1898 3858 banc

229 3881 238 3896 ¹
342 3860 462 3925 tametsi
484 3864 580 3927 matri
597 3868 769 3930 immineret
793 3870 937 3944 insaniit,
953 3870 1101 3937 velmors
1137 3877 1301 3938 materiam·
1316 3888 1412 3935 cante
1428 3871 1568 3950 legendos
1592 3872 1653 3935 else
1675 3871 1829 3950 Dolioree
1851 3873 1899 3948 qui

345 3941 383 4003 ab
406 3941 580 4034 intrinseco·
595 3944 649 4018 ipsi
669 3943 851 4024 inserenda,
871 3951 941 4022 quia
962 3966 1036 4013 tunc
1053 3947 1100 4011 ab·
1138 3949 1276 4027 scripsere
1299 3966 1375 4015 ante
1393 3970 1511 4016 annum
1534 3955 1619 4042 1629:
1646 3974 1708 4029 quo
1728 3949 1900 4036 reprobate

342 4036 430 4110 ortus
445 4019 555 4084 direlle
572 4024 803 4105 intenderetur,
820 4028 858 4091 ad
873 4028 1037 4091 vitandam
1055 4032 1100 4088 in·
1139 4029 1262 4096 fuerunt
1283 4027 1455 4103 sopraditiae
1473 4034 1714 4107 propositiones.»

345 4095 492 4190 samiam,
510 4101 560 4163 vel
576 4121 724 4196 mortem,
743 4127 818 4192 etim
830 4107 1024 4180 pharmacum
1039 4124 1101 4170 uon
1178 4110 1283 4176 viria
1303 4109 1378 4172 lunt-
1392 4127 1513 4187 poenae,
1533 4110 1643 4188 qiiibiis
1655 4108 1816 4182 subiacent
1834 4125 1900 4191 W
1920 4135 1946 4192 ui

344 4177 410 4241 alio
422 4180 511 4270 modo
528 4199 582 4273 per
601 4177 631 4243 se
650 4181 758 4247 diredle
773 4203 917 4259 operetur
940 4186 980 4248 ad
998 4190 1102 4252 vitan·
1125 4208 1283 4261 ⁴certantes
1303 4188 1446 4255 abortum
1462 4206 1703 4269 quemcumque,
1723 4196 1825 4260 etiam
1842 4197 1902 4256 ine·
1916 4202 1946 4252 iii

344 4257 411 4318 dani
433 4255 606 4337 infamiam,
627 4262 679 4324 rel
697 4281 849 4338 mortem,
867 4262 920 4328 nisi
938 4283 989 4342 pet
1008 4264 1102 4329 foetus
1140 4275 1311 4346 nimitum,
1331 4276 1375 4334 ita
1396 4288 1432 4332 ut
1458 4270 1582 4334 abortus
1602 4268 1701 4349 reipsa
1726 4274 1799 4344 inde
1825 4272 1942 4338 secu-⁸⁸

344 4334 553 4430 expulsionem
573 4388 586 4415 ,
608 4357 750 4435 tanquam
771 4346 933 4437 medium,
958 4366 1014 4410 nec
1043 4346 1103 4408 ali-a
1126 4367 1189 4412 -tur
1209 4347 1263 4421 sit,
1285 4367 1321 4413 ut
1343 4347 1471 4413 habetur
1491 4352 1522 4411 in
1547 4347 1637 4427 supra
1651 4350 1788 4422 laudatis
1811 4341 1946 4446 Billis}

347 4434 522 4508 intentione
544 4416 679 4485 sumatur
698 4426 749 4483 nili
765 4425 907 4487 causandi
926 4424 1047 4489 abortus
1067 4445 1103 4488 ιιι
1140 4430 1217 4493 Sixti
1235 4428 1272 4490 V.
1289 4427 1479 4505 &Gregorii
1501 4423 1593 4502 xlvi
1611 4443 1721 4510 nempe
1748 4446 1781 4498 ι.
1802 4452 1901 4510 poenu

346 4494 494 4561 modoad
522 4516 677 4577 mortem,
696 4504 747 4565 vel
774 4501 932 4570 infamiam
958 4497 1105 4585 effugien·
1142 4513 1304 4572 incurrunt
1328 4528 1431 4572 omnes
1458 4527 1569 4573 contia-
1595 4524 1678 4587 eoa,
1723 4515 1759 4575 ui·
1789 4512 1907 4578 homici-

346 4574 430 4665 dam.
744 4662 751 4675 .
951 4660 953 4663 .
1139 4588 1223 4652 dium
1244 4589 1458 4654 voluntarium
1480 4588 1563 4661 ailo,
1586 4588 1621 4654 δι
1640 4533 1739 4668 reipsa·
1764 4604 1910 4669 patrate·

386 4653 416 4737 Si
432 4648 528 4751 scetus
546 4677 621 4721 vero
641 4658 678 4724 sit
702 4680 854 4727 annuatur
871 4712 883 4740 ,.
900 4664 950 4727 vel
980 4680 1108 4740 putetur
1142 4671 1204 4731 tint
1216 4699 1225 4743 ,
1247 4667 1374 4735 inuidis
1393 4706 1403 4727 ι
1419 4688 1454 4730 1τ.
1484 4668 1514 4731 Sl
1537 4668 1647 4733 Clerici
1668 4668 1808 4750 suerint,
1828 4669 1909 4736 omui

347 4731 415 4826 elle
430 4753 602 4811 animatur,
621 4738 673 4831 vel
689 4738 876 4806 solummodo
895 4748 994 4808 etiam·
1005 4744 1106 4809 dehoc
1144 4748 1468 4827 privilegioclericali,
1485 4744 1619 4828 officiis,
1635 4751 1664 4814 di
1686 4746 1909 4833 nitatibus,&

347 4811 521 4888 dubitetur,
540 4836 604 4908 non
626 4818 697 4911 licet
713 4822 842 4917 praebeie
861 4828 953 4888 matri
970 4827 1106 4888 etiamin
1141 4826 1297 4892 beneficiis
1314 4825 1523 4897 ecclesiasticis
1545 4828 1607 4904 iplo
1623 4773 1703 4895 sisu
1728 4835 1904 4910 privantur,

346 4911 437 4958 certo
457 4913 564 4958 mortis
580 4900 712 4990 periculo
732 4902 1012 4981 medicinam,.quae
1032 4906 1107 4970 dest
1141 4907 1177 4975 u
1192 4909 1223 4972 in
1241 4906 1381 4973 futurum
1396 4908 1543 4976 inhabiles
1563 4910 1734 4980 redduntur
1750 4915 1795 4979 ad
1810 4934 1851 4979 ea
1862 4909 1906 4976 su·

349 4975 457 5037 tendat
473 4973 704 5069 adloccisionem
721 4976 831 5056 fietus,
849 4988 1107 5062 praecipuequan·
1143 4987 1290 5064 scipienda
1304 5030 1314 5050 .-
1331 5007 1357 5069 3.
1376 4989 1425 5054 Ad
1439 4986 1535 5054 sactus
1554 4991 1687 5068 Ordines
1737 4996 1905 5075 tomenti,

348 5052 555 5132 duptobaliile
583 5061 619 5117 lit
641 5076 677 5121 eo
697 5082 759 5123 non
779 5061 897 5140 smnpto
917 5065 1036 5139 prolem
1056 5070 1103 5134 ιιι·
1143 5087 1200 5137 aut
1219 5074 1253 5135 in
1275 5068 1420 5149 susceptis
1437 5068 1606 5140 Ordinibur
1631 5017 1805 5144 ministare
1825 5077 1907 5146 'nullo

1784 5162 1876 5231 nodo
