4425 6000
452 483 530 582 366
682 483 855 559 Tinea.
881 508 938 559 ne
965 486 1221 562 Praetoris
1249 488 1477 567 Daeatoer
1505 491 1608 568 Car.
1633 492 1685 565 V.
1752 565 1759 580 ,

398 585 447 663 ti,
467 604 501 648 ac
520 602 570 659 per
589 602 643 648 eos
663 604 724 648 non
744 583 863 649 sleterit
881 588 960 660 quod
982 588 1164 665 pugnarint.
1200 590 1317 652 cienter
1335 586 1508 668 designato.
1529 594 1648 658 Pariter
1667 586 1801 656 fidicine
1820 584 1974 671 digladia⁴

398 664 542 739 Idemque
567 662 673 729 fecerit
694 664 834 729 Clemens
851 665 936 728 Vlll.
957 671 988 730 i'n
1013 665 1167 730 Conslitu·
1201 688 1292 745 mur,
1308 672 1339 731 in
1357 672 1467 749 primo,
1486 674 1536 747 qui
1547 670 1584 735 ad
1594 691 1744 750 pugnam,
1762 687 1908 735 occurrat
1921 671 1972 737 Ιο·Ι

398 748 486 809 tione
507 747 672 821 incipiente
695 747 781 810 Illius
799 746 914 812 vices:
941 747 1018 811 lianc
1045 766 1167 810 excom⁴
1201 768 1273 822 cus,
1302 748 1354 812 seu
1382 752 1571 815 conveniant
1591 749 1628 815 de
1658 750 1762 825 praelio
1789 748 1971 828 ubicutuque

396 827 642 889 rnunlcationem
663 828 753 901 Papae
773 824 974 906 reservando,
993 848 1027 890 ac
1043 848 1112 889 cum
1135 848 1167 891 a·
1202 823 1279 891 solus
1307 827 1361 891 soli
1381 833 1553 894 occurrerit
1575 834 1606 891 in
1626 833 1742 904 eundo,
1769 829 1819 893 vel
1849 828 1871 891 si
1888 850 1971 906 uuirt

398 905 447 968 liis
468 907 567 982 poenis
587 904 758 979 stiptadidlis
778 907 974 970 extendendo
994 909 1030 972 ad
1041 907 1166 971 straden*
1201 906 1284 972 dicat
1302 908 1415 985 alteri,
1438 906 1562 984 expetii
1588 908 1659 986 liic,
1680 909 1753 974 dum
1773 904 1903 974 afferam
1920 930 1971 975 ar·

398 1002 446 1050 tes
467 1007 604 1062 quoque,
625 987 676 1049 vel
706 1005 933 1066 provocantes,
956 988 992 1054 ad
1021 985 1166 1061 spedlato·
1201 1006 1274 1065 ma,
1297 987 1348 1051 vel
1369 987 1475 1064 vade,
1497 987 1530 1058 dt
1552 988 1682 1066 gladium
1703 993 1806 1066 accipe
1828 1035 1837 1065 ,
1864 986 1915 1053 hic
1935 1006 1970 1055 te

398 1085 473 1141 res,
504 1066 540 1129 ad
569 1064 755 1144 scribentes,
785 1069 976 1147 mittentes,
1004 1068 1166 1145 vulgantes
1201 1066 1347 1144 experto,
1369 1068 1419 1132 vel
1441 1067 1510 1131 aliis
1535 1067 1740 1133 huiuscemodi
1762 1084 1894 1133 utantur
1913 1086 1967 1133 ex·

396 1145 791 1221 chartaeprovocatori'at,
811 1166 979 1225 eorumque
996 1148 1133 1213 satitores
1156 1197 1163 1226 ,
1201 1139 1412 1222 pressionibus.

395 1248 431 1291 ac
452 1226 633 1301 complices,
652 1226 687 1288 ad
707 1230 823 1302 eosqui
847 1227 883 1289 ad
898 1228 1034 1293 duellum
1050 1250 1134 1294 arma
1156 1278 1164 1305 ,
1239 1225 1341 1292 Notat
1361 1243 1467 1289 tamen
1484 1222 1531 1291 hic
1555 1218 1771 1305 sourneleius,
1788 1223 1968 1303 quodsiduo

396 1327 507 1381 equus,
527 1322 735 1383 commeatus,
753 1306 801 1368 vel
823 1306 980 1371 consilium
992 1354 1001 1385 ,
1017 1310 1165 1373 auxilium
1201 1322 1263 1367 non
1283 1309 1386 1369 animo
1407 1306 1555 1381 laedendi,
1576 1302 1625 1369 sed
1651 1308 1776 1372 honoris
1804 1300 1968 1371 defenden-

396 1390 603 1463 praeuuerint,
626 1386 674 1447 vel
697 1382 824 1463 p'raeberi
845 1393 1042 1469 curaverint,
1062 1411 1163 1465 quam·
1201 1386 1230 1446 di
1250 1392 1352 1462 gratia
1369 1382 1427 1447 sese
1445 1402 1634 1462 provocent,
1650 1386 1683 1451 dt
1701 1389 1862 1462 provocati
1885 1405 1968 1451 com·

395 1472 445 1532 vis
477 1480 633 1528 certamen
666 1465 804 1530 secutum
824 1487 885 1529 non
914 1464 977 1543 sir,
1008 1488 1100 1545 atque
1129 1472 1164 1532 ad
1202 1462 1466 1540 pareantliatuto
1486 1465 1790 1542 tempore,&loco‚
1811 1470 1966 1529 cettimo·

395 1566 449 1609 eos
466 1551 583 1623 etiam,
608 1550 658 1621 qui
681 1543 873 1619 paciscuntur
898 1547 935 1610 de
952 1549 1081 1627 regendo
1101 1569 1165 1614 cer·
1202 1543 1308 1607 taliter
1328 1560 1475 1608 neutrum
1491 1544 1641 1620 suffusum
1662 1544 1776 1622 flllqssld
1793 1542 1966 1623 ffl²llrsll¹l²

395 1628 535 1700 tamine,
555 1646 624 1689 eum
647 1631 776 1701 primum
808 1628 959 1691 alteruter
981 1631 1165 1695 vulneratus
1201 1620 1239 1686 fit
1251 1625 1332 1687 inter
1347 1619 1376 1685 se
1392 1631 1611 1711 convessssffflti
1633 1626 1664 1686 ln
1680 1621 1746 1691 f010
1766 1622 1966 1718 exactionis

396 1700 491 1768 suerit
510 1753 518 1781 ,
537 1704 586 1768 seu
608 1703 781 1783 sanguinem
800 1702 959 1781 claruerit,
988 1726 1042 1773 aut
1063 1725 1166 1773 certus
1201 1702 1329 1766 lisbffldl
1350 1702 1470 1778 quidem
1485 1703 1583 1768 ‘slent
1605 1723 1664 1780 1²¹0
1681 1719 1966 1781 excommufflcfflssi

395 1784 512 1848 isiuum
534 1806 677 1849 numerus
694 1788 817 1859 utrique
836 1785 924 1860 meus
944 1786 1053 1852 suerit.
1069 1790 1164 1852 Tan·
1202 1803 1261 1866 non
1285 1798 1390 1846 autem
1408 1786 1439 1843 in
1459 1778 1527 1845 foro
1544 1786 1761 1861 conscientiae,
1775 1784 1966 1860 recoquere·

397 1865 466 1926 dem
481 1863 559 1925 idem
576 1864 717 1928 Clemens
737 1866 798 1928 alia
818 1861 1046 1932 Constitutione
1063 1874 1165 1947 priva·
1201 1866 1262 1938 ipsa
1278 1866 1309 1923 in
1329 1857 1516 1927 conscientia
1536 1864 1682 1928 immunes
1698 1865 1796 1928 essent
1814 1885 1833 1927 a
1849 1865 1965 1938 poeui's,

396 1946 447 2005 vit
470 1943 635 2020 Regulares
653 1963 714 2006 non
734 1941 924 2010 obstantibus
948 1967 1054 2011 eorum
1071 1953 1164 2026 privi·
1201 1963 1273 2029 tum
1288 1942 1354 2006 haec
1377 1940 1455 2006 attio
1475 1961 1541 2005 nori
1563 1944 1599 2008 sit
1620 1942 1779 2022 duellum,
1796 1940 1847 2006 sed
1870 1939 1963 2008 duelli

398 2021 484 2095 legiis
500 2020 649 2095 potesiate
670 2021 844 2086 absolvendi
860 2043 878 2089 a
895 2018 1023 2099 praesata
1043 2048 1152 2094 excom
1202 2020 1354 2086 simulatio
1369 2059 1379 2083 .

397 2104 609 2165 minitatione
633 2102 843 2175 delinquentes
864 2107 948 2171 intra
976 2105 1116 2186 Iratam,
1131 2110 1164 2175 or
1242 2101 1321 2172 Alie
1343 2119 1442 2177 που
1458 2089 1583 2168 statute
1600 2096 1683 2168 fuere
1698 2120 1810 2167 contra
1828 2100 1965 2168 diesun-

398 2197 488 2245 extra
505 2179 636 2244 Urbem.
745 2237 748 2241 .
1202 2197 1285 2245 resa
1312 2178 1472 2246 Benedislo
1493 2179 1577 2244 xlv.
1608 2184 1760 2247 incitata
1791 2178 1846 2246 sua
1873 2181 1963 2250 Bulla

304 2285 382 2347 ,m
438 2258 669 2328 Observandum
691 2281 717 2323 r.
740 2260 816 2338 quod
834 2263 1165 2343 nominespertatorum
1201 2259 1403 2338 fflsstdlllm
1416 2260 1581 2349 ,deffiniti-
1598 2261 1676 2349 quod
1691 2262 1724 2349 ſs
1742 2260 1816 2350 suls,
1831 2258 1863 2324 5¹⁸
1883 2262 1964 2351 Μ·

258 2357 463 2421 minabanOn
481 2340 581 2403 intelli
604 2358 696 2406 untur
713 2342 875 2406 secundum
892 2346 1065 2424 multosqui
1082 2347 1166 2422 casu,
1201 2341 1228 2402 1⁰
1249 2343 1320 2419 five
1340 2339 1553 2429 pslllssrstv‘
1566 2351 1725 2428 ,imvm
1746 2341 1858 2429 111δὶᾆο
1874 2338 1963 2431 ,hm

255 2423 385 2475 ortorum
399 2420 439 2483 dd
452 2418 551 2482 obiter
567 2363 715 2496 alpicinnt
728 2422 880 2498 duellum,
896 2423 1163 2498 quiaillacsortui·
1202 2440 1268 2484 nem
1289 2421 1520 2499 octrumum.
1539 2418 1585 2483 hrt
1601 2433 1734 2483 mortuus
1747 2419 1846 2503 fitero
1866 2441 1899 2483 tn
1924 2421 1963 2485 lt·

257 2489 386 2612 mlx:-
401 2517 434 2561 to
450 2498 639 2576 transibant,
656 2498 705 2562 sed
726 2505 776 2575 qtii
790 2502 865 2564 illud
881 2503 1090 2582 excompofito
1114 2508 1165 2571 ob·
1200 2519 1231 2561 ω
1245 2501 1412 2581 ‘⁰”stsml01
1427 2502 1496 2581 five
1516 2511 1602 2563 ‘ils‘
1631 2500 1715 2563 ἨΜ
1732 2521 1772 2565 ‘²‘
1786 2501 1921 2590 ΨΜ(
1933 2499 1963 2565 ‘l'

253 2626 323 2664 „h
403 2580 528 2642 servarit
540 2598 604 2655 ,ut
626 2581 687 2643 fert
707 2577 798 2642 Bulla
815 2580 983 2659 Gregorii,
1006 2583 1096 2649 &de
1121 2592 1164 2649 in·
1201 2578 1447 2659 duclloaccepto,
1474 2576 1638 2658 huiusmodi
1669 2578 1963 2646 homcidaacuiu·

331 2665 337 2701 ἑ
402 2656 536 2736 duslria,
557 2676 594 2723 ut
615 2662 658 2724 ait
678 2659 842 2722 Clemens.
868 2678 896 2723 2.
926 2662 1016 2737 Quod
1045 2664 1164 2730 etiamsi
1200 2658 1506 2738 „·u‚„quesacrt'‚vel
1525 2658 1648 2738 reli'gr'oſs
1674 2657 1730 2723 l⁰⁶l
1753 2657 1916 2741 ‘silum
1947 2657 1962 2723 .'

378 2741 517 2815 'qtraevis
535 2748 639 2818 'pugna
657 2759 727 2801 cum
742 2743 821 2803 vitae
836 2744 971 2816 periculo
987 2742 1165 2810 voluntarie
1198 2740 1296 2818 possit,
1314 2759 1348 2803 ac
1367 2739 1486 2806 oleat.
1508 2738 1649 2812 Demque
1668 2740 1805 2804 decernit
1831 2738 1962 2818 sepultu·
2010 2813 2015 2822 ,

398 2817 534 2896 suscepta
553 2820 676 2895 'privata
699 2817 847 2895 potestate
862 2825 926 2888 iure
947 2824 1082 2888 naturali
1102 2825 1164 2887 illi·
1203 2839 1243 2884 τε
1264 2824 1471 2895 privationem
1491 2817 1740 2888 morientibiuin
1761 2820 1962 2908 locoqduelli,

398 2896 582 2975 citasit,ut
603 2919 641 2962 ex
660 2916 751 2962 antea
774 2898 861 2962 distis
891 2907 952 2967 iam
983 2920 1089 2982 patet,
1115 2921 1164 2984 ta·
1200 2894 1405 2966 &consitiis
1425 2902 1637 2963 incurrendam
1657 2916 1808 2977 perpetuo
1822 2905 1962 2975 tote,et·

399 3002 469 3044 men
480 2978 514 3041 ad
531 2965 774 3043 contrahendam
777 2979 1165 3049 illameircommttnicatio-
1201 2977 1484 3044 ¹ams1vulueratus
1505 2996 1582 3044 ante
1600 2994 1731 3044 mortem
1752 2999 1816 3045 non
1846 2982 1961 3048 incerte

398 3084 470 3130 neni
487 3064 575 3123 iuxta
596 3060 710 3138 multos
726 3063 893 3136 requiritur
913 3085 1012 3143 pugna
1034 3084 1073 3127 ex
1092 3086 1163 3128 con·
1202 3065 1396 3146 uoenstentiae
1418 3062 1498 3147 signa
1516 3059 1654 3137 dederit,
1672 3076 1764 3135 atque
1783 3081 1803 3123 a
1819 3061 1962 3140 peccatis,

399 3145 499 3216 didio,
520 3158 583 3202 uno
605 3139 717 3211 {cilicet
746 3140 924 3221 indicente,
953 3146 1053 3209 altero
1079 3165 1164 3208 acce-
1200 3139 1233 3202 dt
1254 3141 1388 3205 censuris
1404 3141 1624 3206 absolutionem
1642 3138 1835 3205 obtinuerit.

397 3212 506 3299 ptabte
522 3238 592 3279 cum
612 3215 819 3295 designatione
840 3219 918 3299 loci,
937 3243 991 3288 aut
1009 3228 1165 3300 temporis,
1701 3301 1704 3309 ¹

397 3306 468 3372 utria
488 3293 653 3372 Gregorius
683 3298 758 3371 dicit
781 3300 919 3373 expresse
946 3305 977 3364 in
999 3303 1051 3366 sua
1071 3301 1162 3367 Bulla
1231 3347 1238 3363 .
1503 3307 1529 3366 s·
1569 3295 1649 3380 XX·
1699 3316 1707 3331 “

397 3384 447 3446 Ex
468 3373 596 3445 conditio
610 3377 718 3454 statum
739 3380 1019 3474 temporessloco
1037 3390 1161 3445 conocnss
1217 3421 1263 3480 De
1277 3413 1433 3483 mic-di,
1466 3415 1500 3480 m·
1538 3419 1648 3482 dudm
1667 3418 1722 3482 vd
1740 3438 1797 3481 m
1811 3416 1942 3498 m,

397 3473 443 3524 to.
465 3452 611 3536 Quaresr
639 3456 700 3520 duo
721 3457 772 3519 vel
793 3459 832 3520 ob
852 3478 995 3526 iniuriam
1015 3458 1162 3525 adlualcm
1371 3437 1551 3580 ἐπιθῶ-ἔα
1570 3498 1762 3561 ,mmmm

398 3539 499 3603 subita
520 3540 564 3601 ira
589 3532 862 3615 excandescentes,
894 3541 944 3603 vel
963 3541 1003 3605 ob
1024 3559 1161 3605 veterem
1258 3580 1262 3591 ·
1770 3543 1779 3560 '

394 3618 530 3682 caussam
546 3618 710 3692 commoti,
727 3614 761 3680 dc
779 3620 808 3677 in
820 3616 946 3684 occursu
967 3618 1161 3684 exardescen·
1236 3611 1321 3677 Inter
1341 3614 1522 3694 homicidas,
1537 3618 1587 3692 qni
1610 3612 1762 3680 beneficio
1781 3617 1958 3683 immunita·

395 3715 444 3761 tes
461 3698 521 3760 alio
542 3696 577 3759 ad
599 3714 728 3774 pugnam
750 3696 843 3759 aliurn
863 3719 1056 3774 provocante
1071 3705 1161 3763 arinis
1199 3695 1238 3757 tis
1253 3696 1382 3770 gaudere
1401 3713 1581 3773 nequeunt,
1601 3697 1787 3772 precipuum
1799 3697 1903 3760 locum
1913 3713 1958 3761 te·

395 3776 501 3840 slatim
516 3775 781 3853 congrediantur,
812 3797 875 3840 nori
899 3777 1053 3843 subiacent
1078 3780 1161 3844 diliis
1198 3791 1273 3838 nent
1294 3779 1336 3839 rei
1364 3776 1517 3840 homicidii
1540 3777 1700 3856 proditorii
1716 3821 1725 3850 ‚
1742 3779 1866 3852 quando
1891 3784 1959 3845 coti·

393 3859 513 3932 paenia,
531 3860 602 3932 quia
632 3852 680 3917 liic
700 3855 806 3938 modus
825 3859 1038 3937 congrediendi
1069 3864 1161 3935 perti·
1199 3850 1253 3915 siet
1279 3852 1474 3920 homicidium
1497 3851 1581 3920 luisse
1605 3874 1711 3919 revera
1729 3858 1959 3933 proditorium,

397 3936 509 3998 netad
542 3937 655 4010 rixam,
676 3954 738 3997 non
759 3936 796 3998 ad
822 3936 977 4016 duellum,
996 3939 1073 4016 quod
1093 3940 1160 4003 sieri
1197 3933 1274 4006 t11¹0<l
1300 3952 1336 3998 ut
1358 3935 1501 4012 probetur
1526 3937 1609 4013 tale,
1635 3938 1804 4009 requiritur
1824 3939 1959 4005 micitia

393 4013 485 4078 debet
505 4015 535 4077 in
555 4010 693 4077 conuitio
711 4014 797 4090 loco,
819 4013 852 4078 dt
873 4033 1010 4095 tempore
1027 4017 1162 4097 designa·
1198 4014 1394 4090 precedens,
1420 4033 1456 4079 ut
1479 4015 1619 4080 definivit
1643 4012 1725 4079 sacra
1753 4017 1959 4098 congregatio
2019 4063 2022 4067 -

393 4097 437 4157 tis
458 4143 465 4172 ,
490 4092 570 4169 unde
592 4097 624 4171 in
647 4092 787 4169 praesenti
805 4092 879 4159 casu
901 4097 1002 4161 locum
1022 4119 1085 4162 non
1113 4100 1161 4161 ba·
1197 4091 1404 4161 inmunitatis
1420 4097 1452 4159 iia
1466 4094 1690 4161 Beneventana
1709 4094 1755 4160 18.
1772 4101 1854 4179 Aug.
1872 4101 1957 4179 1637.

392 4173 463 4239 bet.
486 4173 566 4239 Item
587 4173 609 4236 si
627 4171 836 4252 quisslantem
858 4179 996 4241 incerto
1014 4178 1084 4243 loco
1104 4181 1160 4240 ini·
1197 4172 1268 4239 Non
1297 4174 1414 4241 constat
1447 4180 1521 4240 v'ero
1554 4177 1593 4239 de
1621 4175 1772 4252 qualitate
1803 4179 1959 4257 proditorii

395 4257 509 4320 micum
530 4255 656 4332 videns,
681 4252 803 4317 domum
820 4259 986 4335 convolet,
1009 4258 1042 4323 dt
1064 4262 1160 4325 accin-
1197 4272 1248 4328 per
1270 4254 1328 4317 hoc
1343 4256 1422 4333 quod
1438 4254 1570 4334 occisor,
1589 4255 1623 4320 ἃ
1638 4258 1752 4323 occisus
1767 4259 1959 4336 dormierint,

395 4334 445 4398 dlo
466 4330 535 4400 ense
560 4336 684 4399 intimet
706 4330 900 4413 adver-sario,
922 4354 956 4401 ut
980 4337 1035 4401 suo
1062 4338 1161 4420 gladio
1197 4333 1245 4395 vel
1274 4333 1398 4400 luserint
1420 4334 1506 4400 simul
1527 4358 1607 4413 uno,
1629 4354 1683 4405 aut
1699 4338 1802 4406 altero
1818 4340 1869 4404 die
1888 4355 1958 4407 apte

391 4413 427 4475 se
444 4430 587 4492 tueatur,
609 4413 705 4477 deerit
727 4433 798 4475 vera
817 4417 897 4479 ratio
911 4417 1030 4496 duelli,
1050 4436 1158 4485 tamet-
1196 4413 1407 4493 homicidium,
1428 4415 1448 4479 fi
1470 4413 1609 4483 satem
1629 4436 1697 4481 1²⁰⁵
1713 4414 1960 4494 hfflnlddlumst·

392 4492 418 4554 -si
436 4513 496 4558 non
516 4492 590 4558 desit
610 4513 706 4573 grave
723 4495 906 4572 periculum.
1194 4509 1301 4556 cutum
1321 4494 1408 4561 fuisse
1430 4517 1469 4560 eit
1494 4501 1653 4574 inopinata
1673 4499 1760 4577 rixa,
1776 4519 1812 4565 ut
1831 4522 1873 4564 ex
1893 4496 1961 4567 earl-¹

436 4571 567 4653 Qiodsi
596 4572 659 4636 duo
681 4577 713 4636 iri
744 4574 876 4640 Ecclesia
894 4624 904 4655 ,
925 4577 979 4642 vel
1009 4579 1040 4641 in
1068 4578 1160 4643 demo
1195 4570 1280 4637 sacra
1300 4576 1445 4657 congreg.
1468 4578 1624 4642 immunia
1644 4580 1674 4639 in
1695 4582 1818 4646 oritana
1834 4598 1886 4661 ²3·
1906 4585 1958 4664 le·

395 4651 542 4730 Principis
573 4655 663 4716 rixari
689 4658 872 4734 coeperint,
903 4679 937 4721 ac
968 4658 1048 4723 alter
1068 4661 1157 4723 alteri
1195 4653 1240 4716 nii·
1255 4657 1393 4734 1695.oe
1414 4662 1537 4735 proinde
1554 4659 1711 4725 talicreus
1730 4662 1843 4743 gaudet
1867 4660 1984 4744 urive,

398 4731 495 4809 clica't,
516 4753 579 4803 uon
601 4733 643 4797 esi
663 4733 713 4797 bic
727 4735 962 4814 ,lucusouerelas
982 4738 1158 4816 deliniendi,
1194 4733 1273 4811 legio
1292 4741 1512 4805 immunitatis.
1531 4740 1742 4809 Homicidium
1754 4743 1959 4822 proditoriam

300 4886 303 4892 ³
398 4833 434 4874 ac
450 4833 519 4874 eum
541 4831 686 4886 provocet
702 4814 742 4877 ad
756 4815 834 4883 foras
851 4821 1064 4896 egrediendum
1074 4826 1105 4883 in
1117 4823 1157 4881 vi·
1193 4833 1270 4880 tunc
1295 4839 1367 4883 vere
1393 4823 1620 4898 committitur,
1641 4824 1765 4898 quando
1786 4828 1854 4902 quis
1877 4818 1960 4891 aliud

397 4895 499 4955 cinam
519 4892 670 4971 plateam,
689 4888 835 4961 stillinent
845 4899 933 4962 multi
954 4912 1066 4966 contra
1086 4901 1160 4964 alior
1197 4895 1315 4975 verbis,
1330 4899 1364 4964 dt
1386 4901 1466 4966 aliud
1482 4908 1706 4985 mente-gerit,
1727 4927 1763 4971 ac
1779 4905 1839 4971 sob
1863 4902 1961 4983 [βείω

395 4969 455 5035 ‘linc
480 4972 576 5035 videri
602 4972 711 5037 babere
733 4999 838 5042 veram
862 4981 1014 5044 rationem
1041 4980 1160 5057 duelli,
1197 4980 1343 5045 amicitiae
1370 4985 1542 5059 proximum
1566 4986 1743 5064 interficit,
1772 5008 1865 5070 prout
1888 4984 1963 5053 feeit

389 5055 466 5126 *ruia
484 5051 525 5116 esl
544 5075 639 5134 pugna
664 5056 699 5120 dc
722 5057 879 5137 conditio,
898 5057 931 5123 ἃ
949 5063 979 5122 in
997 5058 1160 5128 locosuffi·
1198 5059 1273 5125 loab
1291 5061 1406 5131 duobus
1431 5063 1612 5144 pucipbiu
1635 5065 1755 5143 militiae
1780 5071 1907 5152 Abour,
1926 5068 1964 5141 ὰ

1459 5192 1470 5220 e
1572 5183 1576 5189 '
1831 5158 1934 5226 Ami·
