4425 6000
523 456 1544 543 'fescenninorumDacaaooi.
1700 486 1771 568 315

259 566 364 649 logum
380 564 588 633 reducuntur:
610 568 693 632 unde
707 569 830 644 omnia,
844 584 911 643 quac
922 567 953 629 in
964 566 1025 628 De·
1061 558 1147 624 videt
1157 606 1171 652 ,θ
1188 578 1226 653 ea
1243 579 1310 637 quat
1335 557 1413 625 hisce
1432 557 1667 643 adversantur,
1679 587 1827 647 repugna·

261 652 369 727 calogo
387 651 610 726 continentur,
636 649 731 712 etiam
756 646 794 711 ab
820 644 882 723 ipsa
903 663 1024 711 natura
1059 660 1093 705 re
1106 657 1250 783 rationi}
1265 654 1300 704 ut
1317 638 1484 706 Romanor.
1501 660 1530 704 s.
1551 647 1764 726 Genium
1784 648 1826 711 ie.

261 727 333 795 sunt
362 725 563 807 praescripta,
591 748 660 805 quae
687 726 812 805 proinde
839 725 950 791 violari
971 746 1025 790 ne·
1056 741 1128 809 griis
1142 740 1203 785 nn
1249 716 1551 811 dormicionis
1575 744 1640 803 quae
1664 727 1735 807 legis
1749 728 1824 808 sunt

259 825 378 887 queunt
394 810 469 885 quin
489 806 561 871 boni
581 827 682 871 moses
701 808 881 872 violentur.
899 807 1026 883 Dicitur
1053 798 1195 875 facim·
1215 796 1366 890 Elvsmdt
1389 806 1538 892 ΠΜ(
1554 804 1627 869 idest
1648 805 1823 897 scriptam)

216 900 220 907 '
260 887 354 967 digito
373 888 450 966 Dei,
469 889 552 952 unde
565 889 728 953 evidenter
746 906 834 966 pavet
855 886 955 951 Deum
973 908 1026 950 au·
1060 902 1119 944 nois
1139 878 1299 968 hahentes,
1322 882 1450 971 tpfi'ſsdt
1473 883 1546 972 [unt
1565 887 1642 974 (είς
1668 892 1825 977 ριιιοβιιι·

259 969 371 1033 slorem
388 966 637 1047 suilleDecalogi
657 987 899 1045 praceptorum,
912 987 981 1045 quae
992 964 1026 1028 si·
1062 962 1141 1024 dani
1156 977 1225 1054 opas
1239 963 1313 1039 legis
1322 967 1467 1057 scripturis
1480 983 1514 1028 ιιι
1533 962 1664 1031 cordibus
1677 967 1762 1047 sarr.

264 1068 305 1112 ve
325 1046 537 1125 perseipsum,
558 1048 625 1117 live
649 1069 702 1127 per
721 1050 912 1129 Angelorum
937 1049 1027 1113 mini·
1100 1041 1240 1106 Nomine
1255 1041 1400 1133 Decalogi
1424 1065 1536 1119 primus
1555 1050 1691 1111 omnium
1713 1051 1752 1114 ad
1770 1049 1825 1115 bo-

260 1130 383 1194 llerium
398 1130 482 1195 dedit
498 1129 598 1215 Moysi
616 1134 646 1196 in
665 1132 777 1197 Monte
799 1130 873 1197 Sina
890 1133 927 1193 in
955 1133 1027 1197 dua·
1061 1122 1200 1189 nocenda
1238 1118 1357 1196 spetiali
1393 1124 1489 1188 titulo
1517 1124 1634 1192 Decem
1666 1147 1825 1210 praccepta

261 1206 316 1272 bus
350 1208 476 1274 Tabulis
501 1213 673 1290 exculpta,
709 1228 745 1276 ut
780 1211 885 1277 eadem
912 1213 1028 1291 populo
1057 1202 1133 1270 ulus
1151 1199 1195 1265 cll
1209 1201 1353 1290 Clemqs
1380 1202 1606 1299 Alexandrinus
1622 1207 1672 1273 lib
1694 1212 1724 1271 6.
1740 1211 1826 1276 Stro-
1924 1274 1927 1279 ,

262 1288 378 1355 Israelis
393 1288 431 1353 ab
449 1290 824 1372 &pissiaci-captivitate
839 1289 964 1355 deduslo
983 1296 1027 1354 in·
1061 1298 1199 1375 maturus
1211 1300 1305 1358 quem
1322 1280 1424 1360 postet
1437 1280 1536 1376 'secuti
1557 1283 1627 1354 sunt
1646 1290 1797 1371 Origenes
1815 1343 1826 1376 ,

260 1370 373 1437 diceret
400 1370 587 1437 observanda
603 1394 614 1435 s
649 1372 719 1437 hinc
747 1371 859 1435 dicitur
886 1368 1028 1451 descri'pta
1060 1368 1088 1429 S.
1107 1365 1137 1425 Ρ.
1155 1362 1516 1457 Hieronymumaliique
1531 1368 1634 1459 llatres
1650 1387 1719 1436 tum
1731 1381 1825 1451 graeci

259 1452 291 1516 iii
313 1447 425 1514 duabus
452 1449 561 1515 sabulis
603 1447 645 1517 Θ
666 1470 717 1531 ριν
733 1472 841 1514 manus
855 1452 962 1531 Moysss
979 1468 1029 1530 po·
1059 1464 1130 1511 tum
1148 1443 1259 1534 latini:
1279 1442 1325 1506 led
1342 1443 1408 1506 aliis
1423 1462 1519 1508 etiam
1540 1446 1706 1528 insignibus
1732 1473 1826 1517 voca·

258 1532 326 1612 pulo
350 1527 539 1597 Haebreoruni
554 1500 651 1596 delusa
661 1553 673 1606 ,⁴
690 1551 754 1595 tion
769 1530 852 1606 ouod
878 1546 953 1594 tunc
982 1538 1029 1595 lo·
1060 1524 1139 1591 bulis
1153 1524 1340 1615 exprlmitut
1349 1523 1521 1603 Decalogus
1538 1530 1573 1589 in
1581 1532 1701 1620 ‘divinis
1719 1533 1826 1597 litte-

262 1612 415 1677 lummodo
437 1611 518 1691 leges
537 1609 625 1675 balet
653 1610 770 1674 dederit
790 1609 876 1674 Deos
894 1605 1029 1675 humano
1063 1610 1122 1681 ris,
1140 1622 1209 1696 ouae
1233 1602 1357 1681 collegit
1380 1601 1508 1669 lacobus
1532 1605 1625 1673 Baius
1644 1615 1677 1674 in
1693 1610 1750 1677 suo
1764 1612 1824 1679 Ca·

262 1691 396 1768 generi.-
428 1711 500 1755 nam
528 1690 594 1755 liaec
624 1686 697 1754 suist
717 1688 825 1753 eadem
849 1707 1028 1769 praecepta,
1062 1680 1256 1751 thechismos
1278 1699 1351 1749 nam
1374 1703 1508 1749 vocatur
1527 1690 1598 1751 Lex
1625 1694 1696 1765 quia
1718 1712 1826 1758 omnes

262 1790 331 1846 quar
351 1764 504 1847 supremus
521 1769 634 1835 dusios
653 1773 685 1832 in
702 1767 1029 1847 primibominiscrea·
1061 1766 1151 1845 ligat.
1173 1773 1353 1841 praeceptm
1365 1767 1440 1840 quia
1452 1765 1538 1830 Deus
1552 1767 1613 1833 hoc
1631 1791 1687 1845 per
1700 1766 1733 1838 se
1748 1775 1827 1836 indi·
1858 1781 1877 1809 ’

263 1852 349 1913 tione
364 1851 398 1911 in
414 1848 501 1927 ipsius
514 1850 779 1927 cordeexaravit,
801 1868 837 1912 ac
857 1848 1026 1927 impressit3
1060 1848 1127 1918 xit,
1146 1810 1347 1931 Mandatum,
1367 1846 1438 1919 quia
1457 1843 1515 1910 boc
1530 1849 1637 1912 intulit
1656 1870 1709 1929 per
1732 1853 1827 1917 homi.

259 1927 312 1992 sed
328 1930 398 2004 quia
414 1930 588 1994 eorumdem
607 1927 770 1994 hominum
784 1927 902 1992 malitia
918 1928 1028 1993 oblite·
1063 1935 1154 2000 nem,¹
1168 1924 1347 2001 Eloquium,
1367 1926 1482 2003 Sermo,
1500 1926 1653 2008 Verbum,
1680 1934 1753 2008 quia
1775 1953 1829 2009 ριι
1889 1954 1891 1966 ·
1929 2011 1932 2016 .

261 2024 352 2084 rata,
368 2009 491 2077 exoleta
506 2027 623 2085 ,atque
642 2029 683 2072 ex
700 2028 806 2073 eorum
826 2009 935 2071 animis
957 2006 1027 2073 sere
1058 2005 1175 2068 vFiliuin
1198 2023 1216 2065 a
1238 2005 1332 2095 Patre
1355 2010 1535 2083 emanavit,
1559 2007 1700 2088 Iustitia,
1723 2016 1830 2091 AEqui·

261 2090 386 2164 penitus
401 2088 523 2166 deleta,
542 2089 617 2152 dum
630 2086 681 2153 sibi
706 2088 799 2167 elegit
826 2092 858 2150 in
882 2088 1026 2166 populum
1061 2100 1133 2173 sas,
1148 2086 1218 2171 quia
1239 2080 1348 2176 tribuit
1365 2088 1526 2161 uuicuique
1544 2091 1626 2163 quod
1646 2089 1733 2155 suum
1757 2096 1829 2171 eli,

256 2164 634 2244 .fiiios1lrae1,ucitor
657 2171 809 2233 vitiorum
833 2165 935 2232 sarculi
959 2189 1026 2232 cor·
1057 2168 1253 2246 testificatio,
1282 2183 1353 2238 quia
1381 2168 1524 2242 praecepit
1544 2187 1581 2233 ea
1607 2191 1660 2245 per
1683 2194 1751 2249 quae
1772 2172 1831 2237 ho·

262 2246 391 2321 ruptelis
410 2246 544 2312 Gentem
561 2248 638 2312 banc
653 2264 859 2327 expurgaret,
873 2250 1026 2325 prioratis
1062 2251 1162 2339 mines
1173 2240 1397 2337 iulliluicaiarur,
1412 2242 1485 2321 iffa,
1503 2250 1576 2321 qnia
1595 2249 1640 2313 est
1661 2248 1758 2317 forma
1776 2252 1830 2317 be·

261 2327 428 2392 innovavit
454 2345 633 2406 praccepta,
653 2349 721 2405 quae
746 2332 901 2393 ut‘etiam
920 2348 1025 2393 eorum
1062 2346 1101 2389 ne
1127 2324 1279 2410 vivendi,
1299 2325 1443 2412 Sanina,
1469 2331 1539 2401 quia
1558 2328 1637 2393 resle
1655 2332 1697 2397 ad
1728 2333 1831 2398 Deum

263 2398 392 2469 sensibus
412 2404 660 2488 innotescerent,
678 2429 716 2473 ac
735 2409 808 2474 ideo
824 2409 948 2474 firmius
974 2411 1021 2474 vi·
1055 2407 1166 2483 ducit,
1185 2404 1409 2485 Tolosam,
1429 2408 1503 2481 quia
1524 2407 1606 2473 tellis
1625 2409 1670 2475 est
1691 2432 1758 2478 tum
1776 2413 1829 2476 bo·

263 2483 422 2561 vidiusque
449 2488 493 2550 eis
516 2487 759 2567 exhiberentur,
788 2510 824 2555 ac
853 2491 885 2550 in
917 2508 1029 2553 eoriim
1063 2499 1277 2565 norum,tum
1289 2486 1443 2549 malorum
1453 2502 1600 2566 operum,
1621 2493 1830 2572 velquiaVo-

262 2564 400 2629 cordibus
422 2570 497 2631 viva
511 2565 887 2647 semperpermantrent5
910 2572 973 2633 imo
992 2567 1026 2634 dt
1063 2568 1167 2633 luntas
1182 2565 1242 2630 Dei
1263 2564 1349 2629 nobis
1370 2561 1567 2652 testificatur„

261 2644 414 2709 Gentibus
438 2667 555 2724 otioque
582 2647 696 2713 fierent
719 2647 879 2716 manifesta
899 2698 909 2728 ,
931 2647 1027 2713 incisa
1101 2648 1256 2723 Praecepta
1284 2644 1427 2723 Dedalogi
1458 2643 1529 2710 lunt
1549 2669 1679 2721 numero
1696 2655 1829 2733 deceni,

261 2728 293 2787 in
322 2726 434 2790 duabus
462 2728 586 2803 lapideis
609 2727 767 2805 Tabulis,
791 2751 884 2807 opera
913 2726 1026 2808 Moysis
1062 2744 1099 2791 ut
1120 2727 1217 2791 Exodi
1232 2743 1285 2785 ²0·
1305 2723 1340 2787 ἀ
1360 2724 1487 2790 Deuter.
1506 2744 1533 2802 5·
1551 2728 1601 2794 ubi
1625 2734 1730 2799 decem
1757 2752 1830 2799 tan·

263 2805 395 2884 indixit,
416 2827 452 2871 ac
471 2808 698 2887 promulgavit.
714 2806 826 2883 Quare
849 2813 937 2887 Lex,
960 2830 1027 2884 quae
1062 2821 1391 2893 contemnerentur,
1406 2803 1439 2867 dc
1465 2802 1534 2870 suni
1555 2808 1734 2887 sequentia:
1758 2818 1831 2878 Non

263 2903 358 2950 antea
386 2889 539 2952 naturalis
559 2886 737 2964 simpliciter
766 2887 941 2965 dicebatur,
959 2889 1027 2953 lcii·
1062 2882 1177 2952 siabebts
1195 2890 1270 2974 Deos
1285 2883 1393 2972 alienos
1412 2903 1506 2969 sugam
1524 2906 1590 2951 ms:
1605 2894 1679 2956 Nost
1703 2893 1828 2975 affantes

266 2985 318 3044 pta
330 2971 440 3032 vocari
454 2972 572 3048 coepit5
593 2966 629 3034 dt
644 2993 714 3036 cum
730 2967 864 3035 Christus
878 2970 1028 3036 Domiiim
1062 2985 1179 3055 sinticen⁸
1198 2970 1254 3029 Det
1280 2973 1319 3054 tis
1339 2984 1451 3029 uanum
1473 2988 1484 3029 ι
1514 2968 1664 3037 Memento
1691 2987 1726 3038 ss
1748 2974 1829 3039 diens

264 3045 342 3111 banc
375 3047 571 3129 finnavcrit,
591 3071 626 3115 ac
649 3047 858 3129 praescripserit
887 3049 1028 3115 fidelibus
1063 3043 1377 3124 Sabdatisandficcs:
1394 3050 1510 3135 Honora
1525 3062 1643 3126 patrem
1660 3065 1765 3134 suun,
1787 3055 1829 3121 (5

262 3130 359 3191 etism
375 3125 436 3192 suae
455 3130 698 3207 &stermonii
715 3131 759 3197 cll
774 3128 871 3196 slatus
887 3131 1028 3205 Gratia,
1063 3139 1188 3191 mouens
1211 3138 1314 3190 tam
1336 3126 1532 3214 Nonoccidrs
1550 3151 1559 3192 :
1575 3135 1647 3198 Non
1673 3135 1829 3202 musbade-

260 3205 296 3273 ἀ
322 3207 512 3287 Evangelii,
533 3228 567 3275 ut
585 3211 641 3275 hac
665 3213 772 3278 dlvina
797 3213 902 3291 regula
918 3209 969 3275 sibi
984 3207 1026 3273 es·
1064 3208 1107 3272 ri's
1119 3228 1128 3271 ι
1141 3209 1217 3295 ¹Non
1230 3203 1352 3288 furtim
1365 3205 1482 3292 facies:
1498 3211 1571 3299 Nori
1587 3213 1713 3292 loqueris
1724 3227 1830 3287 com

263 3283 434 3352 formarent
455 3289 532 3353 illud
548 3290 730 3358 Christiana:
751 3290 919 3358 sansliratis
942 3287 1027 3354 inlli-
1057 3307 1229 3377 proximiori
1259 3299 1345 3350 trium
1365 3285 1482 3376 fallam
1504 3291 1729 3378 testimonium:
1756 3299 1831 3361 Nori

257 3381 369 3430 tutum
406 3369 777 3448 quodigniredderentur
796 3373 936 3438 mercede
959 3392 1026 3449 per·
1063 3366 1236 3446 muuptscrs
1256 3386 1378 3432 uxorem
1395 3383 1523 3457 ριοκιιιι
1554 3372 1626 3437 tui':
1661 3379 1734 3441 Non
1755 3378 1830 3457 defi·

261 3450 349 3511 ennis
367 3416 549 3526 sciscitatis,
564 3473 654 3540 qulam
672 3456 793 3542 proprio
812 3452 955 3533 sanguine
983 3454 1027 3516 cis
1062 3448 1179 3538 dryaii's
1198 3449 1317 3536 ᾄσωσιν»
1341 3463 1470 3525 proxim
1492 3450 1544 3512 lui
1561 3500 1571 3528 ‚
1595 3475 1651 3519 non
1673 3455 1829 3537 sewum,

254 3545 514 3606 coitiparaverat,
534 3534 620 3608 Legis
640 3534 832 3614 Evangelicae
845 3552 959 3597 nomen
977 3552 1042 3596 ac··
1064 3552 1120 3594 sion
1138 3528 1372 3615 arctissimos
1390 3525 1495 3593 moria
1512 3577 1521 3608 ,
1540 3553 1598 3595 ιιι
1626 3539 1763 3617 aſsuunt,
1780 3557 1831 3602 ricc

259 3610 370 3686 cepit.
391 3607 506 3672 Idcirco
524 3630 592 3672 cum
620 3611 712 3675 Dccal
755 3616 938 3690 ipraecepta
958 3631 1026 3687 quae
1063 3625 1161 3673 omma
1176 3628 1242 3685 quae
1263 3608 1345 3670 illitis
1358 3605 1457 3686 jairi·
1474 3608 1592 3676 Omnia
1621 3611 1687 3679 hac
1717 3637 1832 3695 prece·

264 3707 282 3750 a
311 3687 380 3749 Deo
404 3685 517 3750 indisla
539 3685 630 3766 sunt,
660 3689 694 3756 ἃ
722 3690 824 3752 lraeli
851 3694 884 3753 in
912 3690 1027 3754 duabus
1065 3705 1119 3765 pta
1138 3708 1207 3749 cun
1227 3691 1258 3750 in
1278 3689 1413 3760 naturali
1431 3692 1555 3754 ratione
1574 3692 1611 3756 δι
1629 3714 1736 3761 auore
1757 3696 1832 3762 cha·

265 3763 398 3830 Tabulis
423 3787 475 3842 per
495 3768 647 3850 Moysen,
663 3768 696 3834 dt
721 3769 837 3845 populo
856 3768 1028 3834 Christiano
1061 3769 1168 3832 sitatis
1189 3758 1375 3842 fundentur,
1394 3787 1430 3832 ac
1446 3770 1478 3830 in
1497 3766 1682 3847 ipsis'veluti
1704 3777 1831 3840 conclu·

262 3849 298 3907 in
313 3845 482 3922 Evangelio
498 3866 550 3925 per
566 3846 739 3927 Christum,
759 3847 818 3913 sint
838 3850 945 3914 eadem
972 3868 1027 3913 na·
1064 3846 1161 3910 liones
1181 3842 1289 3912 insuis
1311 3850 1466 3923 principiis
1488 3853 1713 3918 contineantur
1731 3902 1743 3934 ,
1761 3855 1831 3920 ideo

266 3924 377 3988 turalis
393 3926 480 4005 Lex,
493 3947 583 4003 quain
608 3928 691 3993 dedit
718 3928 851 3994 humano
870 3931 971 4009 generi
995 3932 1026 3992 in
1061 3930 1168 3991 omnia
1187 3925 1225 3990 ad
1246 3930 1292 3990 ins
1313 3926 1455 3992 naturale
1480 3925 1633 4012 spectans,
1651 3935 1725 4001 licet
1753 3955 1832 4015 ptae·

262 4006 331 4069 eius
349 4008 525 4085 creatione,
543 4006 578 4073 dt
599 4009 754 4076 incorum
778 4013 887 4074 animis
908 4007 1027 4087 impres·
1063 4024 1186 4085 ceptum
1200 4005 1396 4072 Sabbatitale
1415 4026 1478 4072 non
1498 4011 1661 4095 videatur,
1679 4036 1832 4080 cruncon·

244 4082 323 4161 Ι(ιι,
345 4085 481 4162 sequitur
500 4088 587 4164 -quod
616 4087 781 4170 obligarint
806 4111 861 4166 pro
882 4110 1026 4168 quocum·
1064 4105 1114 4151 tra
1133 4089 1289 4153 rationem
1303 4088 1495 4153 naturalium
1503 4109 1745 4174 praeceptorum,
1759 4115 1829 4173 quae

264 4164 440 4256 qucstatu,
453 4166 489 4233 'dc
510 4189 699 4248 quocumque
716 4168 1026 4257 tempore,idellet·
1063 4187 1083 4231 a
1104 4168 1189 4256 nulla
1208 4186 1312 4233 creata
1337 4167 1490 4244 poteslate
1516 4191 1652 4249 unquam
1671 4177 1831 4240 immutati

265 4249 328 4308 iam
344 4251 521 4325 priusquam
546 4253 578 4311 in
602 4251 714 4316 Monte
732 4250 763 4312 Si
787 4269 803 4314 a
829 4251 1026 4314 inscriberen-
1103 4248 1248 4329 ῆιιιιιμ
1272 4265 1411 4324 tempore
1433 4247 1651 4325 Apollol'orum
1677 4256 1831 4322 translata

263 4340 335 4403 tur,
351 4326 385 4392 dt
401 4349 453 4405 per
472 4327 599 4411 Moysep
621 4271 905 4410 promulgsrentur;
923 4333 1026 4423 itaut
1062 4268 1155 4421 sileris
1176 4326 1243 4391 baec
1254 4326 1407 4420 obligatio
1425 4348 1465 4395 eir
1485 4327 1628 4398 Ecclesiae
1652 4333 1830 4413 praescripto
1877 4350 1881 4355 '

205 4420 226 4466 ι·
261 4402 340 4471 4ΐιιιι
358 4409 426 4475 Lex
449 4409 578 4487 vulgara
605 4429 655 4485 per
675 4411 731 4476 Mo
756 4408 1027 4477 sennonadslriii·
1064 4408 1101 4472 ad
1120 4406 1201 4472 diem
1220 4406 1434 4472 Doininicum.
1456 4408 1513 4474 Sed
1532 4431 1572 4475 cir
1593 4413 1649 4478 hac
1667 4417 1832 4481 imutatio-

205 4480 245 4548 Ψ
265 4483 378 4566 gebant
399 4487 454 4551 nisi
486 4488 688 4556 israeliticam
742 4509 876 4569 entem,
897 4509 934 4555 iit
960 4491 1027 4553 Lea
1063 4507 1103 4553 ne
1131 4504 1194 4550 non
1216 4490 1337 4552 eruitur
1359 4487 1442 4564 quod
1463 4490 1529 4554 tale
1553 4511 1740 4573 preceptum
1766 4516 1831 4561 non

205 4558 414 4659 {guatmalis
433 4567 554 4634 Gentes
569 4588 676 4635 omnes
695 4569 889 4652 obligabant,
904 4572 1026 4637 &nunc
1063 4564 1177 4648 speslet
1197 4569 1234 4631 ad
1255 4572 1301 4631 ius
1327 4570 1488 4633 naturale:
1510 4573 1592 4637 ratio
1610 4572 1672 4652 eil,
1688 4579 1760 4652 quia
1780 4596 1832 4642 ca·

205 4684 232 4725 ,ο
261 4666 379 4725 quoque
403 4669 508 4714 omnes
532 4649 671 4728 obligant
695 4649 887 4728 universim,
914 4668 951 4716 ut
975 4669 1027 4715 ve·
1064 4647 1093 4712 le
1110 4664 1314 4724 preceptum,
1333 4646 1377 4710 cll
1396 4650 1532 4729 morale,
1552 4671 1588 4717 ac
1604 4656 1832 4736 namralequo·

205 4748 243 4789 n·
262 4748 331 4792 ruisi
351 4729 450 4794 Deum
464 4725 671 4809 cognoscant,
693 4751 729 4795 ac
755 4732 885 4798 colan't.
913 4733 1027 4795 Piace·
1064 4727 1102 4791 ad
1119 4725 1318 4818 subllautiam
1329 4749 1343 4803 ,·
1362 4727 1406 4792 eli
1415 4749 1503 4795 vcro
1516 4736 1734 4801 caeremoniale
1757 4757 1832 4813 quo-

205 4814 236 4859 *ο
260 4812 416 4949 praesim
436 4810 580 4892 Decalogi
606 4827 716 4888 utpote
739 4813 912 4889 naturalia,
930 4815 1027 4876 etiam
1063 4806 1103 4871 ad
1130 4806 1354 4872 accidentalem
1387 4807 1627 4888 designationem
1659 4821 1830 4893 temporis,
1874 4869 1877 4876 ,

272 4908 326 4954 ine
350 4892 621 4970 promulgatione,
646 4888 732 4954 sicuti
750 4891 839 4957 sacile
854 4893 953 4956 menti
977 4910 1027 4955 oc·
1063 4907 1130 4963 quar
1150 4886 1316 4967 Synagogae
1337 4885 1523 4956 solumnodo
1545 4891 1620 4957 fassa
1636 4892 1716 4969 luit,
1734 4897 1769 4962 dc
1789 4914 1830 4960 eir

261 4985 413 5048 curnam,
428 4973 474 5037 ita
491 4969 582 5037 lacile
597 4969 660 5037 solo
681 4973 810 5036 rationis
830 4972 944 5036 lumine
960 4974 1026 5035 cui·
1063 4967 1122 5031 bac
1145 4985 1232 5045 parte
1259 4987 1446 5046 praeceptum
1467 4971 1524 5037 hoc
1547 4972 1589 5038 esl
1615 4995 1700 5039 risere
1726 4975 1831 5053 positi·
1906 5058 1908 5063 Ι

262 5060 393 5124 cumque
412 5046 677 5129 imoeseuntser
693 5051 817 5130 quisque
838 5049 1028 5120 naturaliter
1065 5069 1160 5127 vum,
1182 5047 1263 5115 unde
1277 5046 1409 5119 Ecclesia
1419 5052 1477 5118 boc
1488 5056 1667 5122 immutavit
1682 5072 1833 5199 putrefiat
