4425 6000
521 526 692 603 Tutor.
719 549 777 600 ur
804 526 1061 600 Praeterit
1090 529 1316 603 Dtcntoor
1347 528 1577 603 cluunt.
1700 549 1785 630 391

263 637 317 690 tat
333 623 371 689 de
386 625 486 705 vitio,
510 628 562 694 vel
585 629 712 691 crimine
731 626 857 690 alterius
876 645 947 691 cum
964 626 1030 689 ani·
1064 648 1156 692 omne
1181 630 1303 693 vitetur
1327 629 1493 705 periculum
1518 645 1634 693 temere
1660 629 1836 707 iudicandi,

232 724 318 782 „mo
337 705 522 781 deliberato,
547 705 695 773 censenda
711 702 753 768 esi
770 711 870 782 potius
893 706 1031 769 mortalis
1067 709 1117 773 vel
1140 706 1304 783 suspicandi
1327 729 1397 771 tum
1416 710 1526 772 iniuria
1547 711 1700 788 proximi,
1749 710 1840 775 tad·
1908 767 1911 773 .

260 804 359 861 quam
383 788 532 867 venialia,
555 789 706 865 praecipue
736 782 756 847 i
781 780 818 849 srt
843 787 879 849 de
907 782 1030 862 persona
1066 792 1162 853 vertit
1182 789 1210 850 S.
1236 787 1407 854 Bernardur
1427 785 1564 853 sermone
1583 809 1632 869 40.
1657 792 1689 854 in
1737 794 1834 855 aurit.

261 863 359 928 valde
382 864 490 945 digna,
521 886 576 933 aut
605 868 642 931 de
663 866 790 930 crimine
815 866 907 930 valde
929 867 1031 943 turpi,
1105 867 1153 933 Ad
1174 864 1387 934 difficultatem
1403 887 1498 945 vero,
1518 889 1586 945 quae
1606 868 1655 934 hic
1674 872 1748 935 oriri
1768 869 1837 948 pos·
1853 849 1911 964 δῇ·
1939 852 1986 905 ⁶¹¹·

264 960 320 1008 aut
341 944 379 1009 de
393 948 521 1012 crimine
544 945 674 1024 respctiu
697 942 911 1023 cuiuscumque
939 942 1032 1011 inusr·
1065 944 1112 1014 set
1132 948 1169 1011 de
1184 948 1301 1027 dubiis,
1316 967 1389 1013 num
1404 953 1437 1012 in
1453 949 1611 1013 meliorem
1636 967 1754 1028 partem
1777 950 1835 1014 fint
1854 990 1900 1040 μ,
1915 980 1943 1033 5,

264 1040 358 1101 tato,
382 1024 416 1091 ὃ(
444 1028 534 1092 valde
555 1029 758 1092 inordinatio.
780 1025 896 1089 Verum
911 1027 1032 1102 quidem
1066 1028 1181 1106 semper
1209 1030 1457 1106 interpretanda,
1486 1049 1540 1105 pro
1568 1024 1700 1108 faciliori
1721 1030 1836 1093 intelli·
1853 1038 1942 1094 neno.

262 1098 307 1165 tsi
323 1105 432 1198 Augei.
450 1106 611 1173 Dodiorem
631 1126 658 1167 2.
677 1125 703 1167 a.
732 1127 760 1199 q,
781 1108 829 1166 60.
851 1120 908 1169 arr.
931 1126 961 1185 3.
981 1104 1032 1199 do·
1065 1111 1171 1189 gentia
1191 1109 1379 1181 notandum,
1400 1105 1510 1173 stilum
1529 1108 1651 1185 aliquod
1672 1109 1909 1184 duplicitatem
1927 1121 1975 1173 Μ

259 1201 332 1246 cere
352 1182 473 1250 dubium
491 1187 527 1251 de
545 1189 671 1265 proximi
691 1186 1032 1250 bonrtareessevenra·
1066 1192 1100 1252 in
1128 1189 1287 1253 meliorem
1316 1206 1433 1265 partem
1453 1191 1650 1267 interpretari
1671 1188 1773 1267 posit:
1805 1210 1836 1251 ιι
1854 1179 1976 1281 s‘em‘e'

262 1260 315 1339 le,·
337 1265 483 1353 aitenim
500 1269 560 1331 ibi:
582 1266 702 1331 Primus
713 1266 825 1356 gradus
841 1268 936 1356 ‚esum
953 1265 1032 1355 boma
1066 1266 1215 1348 positive,
1237 1267 1380 1347 praiiice,
1404 1270 1460 1334 hoc
1480 1266 1544 1345 esi,
1566 1287 1600 1331 ut
1622 1271 1653 1331 iu
1675 1267 1784 1347 pratri,
1802 1269 1836 1334 ἀ
1858 1247 1938 1347 ..ζὴ
1953 1265 1975 1292 ’“

263 1360 303 1405 ex
327 1341 441 1434 leutius
462 1348 581 1412 indiciis
602 1349 637 1411 de
659 1346 785 1411 innitare
803 1348 929 1410 alrcurus
949 1344 1032 1408 dubi·
1066 1353 1144 1415 vitae
1171 1349 1275 1427 civilis
1306 1346 1377 1427 usu,
1406 1351 1457 1414 ubi
1478 1350 1515 1410 de
1538 1348 1660 1413 cautela
1682 1367 1743 1412 non
1764 1369 1835 1428 aga·
1853 1356 1926 1415 intr

264 1428 331 1486 titre
345 1426 486 1506 rntrpiat,
511 1426 551 1495 (φ
567 1427 616 1492 hoc
632 1428 804 1503 cruentare
824 1424 865 1493 sff
884 1428 951 1491 leve
967 1445 1033 1504 pec·
1067 1448 1137 1508 tut,
1156 1424 1266 1491 aisetlu
1285 1433 1409 1494 interno
1428 1429 1462 1495 &
1481 1428 1570 1492 modo
1589 1447 1721 1492 externo
1746 1447 1838 1508 agens

264 1515 380 1565 rarum.
406 1507 463 1571 Sed
492 1507 586 1574 verba
610 1509 638 1568 S.
670 1506 808 1571 Dotioris
834 1504 1032 1585 intelligenda
1065 1510 1094 1572 di
1117 1506 1266 1576 tratictur
1281 1512 1435 1586 proximus
1453 1527 1600 1583 tanquam
1621 1506 1641 1570 sr
1664 1508 1834 1572 revera'es·

264 1582 409 1649 videntur
425 1587 461 1650 de
480 1585 571 1651 dubio
588 1590 753 1665 negativo,
780 1584 856 1650 idesi
876 1586 959 1662 quod
987 1584 1033 1648 su·
1066 1586 1110 1653 set
1130 1589 1261 1665 probus,
1282 1588 1504 1654 &exhibendo
1522 1586 1669 1664 condutta
1690 1586 1835 1662 honoris,

263 1657 383 1737 spendit
399 1685 520 1732 ornnem
535 1664 654 1745 atium,
672 1688 707 1730 ac
727 1668 839 1730 bonam
858 1669 1034 1743 opinionem
1065 1668 1100 1735 dc
1120 1668 1303 1733 urbanitatis
1327 1666 1449 1748 officia,
1470 1690 1505 1733 ac
1526 1665 1546 1728 sr
1575 1668 1695 1732 nullum
1716 1667 1752 1731 de
1767 1671 1834 1730 eius

265 1761 357 1814 quam
384 1744 421 1807 de
456 1767 640 1824 quocumque
669 1745 868 1812 habitualiter
896 1749 1030 1809 retinet·
1067 1748 1220 1829 probitate
1234 1748 1308 1813 esset
1330 1748 1472 1815 dubium.
1491 1747 1671 1812 Iniuriosum
1690 1745 1734 1809 eli
1750 1752 1833 1809 eninr

265 1819 349 1885 Nam
362 1825 503 1892 dubitare
520 1824 651 1906 positive
667 1827 704 1889 de
720 1830 859 1903 proximo
875 1827 906 1888 iu
926 1844 1033 1905 regra-
1067 1831 1227 1909 proximo,
1257 1827 1291 1892 ἀ
1321 1845 1429 1894 contra
1458 1827 1578 1905 regular¹
1604 1826 1764 1892 charitatis
1793 1828 1833 1891 ob

263 1903 298 1960 vi
316 1897 377 1964 srne
397 1906 464 1972 ullo
480 1905 595 1984 prorsus
612 1905 830 1984 fundamento,
851 1924 956 1983 nempe
980 1903 1034 1968 lra-
1066 1924 1205 1975 exortam
1226 1908 1467 1989 dubitationem,
1494 1927 1563 1985 quae
1583 1904 1768 1971 insufficiens
1792 1905 1835 1969 eli

262 1975 333 2072 bere
353 1984 384 2045 in
410 1990 515 2051 animo
541 1986 620 2062 quod
645 2005 751 2050 revera
772 1984 923 2073 probitas,
953 1986 1032 2069 inte·
1065 1988 1190 2066 caulia,
1207 1988 1267 2051 illis
1282 1987 1392 2054 officiis
1407 2011 1479 2055 eum
1499 1991 1638 2064 privare.
1659 2006 1686 2048 a.
1704 1985 1841 2065 Negan«

263 2078 376 2138 tnui,
395 2066 540 2138 pudicitia
556 2066 616 2131 &o
642 2068 774 2142 perlbnae
791 2065 881 2129 dubia
903 2067 958 2142 lrt,
976 2081 1031 2128 aut
1067 2091 1127 2142 ve,
1149 2071 1248 2134 itaut
1270 2070 1304 2131 in
1324 2069 1415 2143 dubio
1434 2072 1529 2134 etiam
1550 2065 1683 2142 pnsrtivo
1704 2085 1767 2129 non
1790 2070 1836 2130 iu·

261 2140 326 2232 tale
347 2138 470 2207 dubium
492 2144 658 2209 formatum
678 2144 715 2209 stt
735 2167 773 2209 tx
799 2143 954 2209 levissimis
969 2164 1032 2208 ruo·
1065 2148 1205 2226 dicetur,
1220 2147 1396 2225 dubitetur,
1413 2168 1468 2214 aut
1485 2146 1652 2225 suspicetur
1665 2150 1863 2224 proximum,

265 2219 403 2307 trvrr,sr
429 2223 485 2290 hoc
506 2224 674 2289 deliberato
698 2229 799 2288 animo
819 2224 894 2300 fiat,
914 2224 953 2288 ob
985 2241 1031 2288 ra·
1067 2231 1233 2303 improbum
1253 2226 1330 2303 esse,
1353 2229 1401 2293 vel
1422 2230 1561 2309 graviter
1583 2225 1735 2303 peccalle.·
1751 2226 1855 2289 Nam

262 2308 365 2363 tronea
386 2319 477 2369 antea
498 2305 608 2369 allatas
636 2304 754 2380 agendo
783 2307 820 2369 de
848 2303 1032 2381 suspicione,
1066 2311 1117 2387 qui
1139 2309 1214 2372 alias
1243 2306 1273 2368 se
1300 2328 1440 2386 gereret,
1467 2329 1536 2371 reus
1559 2305 1648 2371 fieret
1677 2303 1836 2369 iniusiiriae

263 2388 328 2440 non
350 2382 477 2448 videtur
495 2388 589 2448 eximi
615 2385 695 2461 posit
719 2406 735 2449 a
755 2386 899 2449 mortali.
926 2386 956 2446 Si
978 2404 1033 2447 au·
1066 2388 1181 2453 malum
1210 2389 1352 2464 proximo
1371 2385 1531 2458 inserendo
1558 2385 1618 2450 srne
1649 2384 1726 2449 iulia
1754 2383 1836 2450 sulii·

263 2474 328 2522 tem
347 2466 509 2543 contingat
529 2466 648 2529 motiva
667 2464 728 2529 esse
747 2468 892 2541 utrinque
908 2466 1032 2527 circiter
1065 2470 1164 2534 clenti
1181 2466 1299 2532 caullt.
1315 2465 1452 2545 Quisque
1467 2472 1549 2532 enim
1565 2463 1701 2530 siritium
1717 2467 1763 2545 ius
1783 2465 1835 2530 ha·

263 2539 392 2615 aequalia
414 2564 469 2620 pro
484 2543 518 2608 &
537 2561 663 2623 contra,
680 2563 750 2608 cum
767 2565 814 2609 res
835 2561 909 2607 runc
925 2546 956 2606 in
977 2546 1031 2608 du·
1065 2549 1117 2614 bet
1135 2567 1177 2611 ne·
1194 2548 1309 2611 malum
1325 2546 1386 2611 srne
1406 2546 1482 2612 iusta
1502 2544 1606 2611 caussa·
1624 2550 1653 2611 ei
1665 2542 1841 2625 inferatur,-

263 2616 317 2709 bio
342 2619 497 2702 versetur,
522 2623 626 2689 siando
648 2624 758 2704 regular
783 2627 857 2688 iuris
877 2622 1032 2689 dubitatio
1065 2627 1099 2694 ἃ
1119 2647 1214 2707 grave
1234 2627 1348 2691 malurn
1369 2625 1412 2691 est
1433 2632 1591 2705 proximo,
1611 2625 1645 2692 dt
1661 2628 1837 2703 gravismo·

261 2717 295 2764 rn
317 2702 475 2768 meliorem
494 2723 619 2788 partem
634 2703 865 2784 interpretanda
895 2702 959 2781 est,
979 2705 1031 2769 vel
1066 2709 1160 2773 leliiae
1182 2711 1280 2771 teneri
1302 2724 1338 2771 ut
1355 2708 1539 2785 improbum;
1568 2704 1603 2775 dt
1621 2708 1836 2771 incertumcrr'·

260 2776 367 2844 saltem
391 2783 551 2862 propensro
569 2786 608 2847 ad
634 2803 753 2863 partem
777 2785 964 2848 deteriorem
985 2781 1031 2847 su·
1065 2810 1157 2864 men,
1174 2785 1248 2849 idesi
1264 2785 1388 2851 dubium
1401 2836 1409 2865 ,
1424 2808 1486 2851 non
1502 2787 1545 2850 est
1562 2785 1639 2851 iulia
1655 2786 1835 2850 causiacum

260 2857 452 2942 spendenda,
469 2866 537 2940 quia
554 2865 729 2929 inclinando
748 2868 779 2926 in
800 2865 877 2927 hanc
902 2863 1031 2929 laedere·
1067 2866 1207 2946 privandi
1227 2864 1306 2930 bona
1326 2866 1527 2932 aesiintatione
1555 2885 1647 2941 quam
1680 2865 1757 2937 apud
1778 2884 1834 2927 noa

235 2996 237 3001 .
263 2946 378 3006 tutius
398 2943 555 3024 personet,
571 2966 640 3022 quae
662 2944 866 3088 perfravanda
897 2964 959 3008 non
987 2942 1031 3011 est
1067 2946 1210 3027 polirdet.
1233 2942 1290 3009 His
1307 2944 1460 3024 praemislit
1473 2996 1482 3028 ,
1497 2944 1653 3025 sequentes
1671 2944 1835 3011 traduntur

262 3021 347 3087 ultra
366 3025 447 3100 quod
459 3030 581 3091 motiva
601 3046 711 3102 perpen
727 3047 744 3089 a
767 3027 911 3104 exigunt.
1067 3028 1197 3107 regular,
1218 3048 1326 3103 nempe
1336 3070 1347 3104 ,ι

217 3116 239 3190 j..
303 3102 391 3168 Circa
416 3105 491 3169 tales
521 3104 798 3185 suspicioncs‚-aut
825 3105 1031 3169 dubitationes
1106 3110 1207 3172 Primo
1235 3106 1256 3168 sr
1286 3107 1374 3170 dubia
1408 3106 1488 3173 bona
1517 3106 1718 3185 respicianta
1745 3104 1831 3170 uobis
1868 3107 1976 3175 lt'eguut

217 3173 248 3254 u'
264 3184 317 3248 dat
338 3185 472 3263 reguiam
493 3190 522 3249 P.
550 3187 688 3252 Antoine
707 3181 900 3249 Conieilariis
921 3204 975 3261 pro
991 3186 1032 3248 ti·
1067 3183 1210 3266 possessa,
1239 3207 1295 3250 nec
1315 3190 1346 3249 in
1366 3189 1545 3266 meliorem,
1561 3208 1618 3251 nec
1643 3191 1674 3250 in
1696 3185 1830 3249 deterio·
1854 3177 1970 3288 ΨΜ

217 3266 389 3330 inmutatis
420 3262 454 3331 dc
482 3262 681 3344 scrupulosis,
711 3268 761 3342 qui
792 3283 842 3329 tas
871 3269 1033 3344 patiuntur
1067 3289 1132 3333 rem
1152 3288 1272 3344 partem
1301 3270 1531 3355 interpretanda
1565 3265 1656 3345 sunt,
1680 3264 1730 3330 sed
1754 3242 1973 3357 bonassssfdffi

217 3399 219 3413 .
261 3344 435 3411 nescienter
451 3367 525 3414 num
551 3347 709 3412 lethaliter
734 3351 951 3423 peccaverint,
980 3345 1031 3408 vel
1066 3348 1228 3425 aequaliter
1256 3346 1326 3411 lunt
1350 3348 1529 3429 dividenda,
1558 3363 1634 3426 puta
1659 3345 1835 3410 srdubitem

217 3491 221 3509 ,
264 3447 346 3502 uun,
366 3427 484 3493 scilicet
502 3427 735 3506 interrogandos·
751 3425 811 3489 elie
828 3426 902 3488 a'n'sr
923 3426 1032 3489 adver·
1067 3452 1104 3494 an
1125 3429 1196 3492 talis
1217 3430 1352 3504 pecuniae
1373 3429 1487 3494 summa
1508 3443 1577 3494 mea
1596 3424 1653 3503 sit,
1668 3448 1739 3491 cunr
1756 3426 1835 3490 alte·

217 3552 224 3569 .
263 3506 371 3572 tisient
392 3505 508 3572 lethale
532 3524 715 3585 peecatum,¹
731 3505 899 3570 voluissent
920 3506 1031 3568 volun·
1067 3528 1107 3572 ro·-
1123 3507 1285 3570 dividenda
1306 3506 1349 3569 esi
1362 3552 1380 3569 ..
1396 3509 1425 3570 Si
1442 3512 1507 3584 quis
1524 3525 1626 3574 autem
1646 3505 1765 3571 dubitet
1785 3529 1834 3570 ra·

261 3591 342 3652 tarie
370 3583 569 3651 consentire:
598 3605 670 3647 nam
695 3584 716 3644 sr
745 3588 890 3659 negative
914 3581 1032 3658 respon·
1068 3592 1154 3652 tione
1171 3586 1378 3662 impedimenti
1395 3586 1564 3653 dirimentis
1575 3606 1612 3650 au
1623 3591 1837 3661 coniuxquam·

240 3667 376 3741 deant,
404 3663 557 3728 iudicandi
584 3661 654 3726 sunt
679 3664 756 3727 srcut
781 3666 938 3726 etiam-in
966 3663 1032 3743 aliis
1067 3667 1155 3730 duxit
1178 3662 1214 3726 stt
1231 3667 1296 3727 eius
1318 3685 1392 3729 vera
1411 3671 1541 3745 coniux,
1562 3663 1635 3726 idest
1660 3663 1681 3727 sr
1702 3663 1754 3728 sua
1775 3662 1832 3740 fit,

260 3743 379 3812 casrbus
395 3744 553 3809 lethaliter
569 3762 631 3806 non
648 3740 781 3820 peccasse
817 3740 1033 3815 quiavelnul-
1068 3746 1190 3808 reddere
1221 3742 1346 3821 potest,
1372 3743 1411 3809 dr
1436 3762 1557 3812 tenetur
1586 3743 1724 3807 debitum
1753 3748 1832 3817 parti

261 3829 312 3890 lus
340 3819 437 3886 adsuit
470 3823 644 3887 voluntatis
674 3789 871 3897 cousensus,
895 3822 943 3886 vel
968 3839 1032 3885 non
1068 3839 1134 3889 non‘
1157 3821 1330 3898 dubitanti,
1357 3821 1405 3888 sed
1429 3824 1571 3889 dubitans
1600 3838 1726 3887 tenetur
1745 3820 1774 3885 se
1795 3823 1837 3888 ab·
1949 3842 1954 3853 ·

263 3902 325 3979 suit
342 3901 546 3968 deliberatus.
713 3975 715 3978 ¹
1066 3902 1214 3983 exigendo
1232 3922 1360 3967 cavere.
1385 3921 1418 3965 a.-
1438 3904 1555 3983 Dubia,
1576 3924 1644 3983 quar
1665 3901 1830 3980 respiciunt

305 3981 396 4047 Nota
419 4002 445 4045 r.
467 3984 630 4047 materiam
649 3980 853 4047 sufficientem*
877 3984 914 4044 iri
930 3980 1035 4046 deua-
1068 3982 1151 4050 attur
1170 3980 1284 4048 nosiros
1305 3983 1438 4049 relative
1454 3987 1490 4048 ad
1505 3984 1726 4051 conscientiam
1738 3982 1832 4046 inde·

258 4063 361 4127 itione
381 4060 418 4126 ad
442 4063 596 4142 mortale,
628 4063 665 4128 ad
693 4065 751 4127 lroc
778 4057 917 4129 sufficere
936 4065 1038 4127 etiarn
1067 4068 1212 4129 teriorem
1240 4081 1356 4140 partem
1385 4065 1612 4147 interpretanda
1636 4062 1727 4140 sunt,
1755 4063 1832 4128 alias

262 4149 294 4209 in
317 4139 502 4219 suspicione.
554 4218 557 4222 y
1067 4142 1187 4209 necesse
1207 4160 1273 4207 non·
1285 4139 1367 4208 soret
1392 4164 1515 4222 peccata
1534 4146 1623 4210 dubia
1643 4144 1809 4209 confitendi
1822 4185 1836 4218 ,.

303 4223 392 4287 Nota
420 4239 449 4286 a.
474 4223 553 4301 quod
578 4223 650 4289 licet
677 4236 766 4288 terto
792 4239 850 4302 app
883 4241 936 4287 cat
957 4244 1032 4297 opus
1066 4225 1202 4301 quodne
1217 4224 1337 4301 quidem
1352 4224 1738 4290 laviorerditereaudent'.
1757 4222 1833 4286 Non·

260 4303 307 4370 ab·
327 4305 433 4380 aliquo
452 4301 562 4368 fadum
586 4303 645 4368 esse
664 4324 704 4370 ex
723 4316 833 4383 genere
874 4324 913 4370 uo
933 4302 1032 4367 letha·
1068 4303 1139 4370 suut
1155 4319 1260 4369 tamen
1284 4303 1463 4380 explicanda
1485 4323 1521 4369 ut
1540 4324 1624 4369 certa
1645 4322 1711 4380 quae
1737 4302 1832 4366 dubia

260 4385 312 4462 ie,
332 4402 400 4448 nort·
414 4382 481 4448 ideo
498 4401 604 4449 tamen
624 4384 758 4448 iudicare
774 4380 820 4449 sas
839 4381 883 4448 eli
897 4403 968 4448 eum
982 4385 1030 4460 qui
1068 4385 1155 4449 sunt.
1174 4399 1201 4466 3.
1218 4382 1317 4447 Dubia
1336 4383 1373 4447 de
1389 4385 1474 4447 rebus
1494 4404 1530 4449 ut
1550 4388 1581 4448 in
1601 4384 1631 4448 se
1654 4382 1732 4460 finr,
1756 4395 1830 4458 puta

263 4468 310 4529 ita
326 4481 470 4542 operatus
498 4463 560 4541 esi,
590 4481 676 4528 certo
704 4483 790 4528 reum
813 4463 1032 4529 ellenrorttlis
1067 4461 1332 4546 numlconrratlus·
1352 4461 1389 4528 stt
1412 4466 1529 4540 licitus,
1557 4484 1618 4529 non
1643 4463 1713 4526 sunt
1740 4459 1829 4524 iniie-
1931 4488 1933 4490 ·

264 4543 362 4620 culpat
387 4563 401 4605 r*
429 4565 499 4608 narn
529 4541 624 4622 potesi
652 4542 714 4607 elie
744 4543 927 4609 excusabilis·
954 4543 1031 4621 apud
1065 4543 1170 4609 &enda
1186 4549 1217 4607 in
1238 4543 1394 4608 meliorem
1413 4555 1556 4623 partem,
1580 4542 1628 4607 sed
1648 4540 1829 4619 ponderibus
1918 4567 1921 4571 ·

263 4626 366 4688 Deum
389 4621 435 4687 ob*
450 4625 655 4705 ignorantiam
679 4625 912 4702 invincibilem,
929 4627 1031 4689 incon·
1067 4619 1126 4690 suit
1144 4625 1182 4690 dt
1202 4627 1364 4687 momentis
1384 4622 1578 4702 aestimanda,
1604 4626 1675 4701 quia
1697 4638 1771 4688 tunc
1801 4621 1833 4685 id

262 4703 499 4784 srderationem,
523 4704 643 4770 acideo
660 4702 866 4784 impersediam
888 4704 1033 4770 delibera·
1053 4715 1162 4768 'unum
1182 4706 1284 4782 agitur
1302 4719 1341 4768 ut
1358 4701 1557 4784 cognoscatur
1575 4708 1715 4781 veritas,
1730 4702 1768 4766 ἀ·
1785 4704 1833 4767 vi·

262 4787 407 4850 tionem,
432 4781 512 4849 Item
531 4783 618 4848 nulla
644 4783 718 4849 sides
745 4783 881 4857 habende
910 4786 1033 4851 incertis
1067 4801 1154 4850 tetur
1184 4785 1344 4862 illicitum,
1375 4803 1495 4851 necnon
1525 4782 1696 4852 timendum
1721 4779 1766 4845 esi
1793 4799 1833 4843 ne

260 4864 432 4931 rumoribus
452 4865 493 4929 de
517 4865 599 4931 ntalo
615 4885 708 4944 opere
734 4865 876 4941 alicuius,
891 4872 962 4932 euin
986 4866 1036 4926 iu··
1067 4867 1159 4930 alicui
1180 4862 1330 4929 inseratur
1350 4867 1477 4930 iniuria.
1493 4888 1522 4944 4.
1538 4863 1672 4941 Quando
1688 4859 1839 4940 agiturde

261 4945 421 5011 sanante.
434 4916 588 5011 ‘landem‘
604 4964 698 5011 extra*
717 4942 1033 5026 neceffitatbmment
1069 4944 1272 5024 praecavendo
1294 4943 1414 5027 nolito,
1442 4947 1493 5010 vel
1514 4946 1640 5010 alterius
1664 4941 1761 5015 malo,
1782 4938 1836 5004 vel
1932 4944 1935 4953 '

264 5024 382 5104 semper
409 5026 577 5090 cocr'cenda
603 5024 647 5090 tsi
668 5047 687 5091 a
707 5023 896 5105 suspitione,
919 5022 1034 5108 dubita·
1055 5026 1211 5090 'remedio
1225 5023 1413 5100 adhibendo,
1428 5024 1500 5088 dum
1521 5047 1583 5089 non
1602 5021 1722 5088 consiat
1737 5018 1844 5113 deb0-·

267 5108 372 5184 tione,
401 5123 437 5173 rr
463 5104 578 5170 iuditio
604 5105 642 5171 de
668 5106 798 5172 alterius
827 5106 985 5185 peccaris,
998 5124 1035 5170 ut
1069 5109 1173 5173 nitate
1188 5107 1340 5186 proximi,
1353 5104 1536 5248 licitumssebst
1552 5103 1690 5167 dubia-in
1706 5117 1845 5179 perorent¹

305 5196 311 5203 ’
992 5201 993 5205 ’
1557 5206 1578 5263 4
1736 5193 1809 5257 par-¹
