4425 6000
463 535 547 634 ‘456
703 532 875 608 Tutior.
902 552 959 605 ne
989 529 1243 609 sumeris
1272 526 1488 605 Eretriam
1516 529 1617 606 Cae.
1644 529 1712 607 111.

333 643 345 670 ·
414 632 475 714 si,
503 633 627 703 concedi
657 630 754 712 potest
787 633 913 696 liberior
938 630 1182 718 collatiuncula.
1258 627 1452 695 Excusantur
1478 630 1598 707 quidem
1631 625 1793 695 aieiunio
1824 627 1988 708 operarii,
2005 631 2050 698 ‘lv'

414 715 510 800 Quod
530 716 550 779 sl
568 717 719 782 alteruter
735 713 811 779 eslet
828 715 871 775 ita
886 708 1049 786 effraenus,
1065 726 1102 774 ut
1120 710 1181 773 sine
1219 710 1359 786 opisiccs,
1379 707 1539 787 omnesque
1555 714 1576 773 ii
1596 715 1646 788 qui
1667 730 1706 774 ex
1725 706 1830 797 officio
1851 710 1902 773 ves
1916 731 1987 786 pro-
2003 711 2050 770 ⁰ss

437 800 503 859 ravi
523 797 660 874 periculo
678 795 931 868 incontinentiae,
954 811 1009 854 nec
1030 789 1088 852 ulli
1112 808 1180 852 con·
1219 793 1283 866 pria
1301 805 1368 854 arte
1388 785 1418 853 se
1436 808 1583 854 exercent
1598 793 1630 853 in
1647 788 1798 854 laboriosis
1819 786 1986 866 operibus,
2002 775 2050 876 fl„

370 909 373 914 -
405 813 482 939 'silio
505 873 693 954 acquiescere
713 871 830 947 vellet,
850 877 911 933 imo
927 874 1002 934 rixae
1026 873 1184 932 orirentur
1217 868 1257 934 ob
1276 890 1342 945 quae
1364 867 1426 932 sine
1446 873 1532 955 gravi
1549 869 1736 935 incommodo
1758 873 1893 934 ieiunare
1921 889 1985 934 nou
2002 887 2050 939 uir

415 953 452 1020 dc
474 955 547 1022 odia
565 977 606 1020 ex
632 953 837 1019 inobedientia
858 951 1040 1030 compartis,
1058 947 1093 1014 ἃ
1117 947 1183 1012 hac
1219 949 1342 1018 valent.
1364 948 1581 1015 Huiuscemodi
1602 949 1673 1014 sunt
1699 950 1842 1029 agricole
1863 997 1872 1026 ,
1893 944 1987 1014 sollo-
2001 950 2050 1011 bu.

413 1034 503 1099 simul
530 1057 601 1101 cum
621 1036 735 1100 ieiunio
760 1032 924 1098 moraliter
953 1027 1097 1095 suslinere
1121 1049 1182 1092 non
1218 1051 1283 1108 res,
1305 1033 1484 1109 vinitores,
1516 1031 1590 1095 fabri
1613 1032 1731 1110 lignarii
1750 1079 1759 1108 ,
1778 1027 1817 1096 R.
1836 1025 1989 1108 ferrarii,

413 1115 535 1181 valeret
551 1116 613 1178 tale
628 1135 725 1192 onus,
740 1113 896 1179 crederem
915 1109 998 1188 quod
1013 1116 1047 1202 ὐ
1065 1108 1182 1174 talica·
1238 1110 1363 1188 islores,
1382 1112 1495 1188 baiuli,
1514 1108 1682 1187 similesque
1697 1110 1767 1186 alii,
1792 1131 1923 1186 qunnrru
1941 1111 1988 1176 la·

408 1194 637 1262 inconsultius
656 1193 731 1259 esset
752 1195 824 1259 huic
851 1192 1022 1272 indulgere,
1044 1187 1118 1254 idest
1139 1192 1183 1252 iu·
1216 1133 1271 1256 sor
1291 1194 1392 1269 gravis
1418 1191 1480 1270 cll,
1500 1188 1533 1257 dt
1551 1191 1641 1254 valde
1660 1210 1767 1267 corpur
1785 1187 1881 1254 desati
1904 1210 1985 1256 aru.

409 1275 516 1339 dicare
526 1271 604 1338 hanc
621 1295 682 1339 non
698 1278 796 1339 teneri
813 1272 851 1338 ad
867 1275 1016 1336 ieiunium
1034 1291 1104 1337 curn
1115 1287 1182 1333 tan·
1218 1271 1257 1332 Et
1278 1272 1335 1335 hoc
1356 1276 1444 1336 iuxta
1463 1272 1574 1362 multos
1597 1270 1829 1350 intelligendum
1849 1290 1867 1332 e
1900 1293 1914 1348 ·,
1935 1287 1984 1334 ta·

411 1371 450 1418 to
469 1351 678 1433 incommod03
700 1353 824 1431 &quia
853 1371 928 1416 tunc
955 1367 1076 1429 urgeret
1101 1349 1180 1412 debi·
1216 1349 1301 1437 metii
1322 1355 1537 1427 paupercsnon
1556 1348 1634 1426 lint,
1655 1351 1745 1414 modo
1767 1366 1872 1414 tamen
1895 1351 1984 1414 huiu-

411 1449 483 1498 tum
504 1432 629 1498 iustitia:
650 1481 659 1512 ,
685 1454 720 1499 ac
740 1433 826 1497 simul
849 1436 946 1497 ctiam
964 1430 1124 1494 charitatis
1144 1429 1182 1514 ob
1217 1431 1343 1494 scemodi
1363 1451 1455 1510 opera
1474 1448 1640 1495 exerceant
1655 1450 1695 1494 err
1711 1426 1833 1507 officio,
1854 1426 1984 1507 seupro·

453 1513 581 1578 ricusurn
601 1514 777 1579 detrimenti
800 1513 930 1578 alterius
951 1509 1118 1589 spiritualis
1140 1508 1182 1572 sa·
1218 1512 1283 1586 pria
1304 1530 1387 1582 arte.
1407 1512 1446 1574 Et
1469 1509 1525 1574 hoc
1541 1509 1699 1576 testaturS
1724 1508 1980 1575 lueslerbiscon·

425 1596 508 1670 utis,
528 1613 595 1669 quae
614 1612 724 1672 utpote
742 1592 779 1658 de
798 1597 864 1658 iure
882 1591 989 1655 divino
1010 1589 1180 1669 prevalent
1214 1589 1328 1655 cessum
1353 1588 1439 1655 suisl'c
1456 1589 1492 1654 ab
1512 1590 1671 1669 Eugeniol
1701 1635 1710 1653 .
1732 1595 1777 1655 ita
1798 1606 1834 1654 ut
1854 1611 1916 1655 non
1934 1607 1982 1655 te·

409 1689 568 1750 praecepto
591 1672 629 1736 de
650 1674 766 1737 ieiunio
793 1667 1009 1753 ecclesiastico,
1029 1667 1110 1749 quod
1138 1667 1180 1732 esl
1217 1689 1348 1735 neantur
1370 1673 1484 1736 cellere
1512 1670 1548 1738 ab
1564 1674 1716 1737 exercitio
1743 1669 1802 1735 suae
1834 1673 1910 1735 artis
1930 1669 1981 1734 seu

410 1753 449 1816 dc
470 1755 538 1818 iure
560 1750 690 1830 posrrivo
712 1755 864 1817 humano.
1216 1748 1406 1827 professionis
1430 1751 1465 1814 ad
1492 1751 1706 1816 ieiunandum.
1729 1751 1845 1815 Verum
1866 1771 1906 1815 eo
1930 1751 1979 1814 die

271 1839 396 1924 (mu,
455 1829 650 1896 Excusantur
671 1851 815 1908 pauperes
828 1836 880 1922 qui
896 1852 960 1898 non
977 1825 1181 1924 ¹habentquod
1215 1851 1275 1905 quo
1301 1851 1363 1894 non
1395 1831 1655 1920 laborant,pura
1675 1830 1697 1893 si
1725 1831 1786 1895 dies
1813 1824 1906 1894 sellus
1933 1851 1985 1924 oc-

415 1909 1055 2056 uisuntur{statuuat
1072 1907 1181 2052 tete
1215 1915 1371 2055 istrie
1396 1909 1672 2054 tristetur
1692 1910 1981 1974 ⁶

326 2017 337 2041 0
648 2043 653 2058 ἱ
760 2016 770 2053 ι
1156 2016 1183 2056 .-
1914 2037 1918 2050 r
1973 2021 1983 2036 ο

238 2091 248 2124 r
412 2012 543 2134 ssionem
557 2013 674 2146 ,qdocet
700 2072 729 2132 S.
749 2071 809 2134 Th.
827 2093 853 2150 q.
874 2092 938 2150 147.
961 2083 1018 2132 ara.
1039 2093 1068 2148 4.
1091 2068 1133 2131 aa
1148 2089 1181 2154 q.
1216 2070 1290 2133 dum
1313 2039 1384 2134 non'
1402 2087 1586 2148 paterentur
1605 2071 1645 2134 ob
1669 2013 1800 2134 latiorem
1823 2069 1883 2131 diei
1910 2089 1984 2144 pra·

414 2173 474 2214 non
497 2147 633 2229 excusari
653 2163 766 2229 propter
792 2166 993 2230 paupertatem
1022 2173 1042 2212 a
1061 2148 1181 2211 ieiuniis
1217 2151 1325 2229 ceriti,
1346 2168 1401 2213 aut
1419 2147 1530 2214 iudicio
1548 2148 1729 2236 prudentum
1751 2148 1901 2212 imabrles
1916 2147 1985 2213 red·

416 2232 569 2309 Ecclefiae.
591 2231 700 2296 Abbir
724 2251 846 2309 tamen,
867 2234 935 2296 ibid.
947 2235 992 2295 ait
1007 2231 1036 2293 S.
1049 2229 1180 2300 Ductor,
1216 2229 1361 2298 derentur
1380 2230 1417 2294 ad
1437 2230 1571 2294 laborem
1586 2231 1645 2296 dici
1656 2231 1826 2307 sequentis.

414 2313 554 2402 excusari
571 2311 638 2374 illos
655 2315 705 2389 qui
715 2310 867 2398 srullatim
881 2309 1089 2390 eleemosynas
1098 2328 1180 2371 rnen·
1257 2311 1329 2374 Nou
1344 2308 1529 2402 excusantur
1552 2330 1653 2376 tamen
1674 2331 1713 2374 ex
1734 2311 1889 2376 conununi
1915 2308 1980 2373 Do·
1994 2301 2041 2357 Μ

413 2390 539 2469 dicant,
560 2393 612 2467 qui
633 2412 696 2458 non
719 2394 839 2480 poliunt
868 2392 955 2456 simus
976 2391 1084 2456 babere
1102 2389 1180 2465 quod
1215 2390 1330 2456 storum
1347 2389 1493 2467 Notarir,
1508 2389 1639 2468 Seribae,
1654 2391 1803 2468 Pislorcs,
1821 2387 1980 2454 barbiton·
1996 2381 2050 2478 {42¹¹

413 2474 459 2534 cis
481 2471 519 2535 ad
536 2470 648 2536 vidium
663 2469 813 2538 subiciat.
1216 2471 1315 2549 sores,
1334 2472 1477 2536 Sartorec
1498 2518 1515 2557 ,
1532 2470 1725 2555 Typograpbi
1746 2475 1796 2547 qui
1826 2457 1892 2532 n'on
1920 2487 1981 2533 tra·
1996 2493 2050 2544 „nr

274 2545 401 2605 Erimus·
458 2549 639 2614 Exinrunrur
661 2558 742 2629 pueri
765 2573 838 2618 ante
858 2575 975 2617 annum
990 2570 1037 2614 21.
1048 2549 1178 2626 comple·
1216 2551 1297 2617 blant
1327 2552 1471 2626 tortula,
1500 2553 1550 2618 sed
1583 2551 1766 2637 charasleres
1796 2548 1981 2613 solummodo
1998 2555 2050 2607 nm

274 2627 398 2677 ΜΡΝ·
416 2646 484 2695 tum
503 2649 543 2695 ex
563 2633 698 2710 generali
720 2633 861 2698 Ecclesiae
890 2632 1113 2719 consuetudine
1137 2633 1180 2719 ira
1217 2649 1422 2710 componunt,
1440 2632 1589 2714 sutores,
1610 2634 1629 2692 ii
1659 2633 1827 2707 praesertim
1853 2633 1902 2706 qui
1922 2650 1981 2691 non
1996 2624 2034 2673 &³-

274 2690 621 2794 {fficotumuniter
648 2731 772 2789 accepta
805 2715 838 2778 dt
872 2711 1023 2800 intellesta
1050 2759 1058 2786 ,
1094 2713 1180 2803 sicuti
1217 2710 1982 2798 strunt,sedsolunrscirrduntcorium,matcriaru-

274 2805 386 2916 fill*
413 2795 622 2936 ‘semels‘
646 2790 783 2936 slllm
796 2791 1073 2936 ”satulli
1086 2792 1179 2933 3:23·
1216 2813 1277 2936 sl*
1294 2791 1610 2936 “still-lusus
1624 2789 1981 2936 institutit

343 2895 352 2915 ⁸
526 2917 533 2931 ⁸
593 2918 600 2933 Ι
639 2918 646 2933 ·
740 2917 746 2931 ι
1168 2899 1182 2914 n
1423 2894 1431 2932 i

413 2974 475 3029 rr,
496 2961 561 3016 turn
578 2893 693 3033 prsprer
719 2890 1084 3035 nrsrsssmsm‘augmeuti
1104 2948 1184 3029 quod
1218 2896 1438 3031 aliirfquourunr
1457 2891 1659 3031 labosgravu
1688 2971 1750 3016 non
1770 2919 1833 3026 cll,
1861 2968 1917 3042 nec
1928 2891 1978 3011 qtir
2025 3004 2029 3015 .

409 3035 449 3112 fit
469 3032 506 3097 de
526 3033 636 3112 refiduo
656 3034 805 3099 alimenti.
828 3035 896 3099 Nec
911 3034 1008 3097 obstat
1028 3030 1107 3107 quod
1126 3031 1181 3095 ali·
1217 3057 1288 3097 cum
1300 3050 1408 3112 magna
1424 3033 1612 3111 agitatione,
1632 3031 1751 3108 quando
1763 3052 1859 3094 unam
1875 3027 1981 3093 iustam

413 3132 484 3254 232}
497 3114 647 3255 {metim
669 3133 787 3255 ιεῒφφυε
808 3134 870 3209 nou
887 3114 1046 3256 {adigam
1065 3110 1180 3253 olbeag
1219 3111 1411 3208 resedlionem
1427 3111 1546 3255 dbabehe
1570 3111 1726 3255 vtalessainrgi
1740 3109 1981 3263 misna&

416 3212 515 3350 latos,
531 3213 575 3333 sss
590 3212 757 3334 31?stss
760 3212 798 3334 {ue
800 3212 1082 3363 rsstltectsd‘st'irstssrsod
1099 3212 1182 3332 egerr-
1219 3214 1464 3337 sllelssactissnslqlo
1477 3213 1714 3349 {sosoisrtsonem
1730 3212 1982 3359 ¹siros'cripsitquz

413 3353 568 3425 munitet,
588 3348 622 3414 ἃ
643 3352 674 3413 in
695 3352 831 3431 pluribus
852 3352 982 3416 accidit.
1005 3352 1115 3413 Monet
1133 3364 1181 3412 ta·
1219 3371 1344 3417 numero
1362 3351 1406 3415 esl
1429 3349 1609 3432 trigesima:
1640 3355 1747 3416 Omnes
1769 3350 1914 3430 Offirrases
1935 3368 1980 3426 qut

415 3449 486 3491 men
510 3430 539 3491 S.
565 3427 697 3508 Dollor,
715 3452 749 3494 ut
776 3435 901 3494 iuvenes
923 3448 997 3494 ante
1026 3430 1083 3493 hoc
1103 3447 1181 3492 tem·
1217 3433 1249 3497 in
1271 3432 1440 3509 Republica·
1458 3431 1640 3509 corporaliter
1668 3428 1819 3507 laborant,
1838 3427 1912 3509 sunt
1937 3448 1983 3492 ex·

414 3529 469 3585 pus
491 3511 558 3587 plus
580 3508 720 3575 minusve
737 3510 899 3575 secundum
922 3509 981 3573 suae
998 3512 1101 3574 atatis
1117 3528 1182 3571 mo·
1216 3512 1309 3590 ausari
1327 3510 1540 3591 adalligatique
1559 3509 1867 3587 teterrimarum
1883 3507 1982 3588 secer·

413 3588 486 3651 dum
510 3594 668 3668 ieiunent,
689 3608 726 3654 ut
750 3612 820 3655 curn
847 3606 966 3667 tempus
986 3590 1181 3668 obligationis
1218 3596 1329 3673 tifieare
1349 3615 1387 3654 an
1408 3590 1488 3655 lusor
1508 3593 1547 3671 fit
1567 3591 1755 3669 compassibilis
1772 3610 1843 3654 rum
1855 3589 1980 3655 ieiunio.

413 3672 459 3737 eis
479 3668 657 3756 adveneriq,
676 3667 798 3735 facilius
820 3691 887 3735 earn
909 3687 1102 3746 exequantur
1119 3713 1128 3746 ,
1148 3667 1181 3734 ἀ
1257 3669 1439 3736 Professores
1459 3692 1551 3748 vero,
1570 3672 1642 3734 idest
1662 3669 1803 3734 Lesiores
1819 3690 1856 3734 ac
1871 3669 1983 3733 Cathc·
1997 3676 2050 3744 quil

416 3751 569 3826 precipue
589 3769 625 3813 ut
640 3753 738 3814 carnis
761 3749 1057 3826 concupiscentiam,
1075 3748 1181 3826 quibus
1217 3752 1326 3815 dratici
1351 3751 1536 3829 Theologiae
1558 3751 1747 3828 aliarumque
1768 3749 1984 3822 scientiarum,

415 3848 493 3892 runc
510 3848 775 3907 naturacorrupta
790 3830 1182 3906 exaesluat,iciuniococr·
1218 3831 1338 3907 quando
1364 3832 1399 3894 ad
1421 3831 1560 3894 ln‘lones
1581 3831 1730 3907 discipulis
1754 3829 1907 3895 dislandas
1936 3812 2050 3919 ruffi*

326 3981 331 3991 ί
415 3923 526 3987 ceant.
543 3910 682 3972 Antoine
696 3931 767 3973 cum
782 3911 870 3975 aliis.
1220 3908 1430 3987 plicandasque
1458 3932 1571 3990 magno
1595 3912 1729 3989 indigent
1755 3908 1855 3975 sludio
1876 3914 1983 3987 impro
1999 3940 2050 3982 na.

174 3992 178 4001 “
279 3976 399 4046 Quarta
455 3986 545 4071 Circa
567 3985 1110 4066 veros'enes,tametliexislinient
1131 3990 1180 4050 alii
1218 3992 1314 4067 boque
1335 3990 1698 4069 labore,excusantura
1718 3992 1851 4066 ieiunio,
1873 4012 1944 4055 nam
1964 3989 2050 4073 lister

321 4060 327 4094 ¹
346 4056 375 4097 ¹¹¹
390 4083 400 4103 ·
413 4070 510 4131 eximi
531 4086 548 4130 a
570 4062 686 4132 ieiunio
710 4068 956 4147 septuagenarios
978 4118 986 4143 ,
1013 4071 1182 4149 communis
1219 4091 1343 4146 magnus
1364 4070 1445 4133 labor
1460 4072 1626 4148 corporalis
1648 4069 1684 4135 ab
1703 4089 1797 4133 onere
1815 4074 1922 4135 ieiunii
1933 4090 1982 4133 ex·
1995 4077 2043 4129 8¹²·

414 4162 522 4211 tamen
539 4188 549 4224 ,
574 4150 637 4211 imo
650 4152 839 4213 cornmrmior
855 4148 1004 4211 sententia
1027 4147 1093 4221 cll,
1114 4147 1182 4209 n'ul·
1219 4150 1325 4226 cusat,
1345 4155 1412 4226 quia
1429 4152 1574 4213 ieiunium
1590 4151 1730 4213 debilitat
1747 4154 1850 4226 vires,
1870 4170 1911 4215 eo
1925 4168 1985 4213 ma·

416 4228 481 4290 lum
518 4225 579 4317 esse
603 4246 658 4304 pro
682 4225 728 4292 his
750 4224 956 4293 constitutum
986 4248 1105 4304 tempus
1125 4249 1183 4302 quo
1218 4232 1261 4308 gis
1281 4229 1436 4317 exculabit
1459 4230 1542 4294 labor
1564 4232 1699 4309 ingenii,
1720 4233 1768 4307 qui
1790 4230 1863 4295 duni
1883 4233 1986 4295 conti-

285 4310 351 4355 ··l'
412 4304 577 4371 liberisue
599 4305 644 4370 as
681 4308 1183 4385 eieiunii,·eoquiaasiicitius,
1219 4331 1297 4372 nuus
1321 4308 1529 4380 ell,salutem
1556 4313 1678 4385 penitus
1705 4309 1857 4375 destruit.
1882 4310 1923 4375 Et
1952 4328 1987 4373 to

342 4396 359 4417 '¹
387 4386 394 4415 '
417 4381 514 4448 serius
529 4384 579 4449 alii
603 4388 660 4449 viri
684 4407 717 4451 us
733 4386 896 4461 delicians,
912 4408 953 4474 'ar
969 4386 1183 4464 insinuentur,
1219 4390 1269 4452 vel
1286 4393 1419 4453 maxime
1437 4390 1517 4466 quod
1535 4387 1665 4454 sludium
1682 4390 1849 4455 nobiliores
1867 4390 1987 4468 spiritus

413 4466 461 4529 ira
488 4476 525 4530 dt
551 4463 685 4540 pluribus
711 4468 837 4531 modicis
869 4466 1079 4531 resellionibns
1107 4465 1184 4529 indi·
1219 4466 1370 4547 insumat,
1393 4471 1629 4545 naturalemque
1646 4471 1783 4534 calorem
1803 4473 1985 4537 imminuat.

412 4558 538 4621 etant,
571 4544 643 4609 aliar
672 4544 781 4621 passuri
816 4566 910 4625 prave
929 4564 1184 4633 nocumentum.
1220 4547 1311 4611 Unde
1332 4553 1382 4626 qui
1404 4552 1526 4628 ingenio
1549 4552 1637 4614 valde
1664 4551 1803 4615 laborant
1824 4601 1834 4630 ,
1858 4570 1988 4616 cumen

414 4630 526 4699 Senes,
543 4626 571 4706 fi
591 4624 720 4689 multum
736 4625 944 4716 ,sume-siser,
965 4648 996 4690 eo
1014 4630 1098 4717 uredo
1123 4630 1184 4716 20)-
1220 4648 1280 4691 uns
1300 4648 1389 4705 parre
1406 4634 1507 4705 potius
1524 4630 1822 4696 leviter-seresicerc
1833 4632 1986 4703 debeant,

407 4702 483 4793 [unt
501 4703 656 4782 excusari,
670 4706 758 4783 ,scuti
776 4706 890 4795 ditium
910 4708 947 4785 qs
966 4707 1002 4770 de
1027 4712 1183 4785 infirmrr,·
1219 4729 1257 4771 ne
1275 4709 1395 4785 spiritus
1426 4711 1459 4775 &
1479 4712 1562 4773 calor
1587 4712 1739 4775 naturalis
1761 4711 1858 4777 sludio
1882 4712 1984 4776 debili·

414 4798 528 4850 rarione
546 4795 647 4875 autem
687 4790 830 4853 mellaris
850 4798 990 4863 uniunt,
1008 4808 1068 4875 nors
1091 4808 1182 4853 excu-
1219 4792 1278 4853 tati
1301 4790 1407 4855 acibo
1436 4788 1646 4870 suffocentur,
1676 4792 1709 4857 ἃ
1735 4792 1791 4858 siat
1815 4790 1985 4867 impersesla

411 4862 522 4945 santur
540 4866 565 4947 fi
578 4872 638 4942 suet
670 4866 812 4952 ordered
831 4860 992 4956 ferendum
1012 4867 1183 4944 ieiunium,
1217 4867 1392 4948 digeslio&
1410 4875 1505 4935 noxia
1527 4870 1637 4945 saluti,
1657 4871 1691 4938 ἃ
1714 4894 1752 4937 ex
1785 4880 1843 4940 alia
1874 4892 1985 4953 egeant

417 4943 525 5023 nerrst
544 4944 747 5033 determinata
766 4956 838 5007 atas
858 4946 1029 5023 abaliquo,
1050 4944 1186 5026 usquead
1218 4952 1312 5015 etiam
1337 4950 1510 5031 alimento,
1531 4972 1567 5016 ur
1594 4953 1726 5019 laborem
1753 4954 1901 5018 sustinere
1930 4976 1985 5020 va-

372 5110 375 5115 ¹
415 5042 486 5165 §aas
504 5044 595 5119 annm
613 5042 682 5100 qius
712 5036 848 5119 tenentur
874 5024 1184 5095 adieruriunr.1ra
1219 5028 1327 5107 leant,
1344 5031 1462 5097 necesse
1483 5032 1594 5097 habent
1618 5052 1652 5099 ut
1673 5036 1791 5100 modice
1846 5036 1894 5099 sed
1922 5036 1988 5111 plu·

441 5102 617 5171 .Antonrn.
631 5118 660 5165 a.
678 5124 709 5183 p.
727 5122 778 5171 nt.
801 5106 829 5167 6.
847 5124 913 5172 cra.
937 5110 964 5173 s.
975 5127 1004 5183 5·
1221 5112 1278 5177 ries
1299 5108 1504 5243 reficiantur,
1517 5113 1632 5184 idcirco
1651 5113 1794 5191 censendi
1802 5085 1876 5184 sunt
1886 5136 1989 5281 egueru-
