4425 6000
474 496 551 570 ¹⁷4
765 471 971 547 Tirer.
998 465 1062 546 rie
1090 473 1412 550 Coris-rici.
1438 475 1632 552 Canii.
1900 523 1910 550 .

415 579 472 644 cei
495 570 575 655 poffit
605 570 635 636 ei
660 569 983 651 vendendarum,
1005 572 1082 652 quod
1104 571 1182 652 pair·-
1218 575 1267 643 vis
1283 573 1387 652 nulla,
1405 591 1460 641 aut
1474 574 1630 642 necessitas
1650 569 1802 640 inferatur
1821 567 1954 655 ,emptori
1973 613 1985 656 p

417 668 485 724 tur.
1118 724 1121 730 ,
1219 654 1295 722 aliar
1326 652 1360 719 ἃ
1398 652 1496 721 usuiae
1525 677 1565 721 ex
1597 657 1656 721 hoc
1681 655 1799 733 pollent
1828 658 1987 734 retineri,

459 737 520 799 llic
542 750 645 799 tamen
665 732 728 796 duo
749 730 819 798 lunt
835 729 998 811 notanda,
1027 752 1056 797 1.
1073 730 1184 798 debete
1219 734 1338 824 quando
1357 750 1499 799 mutuum
1519 737 1636 813 petitur
1650 734 1689 800 ad
1706 729 1775 799 ulus
1793 755 1858 798 non
1882 733 1983 799 neces·

417 814 611 886 venditorem
630 831 754 878 monere
769 831 939 892 emptorem
953 833 1009 878 cur
1030 832 1095 880 reni
1116 810 1179 890 plu·
1220 814 1328 892 iarios,
1350 831 1385 878 ut
1408 815 1446 882 ad
1465 815 1569 881 ludum
1587 814 1646 881 &e
1663 814 1730 880 lmo
1759 813 1853 891 posset
1877 814 2002 880 vendi·

348 903 353 912 ”
417 899 460 963 tis
485 899 514 962 ei
543 894 660 959 vendat
689 913 779 969 quam
802 893 911 959 valeat
943 892 1106 958 secundum
1127 889 1185 971 se,
1220 913 1271 959 tor
1288 913 1351 957 rem
1373 915 1464 969 quam
1481 895 1594 962 iudicat
1617 896 1886 973 seleucenum,
1904 911 1986 960 veti·

417 978 492 1053 quia
507 970 589 1040 sorte
610 971 704 1037 nollet
723 990 845 1050 emptor
863 975 1010 1038 redimere
1021 992 1183 1052 augumeu·
1219 974 1288 1037 dere
1308 974 1393 1036 mille
1417 977 1539 1050 quando
1554 978 1695 1053 Princeps
1717 1025 1725 1053 ,
1755 978 1805 1038 cui
1835 974 1902 1038 liaec
1923 973 1987 1052 pla·

418 1074 455 1120 to
469 1057 560 1134 pretii
576 1052 746 1119 venditoris
766 1054 1010 1118 incommodum.
1032 1074 1060 1115 2.
1071 1053 1100 1114 Si
1110 1072 1185 1119 ven·
1219 1070 1331 1133 cerer,
1358 1053 1514 1136 libenter,
1539 1054 1575 1121 dt
1600 1054 1662 1118 sine
1694 1055 1756 1121 ulla
1784 1057 1987 1132 repugnantia

417 1136 500 1200 ditor
531 1153 593 1197 rem
612 1132 695 1196 snam
719 1131 807 1206 ultro
832 1133 1022 1197 vendendam
1040 1130 1152 1197 offerat
1177 1179 1185 1208 ‚
1221 1154 1417 1213 quocumque
1437 1139 1539 1210 pretio
1554 1155 1621 1199 eam
1639 1154 1817 1212 comparare
1838 1132 1960 1199 vellet.

322 1267 325 1272 .
419 1236 482 1280 nnn
501 1210 597 1290 potest
617 1211 781 1288 quidquam
795 1231 834 1276 ex
855 1212 973 1277 iustitia
992 1215 1113 1290 exigere
1130 1232 1185 1287 pio
1260 1214 1327 1278 Nec
1353 1213 1506 1278 ullatenus
1548 1213 1657 1279 obsunt
1689 1218 1793 1293 primae
1826 1210 1989 1278 sententiar

418 1293 530 1358 damno
542 1308 736 1370 emergente,
756 1296 829 1368 quia
851 1313 912 1356 non
923 1308 1052 1356 tenetur
1062 1308 1184 1367 emptor
1220 1307 1406 1357 momentaa
1432 1294 1513 1358 Nam
1531 1295 1630 1372 quoad
1655 1298 1786 1372 primum
1814 1292 1863 1358 lex
1889 1291 1986 1359 allate

419 1389 562 1439 avertere
585 1370 838 1450 incommodum„
865 1373 953 1437 citius
981 1369 1040 1448 ipse
1062 1367 1186 1436 nonest
1221 1372 1418 1453 intelligenda
1433 1371 1477 1436 est
1491 1376 1576 1439 intra
1586 1373 1784 1439 latitudinem
1800 1370 1869 1437 lulli
1885 1371 1987 1452 pretii,

418 1452 550 1530 curiis,
575 1449 610 1516 dt
637 1449 718 1528 quod
741 1451 824 1516 alter
852 1451 959 1529 sponte
979 1451 1075 1516 subire
1090 1449 1181 1515 vult.
1220 1451 1434 1516 cumexceffus
1444 1455 1533 1528 pretii
1545 1456 1576 1516 in
1587 1454 1652 1518 aliis
1663 1453 1775 1532 legibus
1787 1450 1988 1530 reprobetur.

396 1579 406 1598 .
422 1534 472 1596 Sic
485 1529 736 1596 salmanticenses
750 1578 758 1606 ‚
774 1529 952 1613 Tournely,
971 1531 1005 1597 dt
1021 1532 1071 1594 alii
1080 1576 1089 1592 .
1221 1532 1330 1610 Quoad
1346 1531 1509 1595 secundum
1520 1553 1613 1611 vero,
1629 1553 1755 1597 cumres
1765 1530 1915 1598 naturale
1925 1549 1989 1608 prt-

460 1610 620 1676 Mercator
640 1608 693 1697 sub
717 1629 874 1686 pretextu
898 1612 1090 1688 particularis
1117 1608 1188 1675 affe·
1224 1620 1303 1678 tium
1321 1609 1482 1676 nonhabet
1493 1615 1524 1675 in
1544 1609 1613 1677 soro
1630 1612 1869 1692 ,recurrendum
1888 1607 1933 1676 est
1952 1609 1990 1674 td

420 1691 483 1756 ilus
499 1711 631 1754 mercem
650 1690 732 1753 luam
759 1695 860 1754 carius
884 1693 1017 1756 vendere
1045 1711 1109 1755 non
1139 1690 1190 1753 de·
1223 1713 1276 1757 eos
1301 1739 1311 1769 ‚
1331 1694 1382 1768 qui
1403 1693 1551 1756 maiorem
1568 1693 1713 1757 notitiam
1729 1690 1845 1757 habent
1864 1737 1874 1767 ‚
1890 1709 1926 1753 ac
1945 1684 1988 1768 se·

422 1772 476 1836 bet
493 1818 504 1851 ‚
533 1774 601 1848 quia
618 1789 658 1832 ex
671 1772 740 1833 eius
756 1766 861 1835 officio
878 1787 1007 1836 tenetur
1023 1771 1085 1834 elle
1102 1790 1188 1846 para·
1223 1774 1325 1838 curius
1341 1791 1409 1835 eam
1432 1769 1584 1837 aeslimate
1610 1771 1756 1848 possunt.
1780 1769 1829 1837 nd
1858 1769 1989 1838 tertltvn

423 1871 474 1934 tus
494 1849 531 1915 ad
546 1869 593 1913 res
608 1847 674 1913 suas
690 1848 770 1912 iusto
788 1854 888 1926 pretio
909 1851 1102 1914 alienandae·
1123 1848 1193 1924 Qui·
1224 1853 1349 1917 tandem
1359 1869 1481 1928 emptor
1498 1852 1527 1915 id
1551 1853 1632 1930 quod
1649 1852 1702 1917 dat
1718 1872 1780 1916 non
1801 1850 1897 1930 gratis
1918 1847 1990 1926 dat,

424 1950 502 2016 voro
526 1949 590 1993 non
622 1928 665 1990 est
701 1928 836 2003 publicus
861 1946 1015 1994 mercator
1047 1926 1191 1994 alleslum
1224 1928 1273 1996 sed
1289 1947 1326 1995 ut
1346 1924 1540 2008 pretium‘rei
1564 1952 1575 2008 ς
1598 1951 1754 2008 perperam
1780 1932 1876 2010 igitur
1900 1943 1991 2006 puta·

422 2009 509 2073 lirum
528 2013 610 2072 intra
632 2010 759 2073 rationis
779 2029 816 2072 ac
835 2008 1056 2074 moderationis
1087 2011 1188 2074 termi·
1226 2009 1479 2077 retureitcellum
1499 2012 1703 2088 condonare,
1732 2008 1786 2075 nili
1803 2006 1893 2089 signia
1922 2008 1989 2074 evi·

424 2110 482 2152 nos
504 2088 647 2151 reducere
666 2086 755 2152 debet
773 2135 783 2167 ‚
803 2108 842 2153 ne
858 2092 975 2154 enormi
992 2092 1090 2166 pretio
1110 2089 1188 2151 redi·
1226 2089 1366 2156 dentibus
1387 2088 1443 2152 hoc
1464 2088 1700 2184 demonstraret.
1733 2167 1812 2234 Do&
1954 2165 1963 2180 .

541 2213 550 2229 .
1517 2213 1524 2231 .
1952 2187 1961 2228 i

214 2301 217 2308 .
285 2236 354 2299 ΨΜ
379 2237 411 2286 <¹²
425 2187 639 2312 malllllicultas
654 2266 715 2311 non
737 2245 815 2312 levis
830 2248 964 2312 occurrit
978 2249 1059 2312 circa
1077 2265 1189 2322 eaquae
1226 2171 1741 2326 reillzlletlllnrllrlsrecillzelrlreerii
1771 2183 2022 2324 mptrffiissamo's

283 2317 492 2418 ζπζῖᾞζηοη
519 2326 633 2391 habent
661 2330 802 2408 pretium,
819 2346 962 2392 taxatum
987 2347 1004 2391 a
1023 2327 1193 2403 Principe,
1225 2349 1319 2407 quani
1337 2345 1444 2391 earum
1462 2376 1470 2402 ,
1491 2327 1527 2391 de
1547 2348 1674 2402 quarum
1694 2328 1804 2417 valore
1822 2326 1996 2392 communi·

285 2433 383 2490 min,
427 2429 485 2472 nec
500 2407 739 2471 determinatum
772 2410 930 2484 evulgari
955 2405 1187 2482 estimatione,
1226 2425 1274 2472 ter
1293 2405 1434 2471 constat.
1458 2407 1544 2470 Nota
1562 2428 1590 2469 z.
1613 2430 1628 2471 r
1648 2429 1661 2472 s
1681 2406 1821 2485 quasdam
1837 2404 1920 2484 apud
1940 2421 1996 2470 nos

284 2509 342 2561 quii
359 2511 410 2544 ron
428 2507 465 2551 ut
491 2507 616 2565 gemmae
639 2533 648 2562 ‚
671 2490 738 2561 equi
765 2486 910 2563 pretiosi,
930 2505 1044 2562 tanes,
1071 2488 1191 2549 eximiae
1227 2484 1414 2563 vilissimas,
1444 2491 1545 2565 magni
1563 2427 1646 2565 apul
1662 2488 1740 2551 alios
1754 2483 1899 2552 aestimari
1923 2533 1933 2560 ,
1960 2497 1997 2548 ut

288 2560 552 2670 hibe{nh-,veteres
572 2565 693 2643 piilurae
718 2586 791 2629 num
813 2566 905 2630 vendi
937 2563 1045 2642 poffint
1067 2565 1192 2628 arbitrio
1227 2566 1304 2642 apud
1325 2565 1413 2630 Indoi
1433 2561 1552 2641 specula
1578 2616 1587 2645 ‚
1614 2565 1765 2644 cultelli,
1794 2564 1829 2631 dt
1849 2561 2000 2629 vicissim.

285 2637 356 2735 {22¹¹
369 2639 411 2736 ¹:2¹
429 2649 564 2723 domini,
584 2645 655 2708 ideli
675 2649 783 2720 quanti
805 2644 854 2708 liic
871 2645 1025 2710 voluerit.¹
1039 2644 1192 2708 Multiita
1228 2648 1310 2710 Hinc
1330 2666 1401 2710 cunr
1422 2645 1585 2711 aestimatio
1600 2648 1767 2710 communis
1784 2645 1998 2722 pretiumcon·

288 2726 586 2800 {rumnecsentiunm
608 2746 642 2788 ut
665 2723 1192 2803 Toletus‚Sotus‚Banneziiixt'a
1228 2726 1334 2790 ilituat
1358 2774 1366 2803 ,
1392 2745 1438 2788 res
1470 2724 1635 2790 huiusmodi
1659 2727 1759 2803 pretio
1777 2745 1826 2789 ma
1848 2719 2003 2788 novendi

291 2831 305 2863 a
323 2815 414 2866 Prien.
431 2811 498 2886 Leg
519 2826 544 2866 i.
556 2801 590 2867 ff.
605 2806 647 2866 ad
652 2805 851 2884 Senatuscms.
862 2804 1038 2869 Trebellian.
1057 2805 1108 2869 ubi
1125 2804 1165 2868 sic
1182 2828 1192 2866 .·
1229 2806 1367 2885 poliunt.
1386 2806 1472 2870 Nora
1487 2820 1512 2884 3.
1529 2828 1597 2870 cum
1608 2804 1752 2885 Banna,
1769 2741 1897 2880 aliisve,
1919 2799 2002 2880 quod

288 2894 339 2941 v‘i
367 2892 413 2928 Μ(
430 2892 563 2951 Tantum
580 2885 662 2949 valet
677 2905 725 2948 res
739 2899 884 2963 quantum
898 2885 1103 2964 vendipoiest,
1122 2889 1193 2961 quia
1229 2885 1249 2950 ii
1270 2903 1334 2950 tam
1355 2885 1489 2949 vendens
1516 2906 1607 2962 quam
1626 2903 1729 2949 emens
1754 2887 1887 2963 pretium
1917 2885 2006 2958 igno·

288 2957 320 2993 '¹⁸
335 2957 410 3007 Μ’
429 2989 483 3046 pro
504 2969 550 3030 his
570 2982 732 3030 nonextat
749 2969 880 3043 pretium
898 2965 1014 3045 legale,
1033 2985 1089 3032 nec
1104 2983 1194 3031 natu·
1231 2986 1299 3034 rent
1319 3014 1329 3045 ,
1350 2965 1384 3032 ἀ
1403 2966 1432 3029 le
1453 2969 1592 3044 ignorare
1612 2961 1739 3031 scientes
1768 2961 1805 3027 de
1825 2983 1865 3027 eo
1883 2979 2006 3029 conve·

428 3049 493 3112 rale
506 3070 516 3125 3
531 3045 614 3109 unde·
628 3061 704 3110 tunc
721 3044 972 3122 inllumpretium
987 3044 1194 3119 illudceoseii·
1230 3052 1338 3123 niant,
1355 3045 1440 3110 valet
1459 3043 1649 3121 contradus,
1669 3044 1704 3111 ἀ
1725 3043 1806 3107 nulla
1822 3041 1867 3107 est
1885 3040 2008 3119 obliga·

429 3122 559 3189 domest
578 3174 586 3200 ,
609 3123 721 3209 dequo
738 3142 840 3201 par-tes
866 3130 1071 3191 convenerint
1091 3175 1100 3204 ,
1125 3129 1195 3202 quia
1231 3135 1277 3193 tio
1293 3126 1454 3204 quidquam
1474 3122 1669 3203 restituendi,
1687 3123 1758 3188 licet
1775 3122 1883 3201 aliquis
1892 3140 2011 3186 eorum

429 3227 499 3272 tum
526 3206 696 3267 huiusmodi
726 3227 773 3267 res
795 3204 935 3269 humanae
970 3209 1046 3270 vitae
1073 3205 1196 3269 inutiles
1231 3211 1325 3272 etiam
1341 3210 1375 3267 in
1393 3204 1523 3268 dimidio
1542 3202 1628 3268 larius
1644 3202 1681 3268 sit
1695 3244 1707 3278 p
1722 3205 1792 3343 quia
1809 3219 1944 3279 uterque
1960 3199 2009 3265 ita

430 3287 515 3363 lint,
545 3302 667 3359 emptor
684 3289 733 3360 qui
751 3305 801 3347 eas
828 3304 931 3347 emere
948 3287 1016 3349 vult
1046 3288 1198 3350 iudicatur
1232 3284 1443 3353 contrahendo
1459 3282 1533 3348 sorti
1562 3282 1592 3347 se
1611 3285 1721 3347 commi
1735 3298 1762 3345 it
1782 3326 1794 3358 p
1820 3298 1859 3353 ις’
1887 3279 1962 3345 ideo
1976 3270 2010 3343 le

431 3368 541 3445 sponte
556 3364 587 3426 id
603 3366 674 3426 dare
692 3366 791 3441 velle,
806 3364 884 3439 quod
906 3365 986 3428 alter
1001 3369 1097 3444 exigit
1120 3413 1129 3444 ,
1159 3387 1197 3431 ar:
1232 3364 1372 3443 exposuit
1400 3382 1465 3428 tam
1493 3364 1582 3429 lucro·
1603 3382 1695 3441 quam·
1720 3361 1866 3429 damno.
1888 3362 1921 3423 Si
1947 3378 2013 3424 ait·

431 3444 692 3522 excellumgiatis
706 3445 880 3511 condonare
890 3486 902 3507 .·
1235 3467 1299 3511 tem
1320 3443 1465 3508 venditor
1481 3442 1558 3508 solus
1580 3445 1698 3523 ignoret
1708 3445 1859 3519 pretium.
1879 3438 1933 3505 seu
1951 3456 2016 3505 va·

473 3521 619 3601 Opposita
637 3542 742 3589 tomen
773 3524 963 3591 verisimilior
984 3527 1107 3590 videtur
1128 3575 1137 3603 ,
1165 3525 1198 3591 ἅ
1235 3529 1330 3594 loreni
1350 3526 1459 3588 mercis
1480 3520 1559 3601 suae,
1576 3527 1745 3588 communis
1765 3518 1809 3584 est
1829 3521 2016 3585 teneriem‘

434 3610 478 3670 ita
496 3608 634 3667 sentiunt
646 3604 833 3670 caietanus.
852 3609 940 3685 Lugo
955 3656 962 3680 ‚
979 3605 1114 3684 Leffius,
1135 3607 1200 3670 alii·
1236 3627 1355 3686 prorem
1376 3604 1448 3667 illud
1468 3608 1496 3669 ei
1518 3607 1654 3682 aperire,
1670 3600 1690 3663 si
1709 3618 1853 3679 rogetur,
1867 3598 2013 3676 alloquln

433 3708 473 3750 ve
483 3688 572 3749 relati
585 3683 914 3761 aSalmanticensibiis,
931 3686 1202 3765 quosillilequun·
1237 3682 1344 3752 iniuste
1364 3686 1517 3759 deciperet
1537 3707 1545 3721 ·
1566 3681 1599 3749 dt
1615 3682 1635 3744 si
1654 3701 1716 3744 non
1739 3697 1894 3759 rogetur,
1921 3694 2020 3749 tener·

433 3788 503 3831 tur.
529 3766 611 3831 Nam
627 3769 648 3826 ii
664 3767 774 3829 docent
795 3787 841 3830 res
862 3768 982 3830 huiusce
999 3771 1118 3844 generis
1128 3789 1200 3833 ven·
1237 3788 1288 3833 tur
1309 3768 1408 3846 pretio
1429 3762 1505 3827 iulio
1524 3732 1630 3827 saltem
1640 3759 1744 3825 infimo
1754 3779 1875 3837 emere,
1891 3772 2019 3823 tamet-

434 3845 548 3925 dendps
567 3843 628 3908 else
649 3866 709 3909 non
728 3867 782 3922 pro
799 3846 926 3911 arbitrio
947 3848 1110 3911 vendentis
1128 3846 1201 3928 ,sed
1236 3848 1257 3911 li
1286 3869 1327 3918 ert
1357 3846 1531 3925 ignorantia
1551 3846 1650 3908 minus
1705 3856 1793 3905 tatur
1811 3885 1823 3917 ,-
1853 3838 2018 3909 aliusnon

435 3933 523 3989 iuxta
542 3945 736 3990 communem
757 3927 914 3990 bominum
941 3930 973 3989 in
994 3929 1081 3993 rebus
1103 3925 1203 3993 huius·
1238 3927 1417 3993 servaretur
1431 3918 1597 4001 aequalitas
1616 3945 1629 4000 ,·
1712 3916 1925 4015 iniiillurnuest
1946 3936 2016 3983 itm

434 4005 514 4069 modi
538 4004 780 4081 intelligentium
797 4005 1203 4084 aellimationem,alioquin
1237 4026 1366 4081 emere,
1395 4003 1446 4069 vel
1474 4000 1608 4073 vendere
1639 4003 1750 4065 minori
1788 4014 1892 4094 pretio
1920 4014 2021 4074 quam

434 4088 551 4149 incurri
567 4089 598 4147 in
619 4086 756 4152 debitum
777 4086 1004 4150 restitutionis.
1025 4088 1147 4153 Etenim
1159 4109 1204 4153 res
1238 4088 1391 4153 communi
1409 4082 1521 4149 iudicio
1541 4081 1648 4147 valeat
1670 4128 1680 4158 ,
1709 4101 1780 4146 cuin
1797 4094 1934 4156 pretium
1955 4076 2018 4143 liot

435 4185 632 4243 quacumque
655 4165 814 4230 vendenda
835 4167 876 4227 eli
897 4187 960 4230 non
977 4171 1076 4245 pretio
1087 4167 1206 4249 sumpto
1240 4169 1278 4232 lit
1295 4165 1460 4241 iniullum;
1482 4183 1553 4227 nam
1563 4161 1706 4227 venditor
1723 4160 1792 4225 vult
1809 4178 1877 4223 rem
1894 4154 2019 4221 vende·

434 4268 475 4310 ex
500 4247 613 4311 domini
636 4244 796 4321 arbitrio,
823 4241 871 4307 sed
887 4268 927 4311 ex
943 4250 1059 4312 iudicio
1076 4248 1205 4327 pmden·
1241 4269 1274 4313 re
1293 4243 1346 4312 suo
1360 4245 1438 4311 lullo
1455 4244 1553 4322 pre'tio
1575 4292 1585 4321 ,
1605 4263 1659 4305 nec
1680 4241 1701 4303 si
1722 4243 1822 4305 minus
1842 4259 1883 4305 ex
1902 4254 2017 4307 errore

436 4331 499 4403 tis,
519 4323 660 4412 spellatis
682 4329 847 4402 novitate,
862 4331 1075 4407 antiquitate,
1096 4331 1205 4395 rarita-
1243 4327 1404 4403 venderet,
1426 4322 1558 4387 intendit
1573 4320 1647 4385 illud
1668 4320 1750 4399 quod
1771 4320 1839 4399 plus
1858 4316 1950 4385 valet
1960 4314 2024 4411 ἀφ·

437 4424 500 4485 te,
530 4400 653 4481 aliisque
680 4405 917 4473 circumstantiis
944 4408 982 4472 ad
1003 4413 1046 4474 rei
1067 4410 1207 4474 valorem
1242 4427 1343 4483 naie3
1369 4406 1507 4485 ideoque¹
1517 4417 1667 4467 manente
1695 4402 1872 4481 ignorantia
1894 4414 2018 4474 qum

441 4486 694 4553 concurrentibus
716 4510 724 4551 r
745 4506 808 4550 non
825 4487 893 4551 ideo
908 4491 989 4551 enim
999 4510 1047 4555 res
1062 4491 1142 4554 tanti
1154 4511 1208 4555 va·
1243 4489 1397 4555 relaxatio
1425 4488 1456 4549 vi
1478 4482 1566 4560 ipsius
1590 4480 1647 4546 fiat
1678 4478 1742 4574 suis¹
1766 4476 1985 4573 venditoribus
2007 4522 2021 4556 ,

443 4565 516 4641 let,
544 4571 617 4643 quia
641 4587 761 4644 emptor
790 4564 843 4631 suo
873 4567 1064 4647 beneplacito
1092 4572 1208 4634 iudicat
1244 4590 1305 4632 non
1326 4565 1368 4629 esl
1386 4563 1585 4641 voluntaria,
1608 4583 1664 4626 nec
1681 4559 1807 4638 proinde
1826 4557 1931 4624 valida
1949 4600 1960 4616 .-

443 4651 525 4713 tanti
549 4647 680 4727 valere,
720 4646 768 4711 sed
792 4649 863 4723 quia
897 4654 1065 4723 peritorum
1093 4649 1209 4715 iudicio
1285 4646 1371 4710 Nota
1391 4693 1399 4720 ,
1419 4644 1475 4708 lioc
1497 4661 1601 4709 tamen
1619 4639 1852 4719 intelligendum
1872 4635 1965 4717 else,
1996 4630 2019 4695 si

442 4731 525 4792 tanti
549 4727 654 4793 valere
673 4729 862 4795 estimatur.
889 4730 991 4797 Nemo
1018 4748 1122 4800 autem
1141 4748 1210 4809 pot·
1246 4729 1333 4794 valor
1354 4725 1390 4791 lit
1419 4727 1461 4790 rei
1487 4722 1696 4798 intrinsecus,
1723 4740 1783 4786 uec
1800 4737 1877 4813 opus
1897 4713 1940 4810 sit¹
1959 4712 2022 4783 ssu-

439 4805 485 4873 est
504 4808 668 4887 prudenter
688 4810 822 4879 iudicare
845 4832 908 4875 rem
934 4814 1038 4877 valere
1063 4814 1142 4876 tanti
1173 4831 1211 4875 eo
1245 4809 1299 4873 dio
1315 4805 1408 4884 ullo,
1437 4806 1562 4871 scientia
1586 4852 1595 4881 ‚
1626 4801 1728 4868 labore
1745 4800 1794 4865 vel
1810 4796 1963 4893 industria
1978 4792 2020 4891 'ad

401 4891 511 4966 squia
539 4891 687 4957 venditor
713 4896 793 4956 tanti
825 4913 893 4958 eam
920 4891 1016 4970 potest
1051 4891 1210 4965 vendere,·
1247 4890 1304 4953 lioc
1325 4904 1361 4953 ut
1384 4906 1428 4952 res
1450 4888 1596 4950 maiorem
1617 4876 2023 4974 valoremacquirat3alias

438 4970 519 5035 unde
547 4975 639 5049 pretii
667 4974 782 5039 iustitia
810 4992 847 5038 ea
873 4970 917 5037 est
944 4992 1012 5050 quae
1045 4970 1211 5050 prudenter
1247 4989 1309 5033 non
1340 4983 1500 5031 teneretur
1521 4980 1641 5041 emptor
1669 4960 1741 5025 dare
1770 4959 1927 5055 venditori
1956 4974 2024 5051 pre·

440 5048 639 5134 aestimatur,
667 5074 722 5121 nec
741 5056 897 5121 ullatenus
919 5049 1102 5132 suffragatur
1130 5053 1209 5130 quod
1251 5054 1330 5116 tium
1359 5046 1548 5125 aequivalens
1576 5043 1701 5119 valeri,
1728 5062 1779 5119 qni
1804 5061 1847 5106 rei
1873 5038 2029 5181 advgtniie
