4425 6000
414 523 500 614 244'
679 523 881 594 Tunc-r.
918 545 987 593 or
1025 522 1632 599 contemneretur.
1732 520 1735 528 ’

362 620 384 683 si
408 622 492 684 licita
514 618 585 684 sunt
605 618 687 684 lucra
709 642 749 685 ex
767 620 885 684 cambio
909 670 916 694 ,
940 620 1019 697 quod
1040 640 1128 684 exer·
1164 627 1299 688 incurrat
1329 622 1550 699 obligationem
1577 619 1784 698 restituendi,
1820 635 1932 698 utpote

362 720 487 764 ceretui
505 720 544 763 eit
564 698 709 775 Principis
733 700 962 776 destinatione,
987 700 1036 762 vel
1064 720 1128 775 per·
1163 724 1230 779 quae
1252 725 1313 767 nnn
1330 720 1459 780 exurgat
1474 724 1513 765 ex
1534 701 1655 766 laesione
1675 705 1750 765 iuris
1776 700 1933 779 alterius,

363 778 519 856 missione,
541 780 657 844 licitum
678 784 738 844 erit
765 784 859 845 etiam
884 779 903 841 si
926 779 1076 843 cambium
1097 801 1128 844 e·
1164 784 1214 850 vel
1232 787 1352 846 ratione
1370 785 1410 844 rei
1435 780 1545 846 iniuste
1565 800 1699 862 acceptae
1717 830 1725 858 ,
1745 780 1795 846 vel
1813 779 1930 845 iniustae

363 878 525 925 xerceatur
546 859 609 922 sine
625 859 741 936 publica
762 861 983 937 deputatione,
1006 861 1054 924 vel
1066 880 1127 937 per·
1164 866 1366 940 acceptionis,
1386 882 1425 925 eo
1441 864 1515 938 quia
1534 862 1634 925 nullus
1659 865 1689 930 in
1711 861 1764 924 suo
1784 859 1932 937 iure,vcl

364 940 501 1005 missione
521 990 530 1018 ,
555 939 715 1002 dunimodo
736 938 798 1002 sine
818 940 908 1006 ullius
943 942 1075 1015 iniuria,
1094 938 1127 1004 ἃ
1164 946 1336 1006 intentione
1359 940 1507 1013 laedatiir3
1528 941 1561 1005 ἃ
1580 961 1618 1005 eo
1635 941 1684 1005 vel
1714 943 1846 1002 maxime
1862 942 1931 1015 quia

363 1022 475 1083 damno
502 1038 708 1084 exerceatur.
735 1019 799 1083 lmo
821 1018 939 1084 etiamsi
966 1019 1128 1096 respublica
1165 1024 1191 1084 id
1222 1024 1299 1100 quod
1330 1025 1496 1097 acquiritur
1525 1042 1564 1083 ex
1590 1023 1715 1097 pecunia
1744 1036 1855 1081 natura
1881 1015 1931 1081 sua

363 1101 418 1163 l'uo
437 1100 561 1163 decreto
581 1097 731 1163 cambium
745 1119 887 1162 exercere
911 1103 1040 1176 privatis
1062 1121 1129 1175 per·
1165 1101 1275 1178 slerili,
1297 1099 1419 1166 nonest
1440 1095 1549 1163 frudlus
1572 1105 1633 1179 rei,
1653 1100 1701 1163 sed
1717 1097 1872 1161 iuduslriae
1887 1100 1930 1173 pi·

302 1226 307 1233 .
363 1179 442 1242 lonis
467 1179 637 1255 prohiberet
657 1227 664 1254 ,
684 1196 822 1254 peccaret
845 1182 965 1253 uiridem
990 1182 1128 1260 privatus
1163 1186 1220 1244 deo
1241 1184 1356 1245 lucrum
1372 1179 1446 1243 illud
1468 1200 1529 1243 nou
1551 1183 1717 1255 acquiritur
1732 1178 1931 1253 domino,nec

363 1280 400 1322 ea
416 1258 587 1322 exercendo
607 1258 646 1321 ob
668 1258 904 1322 inobedientiam
921 1261 1072 1334 principi,
1094 1280 1128 1322 ac
1164 1263 1327 1336 creditori,
1349 1259 1395 1325 sed
1415 1258 1530 1324 famulo
1545 1259 1718 1322 induslriam
1734 1256 1816 1319 suam
1838 1257 1930 1333 appii·

363 1359 468 1415 poenas
489 1337 585 1402 subire
609 1336 730 1402 deberet
756 1338 879 1403 iudislas
902 1357 1012 1403 contra
1030 1335 1127 1400 traus-
1163 1345 1266 1417 canti,
1282 1362 1345 1403 non
1363 1342 1446 1403 secus
1468 1359 1502 1402 ac
1524 1339 1802 1407 commodandus,
1820 1334 1854 1399 ἀ
1879 1337 1930 1396 de·

363 1419 526 1497 gressoies,
547 1438 608 1481 nori
629 1434 732 1480 tamen
752 1422 818 1480 eius
841 1417 1010 1483 contradus
1032 1419 1129 1480 essent
1164 1422 1342 1499 positarius,·
1368 1423 1429 1482 imo
1448 1418 1482 1483 δι
1499 1415 1559 1494 ipse
1584 1416 1649 1493 fur,
1678 1418 1730 1480 vel
1746 1415 1875 1491 quilibet
1891 1416 1932 1475 in·

365 1497 522 1570 invalidi,
546 1497 579 1562 dc
603 1496 724 1560 servata
755 1498 870 1562 iuslitia
896 1503 983 1573 pretii
1004 1498 1128 1563 obnoxii
1165 1500 1255 1565 lullus
1281 1501 1424 1578 polleslor
1452 1499 1563 1581 alienis
1587 1500 1718 1574 pecuniis
1749 1493 1934 1571 negotiando

365 1599 427 1639 non
458 1575 554 1639 esseut
585 1576 800 1641 restitutioni.
830 1578 946 1655 Excipe
984 1575 1129 1642 tamensi
1165 1583 1282 1644 lucrum
1304 1602 1365 1642 non
1387 1580 1528 1652 domino,
1547 1578 1594 1638 sed
1615 1575 1666 1639 sibi
1687 1570 1934 1651 acquirit,dum·

363 1655 480 1720 cambia
496 1658 686 1732 privatorum
706 1658 849 1720 cederent
871 1661 901 1718 in
919 1679 1012 1737 grave
1029 1661 1130 1733 reipu·
1166 1660 1253 1724 modo
1277 1663 1351 1723 alias
1374 1660 1530 1721 dominum
1558 1656 1733 1719 indemnem
1754 1653 1880 1729 servet,
1898 1647 1931 1714 dt

363 1736 451 1800 blicae
468 1734 627 1799 damnum.
651 1735 700 1800 lta
726 1734 840 1801 Lessitu
860 1759 928 1802 cum
948 1738 1015 1802 aliis
1049 1758 1131 1802 coni·
1167 1748 1209 1805 ira
1229 1763 1298 1803 cuin
1318 1740 1355 1801 D.
1374 1738 1434 1800 Th.
1453 1756 1481 1797 ι.
1503 1755 1530 1797 2.
1553 1739 1647 1817 qisaeſs.
1673 1734 1738 1796 108.
1758 1745 1850 1807 arag.
1869 1730 1932 1794 Do·

309 1853 311 1858 ·
363 1819 515 1879 munitet.
1164 1822 1259 1884 diores
1274 1821 1494 1884 communiter.
1514 1815 1606 1890 Quod
1622 1813 1792 1878 sidominus
1813 1803 1932 1886 expres·

404 1896 568 1971 Famulus,
590 1897 640 1971 qui
665 1898 807 1971 pecunias
828 1918 936 1961 aureas
956 1916 1130 1977 acceptasa
1166 1901 1195 1962 se
1216 1903 1394 1964 committat
1416 1895 1552 1970 famulo,
1580 1912 1617 1960 ut
1644 1897 1803 1972 pecuniam
1818 1894 1862 1982 ¹in
1883 1889 1933 1950 illa

364 1977 511 2047 domino,
540 1991 575 2037 ut
597 1972 672 2050 ipsas
697 1997 752 2052 pro
776 1976 925 2047 solutione
953 1974 1071 2041 deserat
1093 1976 1130 2039 ad
1168 1980 1264 2058 specie
1284 1982 1350 2043 auri
1370 1974 1505 2052 deferat,
1525 1971 1667 2039 &solvat
1681 1972 1844 2044 creditori,
1864 1986 1934 2030 utne

365 2055 498 2130 aliquem
515 2053 602 2128 ipsius
618 2055 730 2117 domini
747 2056 948 2135 creditorem,
970 2076 1043 2121 ante
1059 2077 1131 2119 con·
1168 2061 1187 2123 s'i
1209 2057 1339 2123 famulus
1358 2076 1466 2121 contra
1481 2051 1648 2132 expressam
1663 2052 1799 2127 domini,
1819 2048 1935 2125 &prz-

364 2132 567 2209 signationem
590 2135 766 2199 earumdem
788 2137 931 2200 creditori
958 2138 1026 2201 illas
1050 2158 1129 2199 eom·
1169 2139 1319 2215 sumptam
1336 2138 1531 2201 voluntatem
1549 2134 1709 2197 creditoris
1728 2152 1794 2195 eam
1814 2145 1937 2205 quomo·

364 2230 467 2276 mutat
496 2234 564 2275 tum
594 2218 743 2291 argenteis
772 2236 841 2277 cuni
870 2215 1065 2291 acquisitione
1091 2235 1130 2278 ex
1168 2221 1335 2294 documque
1359 2230 1529 2280 commutet
1553 2261 1562 2290 ,
1590 2231 1696 2289 peccat
1725 2202 1938 2300 graviter,·&

364 2290 422 2356 hoc
442 2293 560 2356 cambio
576 2294 703 2357 alicuius
726 2296 820 2367 lucri,
843 2294 949 2358 sicum
972 2296 1022 2359 illa
1045 2316 1132 2371 pecu·
1169 2317 1294 2365 tenetur
1318 2296 1355 2361 ad
1379 2314 1500 2359 omnem
1519 2290 1622 2355 damni
1642 2291 1872 2355 rellitutionem
1891 2306 1936 2347 ιιι·

365 2374 417 2434 nia
436 2392 469 2435 ar
489 2392 579 2436 entea
598 2370 764 2437 satisfaciat
787 2378 905 2453 integre
924 2377 1069 2438 creditori
1086 2377 1132 2435 iu·
1168 2381 1204 2444 de
1225 2378 1368 2442 creditori
1386 2374 1498 2449 secuti,
1518 2376 1587 2448 quia
1602 2370 1734 2435 creditor
1759 2373 1792 2431 in
1811 2369 1872 2431 hoc
1888 2385 1937 2429 ct·

365 2394 568 2515 tradebamur
590 2469 733 2530 tempus,
764 2474 818 2517 nec
838 2458 974 2532 graviter
997 2471 1103 2530 peccat
1124 2502 1132 2528 ,
1167 2460 1200 2523 su
1222 2462 1267 2521 ius
1290 2456 1379 2520 liabet
1392 2456 1556 2517 secundum
1573 2453 1687 2515 domini
1707 2450 1938 2541 voluntatem,

364 2550 421 2592 nec
442 2531 478 2595 ad
495 2530 723 2596 restitutionem
743 2551 885 2610 tenetur,
906 2534 1067 2596 dummodo
1088 2552 1133 2595 ta·
1168 2539 1201 2603 ἃ
1223 2534 1379 2600 iussionem
1401 2530 1561 2609 recipiendi
1583 2552 1599 2593 a
1621 2529 1710 2594 servo
1731 2546 1874 2605 pecunias
1885 2537 1973 2588 au·''

365 2628 435 2671 nien
453 2611 516 2673 haec
534 2614 594 2674 tria
614 2629 817 2676 concurrant.
844 2634 870 2674 1.
887 2613 976 2689 Quod
994 2613 1132 2675 dominus
1171 2639 1233 2682 reas
1256 2622 1286 2677 in
1306 2615 1359 2680 tali
1377 2613 1470 2690 specie
1486 2610 1535 2672 sibi
1548 2611 1730 2679 destinatas,
1750 2608 1784 2673 ἃ
1805 2627 1860 2685 per
1869 2623 1958 2698 equ·

365 2709 427 2772 nori
449 2706 593 2754 teneatur
613 2711 652 2753 ex
678 2690 766 2768 patto
790 2694 932 2757 creditori
958 2692 1074 2757 solvere
1102 2696 1132 2754 in
1170 2696 1294 2774 sequens
1314 2695 1457 2758 damnum
1476 2711 1651 2777 emergens,
1671 2690 1842 2756 &lucrum
1855 2696 1954 2762 exiu-¹

366 2771 462 2843 specie
483 2773 645 2847 pecuniam
666 2793 811 2849 auream,
828 2773 957 2847 ideoque
972 2773 1061 2849 plene
1087 2771 1133 2836 sa·
1170 2781 1206 2841 de
1221 2775 1335 2840 cessans
1354 2768 1549 2848 compensare
1568 2771 1698 2835 tantulus
1716 2785 1860 2833 tenetur.

367 2845 686 2927 usficiiteti'ainpei
707 2871 883 2932 argenteam
903 2852 1132 2928 aequalisvalo-
1209 2855 1367 2919 Cambiuni
1389 2872 1462 2915 veto
1484 2851 1681 2927 temporale,
1715 2846 1768 2911 seu
1794 2847 1833 2910 ad
1855 2862 1933 2910 tem
1966 2909 1972 2921 ,

366 2933 406 2989 ιιι
431 2925 594 2995 solvendo.
620 2951 649 2993 ι.
677 2933 769 3009 Quod
792 2930 923 2996 famulus
947 2953 1008 2996 non
1031 2929 1133 3007 plusa
1171 2959 1222 3017 pus
1239 2935 1422 3009 solutionis,
1443 2929 1505 2992 sive
1526 2948 1561 2995 ut
1581 2933 1670 2995 aiunt
1690 2976 1699 3007 ,
1724 2928 1761 2991 ad
1779 2924 1933 2990 nundinas
1949 2911 1977 3025 δὲ·

364 3009 566 3074 creditoribus
588 3010 674 3086 possit
697 3017 728 3074 iu
748 3014 921 3078 utilitatem
937 3015 1133 3076 dominiton·
1170 3019 1351 3092 ubicumque
1366 3029 1565 3086 exerceatur,
1585 3033 1656 3074 cuni
1676 3009 1730 3085 ipsi
1746 3005 1846 3071 desint
1863 3024 1938 3070 con·
1955 3055 1976 3090 n

365 3085 464 3165 sequi,
481 3087 531 3152 seu
556 3111 698 3168 auream,
717 3093 766 3157 seu
783 3112 960 3169 argenteam
977 3109 1133 3157 monetam
1170 3101 1299 3161 ditiones
1322 3099 1406 3170 veri,
1422 3091 1593 3169 &legitimi
1606 3087 1716 3153 cambii
1729 3136 1738 3164 ,
1753 3105 1863 3164 nempe
1874 3102 1977 3162 per-it

364 3169 407 3229 eis
429 3169 547 3233 tradat.
573 3187 599 3248 3.
634 3170 677 3235 Ut
698 3168 827 3237 famulus
857 3194 911 3236 nec
937 3173 1131 3249 expressum,
1170 3182 1304 3240 mutatio
1335 3176 1469 3250 pecuniae
1497 3171 1546 3234 vel
1573 3172 1674 3245 quoad
1702 3167 1861 3244 speciem,
1891 3159 1977 3227 vel*

366 3267 422 3309 nec
447 3249 660 3325 praes'uiuptum
690 3256 864 3316 mandatum
897 3252 1006 3317 habeat
1034 3273 1051 3315 a
1080 3250 1133 3312 stin
1169 3256 1269 3335 quoad
1287 3254 1406 3329 locum,
1426 3268 1509 3316 caret
1531 3248 1612 3313 iustis
1634 3246 1759 3324 titulis,
1780 3241 1934 3334 quibusad
1955 3245 1977 3278 ⁸²

367 3327 511 3401 domino,
532 3348 566 3392 ut
594 3329 710 3393 easdem
738 3337 877 3410 pecunias
898 3337 928 3394 in
950 3330 1053 3409 specie¹
1070 3348 1132 3393 tre·
1170 3334 1385 3414 reportandum
1417 3333 1533 3396 lucrum
1559 3333 1694 3393 exerceri
1722 3325 1841 3403 possit,
1870 3326 1933 3387 sive
1959 3356 1977 3412 ,p

366 3406 443 3483 dac,
463 3427 516 3471 aut
532 3406 736 3474 surteeasdem
757 3413 959 3489 permutando,
975 3408 1026 3486 ipsi
1038 3411 1132 3475 domi·
1169 3417 1225 3481 fiat
1247 3413 1409 3492 Lugduni,
1430 3411 1493 3474 sive
1512 3406 1706 3473 Francofurti
1726 3455 1735 3483 ,
1764 3427 1798 3468 ac
1821 3403 1935 3479 semper

367 3506 410 3549 no
430 3487 582 3566 lucretur,
606 3487 653 3552 sed
672 3498 791 3567 proprio
809 3498 933 3558 nomine
947 3542 954 3568 ,
970 3491 1133 3569 &pericu-
1169 3495 1210 3562 est
1232 3496 1403 3559 usurarium
1423 3490 1602 3566 ubicumque
1623 3489 1704 3562 liat,
1736 3506 1808 3569 cruri
1832 3481 1871 3547 fit
1886 3501 1942 3548 vt·
1966 3494 1969 3505 '

364 3565 399 3628 lo
418 3567 567 3631 cambium
589 3570 661 3632 illud
678 3571 841 3636 inllituat:
863 3592 994 3652 namper
1016 3571 1133 3635 talelu·
1171 3600 1257 3655 rum,
1272 3574 1306 3639 dc
1323 3593 1439 3636 merum
1460 3587 1623 3645 mutuum,
1641 3571 1713 3645 quia
1733 3568 1768 3629 ln
1782 3566 1840 3629 boc
1856 3583 1941 3656 cairi·

366 3667 452 3710 erum
477 3670 493 3710 a
519 3646 634 3712 simulo
654 3652 832 3728 acquisitum
854 3653 964 3716 nullius
990 3651 1133 3715 iuslaedi·
1170 3659 1218 3722 bio
1246 3656 1335 3728 datur
1373 3653 1460 3715 hodie
1493 3653 1619 3725 pecunia
1653 3669 1723 3712 cum
1750 3642 1940 3723 obligatione

369 3743 439 3804 tur,
454 3726 527 3790 idest
546 3750 604 3792 non
621 3731 799 3811 creditoris,
816 3737 887 3810 qiiia
904 3731 991 3797 sicuti
1009 3732 1084 3796 illud
1103 3752 1133 3792 e·
1171 3737 1306 3803 eamdem
1326 3731 1468 3797 reddendi
1489 3729 1551 3805 poll
1570 3728 1688 3805 aliquod
1707 3745 1847 3802 tempus,
1867 3739 1941 3815 puta

367 3810 464 3894 xigit,
485 3811 513 3872 ei
532 3807 660 3873 solvitur
682 3812 717 3874 ad
742 3815 971 3891 aequalitatem‚
986 3829 1134 3889 quantum
1172 3837 1233 3883 tres
1253 3814 1369 3880 menses
1390 3835 1460 3876 cum
1477 3811 1610 3874 audatie
1627 3859 1636 3887 ,
1651 3806 1751 3898 &boc
1773 3802 1942 3868 auuiiiuiii

366 3888 420 3961 ipsi
438 3904 506 3950 erat
521 3888 674 3968 debitum,
694 3912 750 3957 nec
780 3897 881 3965 potius
905 3898 935 3955 in
957 3895 1083 3970 pecunia
1103 3897 1135 3952 in
1172 3899 1299 3975 fingitur
1320 3897 1400 3972 exigi
1428 3891 1595 3969 Lugduni,
1623 3907 1659 3952 ut
1687 3901 1831 3965 exigatur
1852 3897 1940 3961 prout

368 3985 433 4055 tino
452 3969 561 4043 genere
585 3992 675 4044 quam
696 3974 729 4034 in
755 3974 883 4037 altero:
906 3995 967 4036 non
997 3971 1136 4036 violatur
1172 3979 1304 4057 pecunia·
1320 3977 1441 4055 magis,
1470 3971 1521 4035 vel
1551 3973 1650 4033 minus
1675 3965 1775 4031 valuit
1806 3983 1860 4039 per
1879 3978 1942 4054 ties.

370 4048 505 4134 intentio
520 4050 698 4126 creditoris,
716 4056 767 4128 qui
789 4050 875 4117 sicuti
891 4055 936 4117 itis
953 4073 1015 4115 non
1034 4051 1136 4129 habet,
1171 4055 1284 4123 menses
1302 4058 1440 4134 proxime
1459 4046 1656 4127 elapsos,qui
1669 4060 1888 4123 percurrerunt
1896 4060 1941 4103 m·

366 4141 413 4186 ita
444 4145 501 4190 nec
529 4129 663 4193 intendit
694 4153 746 4206 pro
771 4128 922 4197 solutione
957 4132 998 4196 sui
1028 4132 1136 4195 crediti
1172 4136 1367 4216 persingulas
1389 4131 1624 4209 nundinas‚·ut
1648 4128 1838 4202 caeteroquin
1885 4140 1942 4214 'cu-

367 4204 446 4296 qllod
468 4209 496 4268 ei
520 4208 594 4271 illud
620 4210 758 4275 solvatur
779 4217 811 4275 in
833 4235 894 4277 una
923 4209 1025 4293 specie
1044 4234 1135 4291 pecu·
1173 4222 1224 4282 nia
1246 4219 1412 4294 recipiatur
1422 4211 1532 4278 eodem
1554 4213 1650 4286 loco,
1674 4205 1733 4273 ribi
1749 4206 1825 4271 data
1880 4218 1905 4263 it
1920 4221 1939 4293 p·

366 4303 447 4361 nrae,
472 4286 521 4348 vel
547 4292 581 4350 in
600 4289 721 4369 altera,
745 4290 793 4356 sed
822 4295 1037 4359 tantummodo
1054 4293 1136 4369 quod
1174 4301 1302 4376 ideoque
1318 4295 1363 4360 est
1378 4293 1620 4359 illudcambium
1642 4286 1744 4380 ,quod
1769 4285 1880 4378 siceum
1898 4279 1941 4342 dr·

366 4361 508 4458 solvatur
532 4391 541 4430 ι
561 4390 620 4433 ιιοιι
638 4371 775 4435 violatur
794 4376 930 4439 intentio
953 4376 1068 4439 domini
1085 4375 1135 4437 de·
1172 4384 1273 4457 citur,
1289 4398 1358 4444 cum
1374 4396 1434 4440 non
1456 4374 1566 4438 habeat
1586 4368 1640 4436 nisi
1661 4365 1838 4444 dillautraui
1861 4382 1942 4431 teme

366 4439 500 4538 biteris,
528 4452 580 4524 qui
606 4449 769 4516 dumalias
785 4474 846 4518 non
874 4458 1019 4533 praecepit
1039 4452 1132 4517 samu·
1174 4463 1278 4539 poris,
1300 4479 1333 4522 ac
1356 4454 1480 4534 proinde
1507 4449 1549 4517 esl
1569 4452 1696 4528 simplex
1713 4465 1886 4522 mutuum,
1912 4524 1917 4533 1

314 4612 317 4619 ⁴
366 4519 425 4599 lo,
454 4529 590 4592 intendit
617 4528 803 4598 solummodo
815 4555 851 4599 ut
876 4535 1011 4599 debitum
1034 4537 1137 4598 extin·
1173 4538 1344 4606 usurarium
1365 4535 1410 4601 esi
1438 4537 1556 4601 lucrtun
1579 4553 1619 4597 ex
1640 4530 1696 4594 tali
1730 4521 1971 4595 fittocambip·

367 4621 479 4678 guatur
504 4654 512 4682 ,
537 4606 588 4672 seu
621 4611 745 4685 praecise
773 4633 806 4677 ut
845 4619 1047 4691 extinguatur
1071 4618 1140 4692 ius,
1174 4637 1365 4700 perceptum,
1829 4674 1832 4679 .

367 4684 449 4756 quod
475 4705 586 4780 contra
612 4689 708 4766 ipsum
741 4693 832 4758 babet
860 4695 1025 4772 creditor,
1055 4696 1136 4769 quod
1213 4701 1280 4764 Nec
1303 4699 1459 4762 ullatenus
1473 4694 1704 4760 obstat-'contra
1719 4688 1873 4756 cambium
1886 4708 1941 4755 ve·

364 4780 450 4839 aeque
469 4772 659 4847 extinguitur
676 4775 708 4834 in
723 4793 849 4838 moneta
860 4796 951 4840 aurea
972 4799 1007 4842 ac
1028 4794 1136 4855 argen-
1173 4802 1259 4856 rum,
1277 4778 1310 4845 dt
1327 4780 1410 4843 reale
1428 4825 1442 4855 ,
1471 4779 1502 4839 in
1519 4796 1579 4853 qtio
1600 4773 1722 4837 lucrum
1735 4793 1792 4850 pro
1808 4770 1910 4836 labore
1925 4795 1957 4846 ,·

366 4858 438 4924 tea,
456 4845 620 4913 dummodo
640 4848 676 4914 sit
692 4851 731 4915 ad
744 4856 956 4929 aequalitatens
971 4857 1068 4935 quoad
1080 4876 1135 4919 ua·
1171 4859 1422 4925 &incommodo
1454 4859 1649 4932 percipitur,
1685 4854 1843 4917 interdum
1868 4849 1936 4928 ‚fieri

367 4922 464 5020 ierem
485 4927 610 5006 legalem
631 4932 661 4991 in
683 4933 738 4994 tali
760 4934 848 5012 loco,
867 4936 902 5000 δι
922 4956 1137 5015 temporeque
1170 4940 1248 5018 quod
1268 4938 1402 5019 campsor
1417 4936 1607 5002 sinelaboie
1628 4983 1637 5011 ,
1664 4931 1938 5023 dtincomruodo,

367 5004 500 5069 solvitur
520 5055 528 5082 ‚
551 5009 713 5073 dummodo
740 5013 831 5077 aliter
852 5035 915 5078 non
943 5037 1135 5084 conventum
1172 5024 1233 5083 imo
1248 5040 1322 5082 cum·
1338 5019 1392 5082 suo
1411 5018 1572 5082 commodo
1590 5018 1618 5080 id
1635 5014 1751 5079 efficiat
1764 5018 1861 5098 ,quia
1880 5011 1945 5079 hoe

370 5082 407 5149 sit
428 5128 436 5147 ·
468 5084 557 5150 Unde
576 5106 662 5165 patet
679 5096 758 5167 quod
777 5113 817 5157 eit
835 5094 892 5159 tali
912 5095 997 5163 lucro
1016 5099 1135 5165 nullam
1171 5101 1311 5177 provenit
1328 5119 1381 5177 per
1397 5099 1533 5164 accidens
1563 5119 1606 5162 ex.
1628 5100 1694 5161 cius
1722 5117 1833 5239 curafl
1852 5090 1938 5190 indm

1391 5226 1395 5235 ι
1837 5195 1919 5241 na&
