<?xml version="1.0" encoding="UTF-8"?>
<!DOCTYPE html PUBLIC "-//W3C//DTD XHTML 1.0 Transitional//EN"
    "http://www.w3.org/TR/xhtml1/DTD/xhtml1-transitional.dtd">
<html xmlns="http://www.w3.org/1999/xhtml" xml:lang="en" lang="en">
 <head>
  <title>
</title>
<meta http-equiv="Content-Type" content="text/html;charset=utf-8" />
  <meta name='ocr-system' content='tesseract 3.04.00' />
  <meta name='ocr-capabilities' content='ocr_page ocr_carea ocr_par ocr_line ocrx_word'/>
</head>
<body>
  <div class='ocr_page' id='page_1' title='image "./institutionesth00boragoog_0070.png"; bbox 0 0 4425 6000; ppageno 0'>
   <div class='ocr_carea' id='block_1_1' title="bbox 227 1794 907 1877">
    <p class='ocr_par' dir='ltr' id='par_1_1' title="bbox 227 1794 907 1877">
     <span class='ocr_line' id='line_1_1' title="bbox 227 1794 907 1877; baseline -0.001 -17"><span class='ocrx_word' id='word_1_1' title='bbox 227 1828 230 1834; x_wconf 93' lang='lat'>·</span> <span class='ocrx_word' id='word_1_2' title='bbox 340 1798 462 1861; x_wconf 89' lang='lat' dir='ltr'>vitutes</span> <span class='ocrx_word' id='word_1_3' title='bbox 478 1794 671 1877; x_wconf 86' lang='lat' dir='ltr'>personales.</span> <span class='ocrx_word' id='word_1_4' title='bbox 693 1794 835 1876; x_wconf 79' lang='lat' dir='ltr'>Servitus</span> <span class='ocrx_word' id='word_1_5' title='bbox 856 1816 907 1860; x_wconf 91' lang='lat' dir='ltr'>rea</span> 
     </span>
    </p>
   </div>
   <div class='ocr_carea' id='block_1_2' title="bbox 334 492 1907 922">
    <p class='ocr_par' dir='ltr' id='par_1_2' title="bbox 334 492 1907 922">
     <span class='ocr_line' id='line_1_2' title="bbox 653 492 1591 572; baseline 0.007 -7"><span class='ocrx_word' id='word_1_6' title='bbox 653 492 858 569; x_wconf 71' lang='lat' dir='ltr'>Tenes.</span> <span class='ocrx_word' id='word_1_7' title='bbox 887 517 952 569; x_wconf 65' lang='lat' dir='ltr'>us</span> <span class='ocrx_word' id='word_1_8' title='bbox 979 494 1126 569; x_wconf 75' lang='lat' dir='ltr'>lust.</span> <span class='ocrx_word' id='word_1_9' title='bbox 1154 519 1218 570; x_wconf 78' lang='grc' dir='ltr'>ετ</span> <span class='ocrx_word' id='word_1_10' title='bbox 1247 496 1591 572; x_wconf 68' lang='grc' dir='ltr'><strong>Ῑυιι.ῦΑι’.Ιῐ.</strong></span> 
     </span>
     <span class='ocr_line' id='line_1_3' title="bbox 335 587 1906 676; baseline -0.003 -9"><span class='ocrx_word' id='word_1_11' title='bbox 335 598 466 667; x_wconf 77' lang='lat' dir='ltr'>alterius</span> <span class='ocrx_word' id='word_1_12' title='bbox 482 587 579 658; x_wconf 88' lang='lat' dir='ltr'>fundo</span> <span class='ocrx_word' id='word_1_13' title='bbox 596 590 730 657; x_wconf 83' lang='lat' dir='ltr'>adimere</span> <span class='ocrx_word' id='word_1_14' title='bbox 751 596 850 673; x_wconf 88' lang='lat' dir='ltr'>velit,</span> <span class='ocrx_word' id='word_1_15' title='bbox 866 595 945 659; x_wconf 90' lang='lat' dir='ltr'>alter</span> <span class='ocrx_word' id='word_1_16' title='bbox 955 613 1032 659; x_wconf 87' lang='lat' dir='ltr'>vero</span> <span class='ocrx_word' id='word_1_17' title='bbox 1047 595 1100 671; x_wconf 90' lang='lat' dir='ltr'>qui</span> <span class='ocrx_word' id='word_1_18' title='bbox 1140 594 1279 676; x_wconf 84' lang='lat' dir='ltr'>pascendi</span> <span class='ocrx_word' id='word_1_19' title='bbox 1299 645 1307 674; x_wconf 98' lang='lat'>,</span> <span class='ocrx_word' id='word_1_20' title='bbox 1332 596 1447 660; x_wconf 84' lang='lat' dir='ltr'>calcem</span> <span class='ocrx_word' id='word_1_21' title='bbox 1466 596 1632 675; x_wconf 89' lang='lat' dir='ltr'>coquendi,</span> <span class='ocrx_word' id='word_1_22' title='bbox 1653 614 1762 663; x_wconf 81' lang='lat' dir='ltr'>arenas</span> <span class='ocrx_word' id='word_1_23' title='bbox 1791 595 1906 664; x_wconf 85' lang='lat' dir='ltr'>sodien·</span> 
     </span>
     <span class='ocr_line' id='line_1_4' title="bbox 334 670 1906 765; baseline -0.002 -21"><span class='ocrx_word' id='word_1_24' title='bbox 334 682 382 745; x_wconf 89' lang='lat' dir='ltr'>rei</span> <span class='ocrx_word' id='word_1_25' title='bbox 401 674 464 742; x_wconf 82' lang='lat' dir='ltr'>suae</span> <span class='ocrx_word' id='word_1_26' title='bbox 487 672 661 765; x_wconf 78' lang='lat' dir='ltr'>libertatem</span> <span class='ocrx_word' id='word_1_27' title='bbox 682 672 754 740; x_wconf 92' lang='lat' dir='ltr'>vult</span> <span class='ocrx_word' id='word_1_28' title='bbox 774 675 948 741; x_wconf 82' lang='lat' dir='ltr'>indemnem</span> <span class='ocrx_word' id='word_1_29' title='bbox 963 670 1104 753; x_wconf 83' lang='lat' dir='ltr'>servare,</span> <span class='ocrx_word' id='word_1_30' title='bbox 1140 679 1189 758; x_wconf 88' lang='lat' dir='ltr'>di,</span> <span class='ocrx_word' id='word_1_31' title='bbox 1207 692 1326 742; x_wconf 76' lang='lat' dir='ltr'>cretam</span> <span class='ocrx_word' id='word_1_32' title='bbox 1346 677 1517 755; x_wconf 79' lang='lat' dir='ltr'>eximendi,</span> <span class='ocrx_word' id='word_1_33' title='bbox 1534 679 1718 755; x_wconf 86' lang='lat' dir='ltr'>pedamenta</span> <span class='ocrx_word' id='word_1_34' title='bbox 1727 679 1764 743; x_wconf 90' lang='lat' dir='ltr'>ad</span> <span class='ocrx_word' id='word_1_35' title='bbox 1782 683 1906 745; x_wconf 88' lang='lat' dir='ltr'>vineam</span> 
     </span>
     <span class='ocr_line' id='line_1_5' title="bbox 335 752 1907 835; baseline 0.001 -13"><span class='ocrx_word' id='word_1_36' title='bbox 335 757 390 822; x_wconf 82' lang='lat' dir='ltr'>sibi</span> <span class='ocrx_word' id='word_1_37' title='bbox 408 755 547 821; x_wconf 85' lang='lat' dir='ltr'>amissam</span> <span class='ocrx_word' id='word_1_38' title='bbox 568 752 742 818; x_wconf 85' lang='lat' dir='ltr'>vindicare.</span> <span class='ocrx_word' id='word_1_39' title='bbox 1140 777 1179 823; x_wconf 82' lang='lat' dir='ltr'>ex</span> <span class='ocrx_word' id='word_1_40' title='bbox 1197 759 1291 822; x_wconf 86' lang='lat' dir='ltr'>vicini</span> <span class='ocrx_word' id='word_1_41' title='bbox 1312 755 1427 833; x_wconf 85' lang='lat' dir='ltr'>ptaedio</span> <span class='ocrx_word' id='word_1_42' title='bbox 1453 753 1607 835; x_wconf 88' lang='lat' dir='ltr'>sumendi,</span> <span class='ocrx_word' id='word_1_43' title='bbox 1627 778 1696 834; x_wconf 79' lang='lat' dir='ltr'>quat</span> <span class='ocrx_word' id='word_1_44' title='bbox 1726 761 1830 824; x_wconf 91' lang='lat' dir='ltr'>omnia</span> <span class='ocrx_word' id='word_1_45' title='bbox 1853 780 1907 823; x_wconf 89' lang='lat' dir='ltr'>ex·</span> 
     </span>
     <span class='ocr_line' id='line_1_6' title="bbox 376 830 1906 922; baseline 0.001 -20"><span class='ocrx_word' id='word_1_46' title='bbox 376 837 519 902; x_wconf 85' lang='lat' dir='ltr'>Servitus</span> <span class='ocrx_word' id='word_1_47' title='bbox 540 836 709 911; x_wconf 79' lang='lat' dir='ltr'>generatim</span> <span class='ocrx_word' id='word_1_48' title='bbox 718 832 871 900; x_wconf 88' lang='lat' dir='ltr'>dividitur</span> <span class='ocrx_word' id='word_1_49' title='bbox 881 837 912 898; x_wconf 91' lang='lat' dir='ltr'>in</span> <span class='ocrx_word' id='word_1_50' title='bbox 922 834 1054 911; x_wconf 87' lang='lat' dir='ltr'>realem,</span> <span class='ocrx_word' id='word_1_51' title='bbox 1070 830 1104 899; x_wconf 73' lang='grc' dir='ltr'>ἀ</span> <span class='ocrx_word' id='word_1_52' title='bbox 1141 839 1316 917; x_wconf 88' lang='lat' dir='ltr'>primuntnr</span> <span class='ocrx_word' id='word_1_53' title='bbox 1334 843 1360 904; x_wconf 72' lang='lat' dir='ltr'>s·</span> <span class='ocrx_word' id='word_1_54' title='bbox 1378 836 1553 915; x_wconf 66' lang='lat' dir='ltr'>serotinae</span> <span class='ocrx_word' id='word_1_55' title='bbox 1565 837 1708 922; x_wconf 73' lang='lat' dir='ltr'>servitui.</span> <span class='ocrx_word' id='word_1_56' title='bbox 1737 838 1788 903; x_wconf 90' lang='lat' dir='ltr'>ubi</span> <span class='ocrx_word' id='word_1_57' title='bbox 1817 842 1906 905; x_wconf 78' lang='lat' dir='ltr'>varie</span> 
     </span>
    </p>
   </div>
   <div class='ocr_carea' id='block_1_3' title="bbox 245 912 1950 2757">
    <p class='ocr_par' dir='ltr' id='par_1_3' title="bbox 245 912 1950 2757">
     <span class='ocr_line' id='line_1_7' title="bbox 337 912 1904 1000; baseline 0 -17"><span class='ocrx_word' id='word_1_58' title='bbox 337 916 546 1000; x_wconf 84' lang='lat' dir='ltr'>personalem.</span> <span class='ocrx_word' id='word_1_59' title='bbox 567 913 670 979; x_wconf 88' lang='lat' dir='ltr'>Realis</span> <span class='ocrx_word' id='word_1_60' title='bbox 689 934 725 980; x_wconf 87' lang='lat' dir='ltr'>ea</span> <span class='ocrx_word' id='word_1_61' title='bbox 746 912 811 993; x_wconf 86' lang='lat' dir='ltr'>est,</span> <span class='ocrx_word' id='word_1_62' title='bbox 826 936 880 994; x_wconf 89' lang='lat' dir='ltr'>per</span> <span class='ocrx_word' id='word_1_63' title='bbox 899 935 989 991; x_wconf 85' lang='lat' dir='ltr'>quam</span> <span class='ocrx_word' id='word_1_64' title='bbox 1004 934 1050 978; x_wconf 91' lang='lat' dir='ltr'>tes</span> <span class='ocrx_word' id='word_1_65' title='bbox 1061 916 1103 978; x_wconf 93' lang='lat' dir='ltr'>rei</span> <span class='ocrx_word' id='word_1_66' title='bbox 1140 920 1238 996; x_wconf 82' lang='lat' dir='ltr'>eriam</span> <span class='ocrx_word' id='word_1_67' title='bbox 1256 914 1467 981; x_wconf 90' lang='lat' dir='ltr'>describuntur</span> <span class='ocrx_word' id='word_1_68' title='bbox 1482 937 1579 981; x_wconf 86' lang='lat' dir='ltr'>onera</span> <span class='ocrx_word' id='word_1_69' title='bbox 1599 939 1704 982; x_wconf 89' lang='lat' dir='ltr'>eorum</span> <span class='ocrx_word' id='word_1_70' title='bbox 1734 968 1742 997; x_wconf 95' lang='lat'>,</span> <span class='ocrx_word' id='word_1_71' title='bbox 1762 919 1800 983; x_wconf 82' lang='lat' dir='ltr'>ad</span> <span class='ocrx_word' id='word_1_72' title='bbox 1828 940 1904 997; x_wconf 90' lang='lat' dir='ltr'>quos</span> 
     </span>
     <span class='ocr_line' id='line_1_8' title="bbox 335 992 1905 1077; baseline 0 -16"><span class='ocrx_word' id='word_1_73' title='bbox 335 999 488 1073; x_wconf 90' lang='lat' dir='ltr'>servit,ut</span> <span class='ocrx_word' id='word_1_74' title='bbox 501 992 982 1072; x_wconf 62' lang='lat' dir='ltr'>domusdomui,cuius,slillantes</span> <span class='ocrx_word' id='word_1_75' title='bbox 994 1010 1103 1071; x_wconf 81' lang='lat' dir='ltr'>aequas</span> <span class='ocrx_word' id='word_1_76' title='bbox 1140 995 1252 1076; x_wconf 76' lang='lat' dir='ltr'>speslat</span> <span class='ocrx_word' id='word_1_77' title='bbox 1282 1017 1349 1061; x_wconf 90' lang='lat' dir='ltr'>tum</span> <span class='ocrx_word' id='word_1_78' title='bbox 1373 994 1483 1061; x_wconf 84' lang='lat' dir='ltr'>fundus</span> <span class='ocrx_word' id='word_1_79' title='bbox 1510 997 1691 1077; x_wconf 84' lang='lat' dir='ltr'>dominans,</span> <span class='ocrx_word' id='word_1_80' title='bbox 1714 996 1766 1063; x_wconf 90' lang='lat' dir='ltr'>seu</span> <span class='ocrx_word' id='word_1_81' title='bbox 1801 1000 1826 1061; x_wconf 91' lang='lat' dir='ltr'>is</span> <span class='ocrx_word' id='word_1_82' title='bbox 1854 1002 1905 1063; x_wconf 88' lang='lat' dir='ltr'>cui</span> 
     </span>
     <span class='ocr_line' id='line_1_9' title="bbox 245 1074 1734 1159; baseline -0.002 -16"><span class='ocrx_word' id='word_1_83' title='bbox 245 1083 249 1090; x_wconf 90' lang='lat'>&#39;</span> <span class='ocrx_word' id='word_1_84' title='bbox 332 1076 472 1157; x_wconf 80' lang='lat' dir='ltr'>excipit,</span> <span class='ocrx_word' id='word_1_85' title='bbox 494 1077 540 1140; x_wconf 82' lang='lat' dir='ltr'>ita</span> <span class='ocrx_word' id='word_1_86' title='bbox 559 1091 595 1138; x_wconf 90' lang='lat' dir='ltr'>ut</span> <span class='ocrx_word' id='word_1_87' title='bbox 612 1094 630 1138; x_wconf 81' lang='lat' dir='ltr'>a</span> <span class='ocrx_word' id='word_1_88' title='bbox 650 1093 683 1138; x_wconf 87' lang='lat' dir='ltr'>te</span> <span class='ocrx_word' id='word_1_89' title='bbox 698 1074 873 1140; x_wconf 89' lang='lat' dir='ltr'>immediate</span> <span class='ocrx_word' id='word_1_90' title='bbox 882 1074 973 1139; x_wconf 85' lang='lat' dir='ltr'>alteri</span> <span class='ocrx_word' id='word_1_91' title='bbox 990 1078 1034 1140; x_wconf 90' lang='lat' dir='ltr'>rei</span> <span class='ocrx_word' id='word_1_92' title='bbox 1051 1074 1103 1140; x_wconf 87' lang='lat' dir='ltr'>de·</span> <span class='ocrx_word' id='word_1_93' title='bbox 1141 1078 1220 1143; x_wconf 84' lang='lat' dir='ltr'>alter</span> <span class='ocrx_word' id='word_1_94' title='bbox 1237 1075 1352 1155; x_wconf 87' lang='lat' dir='ltr'>servit,</span> <span class='ocrx_word' id='word_1_95' title='bbox 1368 1095 1436 1142; x_wconf 91' lang='lat' dir='ltr'>tum</span> <span class='ocrx_word' id='word_1_96' title='bbox 1456 1076 1567 1143; x_wconf 89' lang='lat' dir='ltr'>fundus</span> <span class='ocrx_word' id='word_1_97' title='bbox 1580 1077 1734 1159; x_wconf 78' lang='lat' dir='ltr'>serviens.</span> 
     </span>
     <span class='ocr_line' id='line_1_10' title="bbox 334 1151 1905 1236; baseline -0.001 -13"><span class='ocrx_word' id='word_1_98' title='bbox 334 1158 445 1223; x_wconf 62' lang='lat' dir='ltr'>berun</span> <span class='ocrx_word' id='word_1_99' title='bbox 463 1156 512 1220; x_wconf 88' lang='lat' dir='ltr'>Sic</span> <span class='ocrx_word' id='word_1_100' title='bbox 528 1175 599 1234; x_wconf 76' lang='lat' dir='ltr'>aget</span> <span class='ocrx_word' id='word_1_101' title='bbox 619 1174 703 1218; x_wconf 87' lang='lat' dir='ltr'>meus</span> <span class='ocrx_word' id='word_1_102' title='bbox 729 1171 786 1220; x_wconf 91' lang='lat' dir='ltr'>tuo</span> <span class='ocrx_word' id='word_1_103' title='bbox 814 1151 927 1230; x_wconf 86' lang='lat' dir='ltr'>servit,</span> <span class='ocrx_word' id='word_1_104' title='bbox 948 1172 1103 1233; x_wconf 89' lang='lat' dir='ltr'>quatenus</span> <span class='ocrx_word' id='word_1_105' title='bbox 1179 1158 1353 1224; x_wconf 90' lang='lat' dir='ltr'>Servitures</span> <span class='ocrx_word' id='word_1_106' title='bbox 1381 1178 1461 1224; x_wconf 90' lang='lat' dir='ltr'>vero</span> <span class='ocrx_word' id='word_1_107' title='bbox 1490 1159 1560 1224; x_wconf 83' lang='lat' dir='ltr'>aliae</span> <span class='ocrx_word' id='word_1_108' title='bbox 1585 1162 1812 1236; x_wconf 83' lang='lat' dir='ltr'>acquiruntur,</span> <span class='ocrx_word' id='word_1_109' title='bbox 1832 1160 1905 1235; x_wconf 78' lang='lat' dir='ltr'>quit</span> 
     </span>
     <span class='ocr_line' id='line_1_11' title="bbox 335 1229 1950 1332; baseline -0.001 -27"><span class='ocrx_word' id='word_1_110' title='bbox 335 1258 411 1316; x_wconf 76' lang='lat' dir='ltr'>aget</span> <span class='ocrx_word' id='word_1_111' title='bbox 432 1254 503 1302; x_wconf 84' lang='lat' dir='ltr'>tuus</span> <span class='ocrx_word' id='word_1_112' title='bbox 521 1234 573 1300; x_wconf 77' lang='lat' dir='ltr'>det</span> <span class='ocrx_word' id='word_1_113' title='bbox 591 1235 646 1299; x_wconf 86' lang='lat' dir='ltr'>tibi</span> <span class='ocrx_word' id='word_1_114' title='bbox 664 1239 709 1298; x_wconf 85' lang='lat' dir='ltr'>ius</span> <span class='ocrx_word' id='word_1_115' title='bbox 726 1232 903 1305; x_wconf 81' lang='lat' dir='ltr'>transeundi</span> <span class='ocrx_word' id='word_1_116' title='bbox 920 1254 974 1315; x_wconf 86' lang='lat' dir='ltr'>pet</span> <span class='ocrx_word' id='word_1_117' title='bbox 983 1254 1099 1301; x_wconf 89' lang='lat' dir='ltr'>meum.</span> <span class='ocrx_word' id='word_1_118' title='bbox 1140 1237 1237 1304; x_wconf 86' lang='lat' dir='ltr'>libere</span> <span class='ocrx_word' id='word_1_119' title='bbox 1253 1239 1344 1302; x_wconf 74' lang='lat' dir='ltr'>alicui</span> <span class='ocrx_word' id='word_1_120' title='bbox 1360 1237 1573 1303; x_wconf 87' lang='lat' dir='ltr'>conceduntur</span> <span class='ocrx_word' id='word_1_121' title='bbox 1593 1287 1602 1316; x_wconf 93' lang='lat'>‚</span> <span class='ocrx_word' id='word_1_122' title='bbox 1628 1237 1663 1304; x_wconf 81' lang='lat' dir='ltr'>dc</span> <span class='ocrx_word' id='word_1_123' title='bbox 1691 1239 1756 1304; x_wconf 84' lang='lat' dir='ltr'>haec</span> <span class='ocrx_word' id='word_1_124' title='bbox 1783 1259 1908 1318; x_wconf 81' lang='lat' dir='ltr'>compt-</span> <span class='ocrx_word' id='word_1_125' title='bbox 1923 1229 1950 1332; x_wconf 56' lang='grc' dir='ltr'>ἓξ</span> 
     </span>
     <span class='ocr_line' id='line_1_12' title="bbox 337 1312 1949 1396; baseline 0.001 -14"><span class='ocrx_word' id='word_1_126' title='bbox 337 1315 506 1383; x_wconf 86' lang='lat' dir='ltr'>Personalis</span> <span class='ocrx_word' id='word_1_127' title='bbox 527 1334 604 1379; x_wconf 88' lang='lat' dir='ltr'>veto</span> <span class='ocrx_word' id='word_1_128' title='bbox 622 1335 658 1378; x_wconf 89' lang='lat' dir='ltr'>ea</span> <span class='ocrx_word' id='word_1_129' title='bbox 669 1313 730 1391; x_wconf 86' lang='lat' dir='ltr'>est,</span> <span class='ocrx_word' id='word_1_130' title='bbox 751 1336 865 1392; x_wconf 85' lang='lat' dir='ltr'>quares</span> <span class='ocrx_word' id='word_1_131' title='bbox 882 1312 1017 1396; x_wconf 62' lang='lat' dir='ltr'>personas</span> <span class='ocrx_word' id='word_1_132' title='bbox 1027 1314 1102 1384; x_wconf 91' lang='lat' dir='ltr'>obli·</span> <span class='ocrx_word' id='word_1_133' title='bbox 1140 1336 1250 1391; x_wconf 85' lang='lat' dir='ltr'>rantur</span> <span class='ocrx_word' id='word_1_134' title='bbox 1265 1318 1360 1390; x_wconf 86' lang='lat' dir='ltr'>modis</span> <span class='ocrx_word' id='word_1_135' title='bbox 1380 1317 1519 1383; x_wconf 89' lang='lat' dir='ltr'>omnibus</span> <span class='ocrx_word' id='word_1_136' title='bbox 1542 1367 1549 1395; x_wconf 93' lang='lat'>,</span> <span class='ocrx_word' id='word_1_137' title='bbox 1582 1318 1689 1396; x_wconf 90' lang='lat' dir='ltr'>quibus</span> <span class='ocrx_word' id='word_1_138' title='bbox 1703 1337 1905 1396; x_wconf 72' lang='lat' dir='ltr'>quecumque</span> <span class='ocrx_word' id='word_1_139' title='bbox 1919 1361 1949 1395; x_wconf 78' lang='lat' dir='ltr'>m</span> 
     </span>
     <span class='ocr_line' id='line_1_13' title="bbox 336 1390 1950 1477; baseline -0.003 -16"><span class='ocrx_word' id='word_1_140' title='bbox 336 1415 447 1477; x_wconf 81' lang='lat' dir='ltr'>gatus,</span> <span class='ocrx_word' id='word_1_141' title='bbox 463 1395 516 1462; x_wconf 91' lang='lat' dir='ltr'>vel</span> <span class='ocrx_word' id='word_1_142' title='bbox 538 1392 665 1473; x_wconf 86' lang='lat' dir='ltr'>persona</span> <span class='ocrx_word' id='word_1_143' title='bbox 682 1398 748 1458; x_wconf 85' lang='lat' dir='ltr'>rei.</span> <span class='ocrx_word' id='word_1_144' title='bbox 774 1397 834 1472; x_wconf 70' lang='lat' dir='ltr'>Res</span> <span class='ocrx_word' id='word_1_145' title='bbox 861 1395 982 1471; x_wconf 84' lang='lat' dir='ltr'>quidem</span> <span class='ocrx_word' id='word_1_146' title='bbox 1007 1390 1104 1474; x_wconf 86' lang='lat' dir='ltr'>‚utsr</span> <span class='ocrx_word' id='word_1_147' title='bbox 1140 1397 1201 1463; x_wconf 81' lang='lat' dir='ltr'>alit</span> <span class='ocrx_word' id='word_1_148' title='bbox 1223 1397 1329 1475; x_wconf 88' lang='lat' dir='ltr'>bona,</span> <span class='ocrx_word' id='word_1_149' title='bbox 1356 1418 1466 1477; x_wconf 87' lang='lat' dir='ltr'>nempe</span> <span class='ocrx_word' id='word_1_150' title='bbox 1494 1398 1693 1475; x_wconf 83' lang='lat' dir='ltr'>venditione,</span> <span class='ocrx_word' id='word_1_151' title='bbox 1708 1399 1876 1473; x_wconf 84' lang='lat' dir='ltr'>donatione</span> <span class='ocrx_word' id='word_1_152' title='bbox 1893 1444 1903 1476; x_wconf 97' lang='lat'>,</span> <span class='ocrx_word' id='word_1_153' title='bbox 1921 1408 1950 1457; x_wconf 69' lang='lat' dir='ltr'>re.</span> 
     </span>
     <span class='ocr_line' id='line_1_14' title="bbox 339 1471 1949 1556; baseline 0.001 -16"><span class='ocrx_word' id='word_1_154' title='bbox 339 1482 387 1543; x_wconf 88' lang='lat' dir='ltr'>ius</span> <span class='ocrx_word' id='word_1_155' title='bbox 408 1475 535 1542; x_wconf 86' lang='lat' dir='ltr'>habeam</span> <span class='ocrx_word' id='word_1_156' title='bbox 551 1494 615 1539; x_wconf 93' lang='lat' dir='ltr'>non</span> <span class='ocrx_word' id='word_1_157' title='bbox 629 1493 754 1556; x_wconf 87' lang='lat' dir='ltr'>propter</span> <span class='ocrx_word' id='word_1_158' title='bbox 782 1496 909 1555; x_wconf 80' lang='lat' dir='ltr'>agrum,</span> <span class='ocrx_word' id='word_1_159' title='bbox 932 1471 979 1539; x_wconf 89' lang='lat' dir='ltr'>sed</span> <span class='ocrx_word' id='word_1_160' title='bbox 1005 1478 1104 1541; x_wconf 90' lang='lat' dir='ltr'>aliun·</span> <span class='ocrx_word' id='word_1_161' title='bbox 1141 1478 1345 1554; x_wconf 71' lang='lat' dir='ltr'>testament05</span> <span class='ocrx_word' id='word_1_162' title='bbox 1363 1477 1431 1542; x_wconf 82' lang='lat' dir='ltr'>aliae</span> <span class='ocrx_word' id='word_1_163' title='bbox 1447 1498 1515 1555; x_wconf 85' lang='lat' dir='ltr'>quae</span> <span class='ocrx_word' id='word_1_164' title='bbox 1535 1476 1905 1545; x_wconf 83' lang='lat' dir='ltr'>neeessarioconstituun·</span> <span class='ocrx_word' id='word_1_165' title='bbox 1921 1485 1949 1524; x_wconf 57' lang='grc' dir='ltr'>ἲ*</span> 
     </span>
     <span class='ocr_line' id='line_1_15' title="bbox 337 1551 1910 1638; baseline -0.001 -17"><span class='ocrx_word' id='word_1_166' title='bbox 337 1557 395 1636; x_wconf 90' lang='lat' dir='ltr'>de,</span> <span class='ocrx_word' id='word_1_167' title='bbox 409 1557 465 1621; x_wconf 90' lang='lat' dir='ltr'>hac</span> <span class='ocrx_word' id='word_1_168' title='bbox 487 1551 682 1631; x_wconf 71' lang='lat' dir='ltr'>transeundie</span> <span class='ocrx_word' id='word_1_169' title='bbox 704 1552 830 1637; x_wconf 89' lang='lat' dir='ltr'>persona</span> <span class='ocrx_word' id='word_1_170' title='bbox 841 1576 936 1634; x_wconf 81' lang='lat' dir='ltr'>vero,</span> <span class='ocrx_word' id='word_1_171' title='bbox 957 1553 1025 1621; x_wconf 80' lang='lat' dir='ltr'>ut&#39;st</span> <span class='ocrx_word' id='word_1_172' title='bbox 1045 1555 1104 1619; x_wconf 88' lang='lat' dir='ltr'>Ca·</span> <span class='ocrx_word' id='word_1_173' title='bbox 1142 1576 1216 1638; x_wconf 93' lang='lat' dir='ltr'>tur,</span> <span class='ocrx_word' id='word_1_174' title='bbox 1236 1555 1304 1623; x_wconf 90' lang='lat' dir='ltr'>utsr</span> <span class='ocrx_word' id='word_1_175' title='bbox 1320 1560 1385 1636; x_wconf 91' lang='lat' dir='ltr'>quis</span> <span class='ocrx_word' id='word_1_176' title='bbox 1395 1557 1589 1636; x_wconf 78' lang='lat' dir='ltr'>sepulchrum</span> <span class='ocrx_word' id='word_1_177' title='bbox 1610 1556 1738 1636; x_wconf 86' lang='lat' dir='ltr'>babeat,</span> <span class='ocrx_word' id='word_1_178' title='bbox 1755 1561 1840 1623; x_wconf 87' lang='lat' dir='ltr'>viam</span> <span class='ocrx_word' id='word_1_179' title='bbox 1857 1578 1910 1622; x_wconf 91' lang='lat' dir='ltr'>au·</span> 
     </span>
     <span class='ocr_line' id='line_1_16' title="bbox 335 1634 1910 1719; baseline 0.001 -19"><span class='ocrx_word' id='word_1_180' title='bbox 335 1640 386 1700; x_wconf 87' lang='lat' dir='ltr'>ius</span> <span class='ocrx_word' id='word_1_181' title='bbox 415 1656 521 1716; x_wconf 79' lang='lat' dir='ltr'>agrum</span> <span class='ocrx_word' id='word_1_182' title='bbox 547 1654 650 1699; x_wconf 90' lang='lat' dir='ltr'>meum</span> <span class='ocrx_word' id='word_1_183' title='bbox 665 1635 807 1702; x_wconf 81' lang='lat' dir='ltr'>excolere</span> <span class='ocrx_word' id='word_1_184' title='bbox 831 1653 990 1700; x_wconf 87' lang='lat' dir='ltr'>teneatur.</span> <span class='ocrx_word' id='word_1_185' title='bbox 1009 1634 1105 1713; x_wconf 88' lang='lat' dir='ltr'>Usus,</span> <span class='ocrx_word' id='word_1_186' title='bbox 1142 1657 1207 1704; x_wconf 89' lang='lat' dir='ltr'>tem</span> <span class='ocrx_word' id='word_1_187' title='bbox 1224 1639 1261 1704; x_wconf 87' lang='lat' dir='ltr'>ad</span> <span class='ocrx_word' id='word_1_188' title='bbox 1284 1636 1478 1718; x_wconf 86' lang='lat' dir='ltr'>sepulchrum</span> <span class='ocrx_word' id='word_1_189' title='bbox 1494 1659 1557 1703; x_wconf 91' lang='lat' dir='ltr'>non</span> <span class='ocrx_word' id='word_1_190' title='bbox 1574 1638 1705 1719; x_wconf 86' lang='lat' dir='ltr'>habeat,</span> <span class='ocrx_word' id='word_1_191' title='bbox 1725 1640 1910 1703; x_wconf 89' lang='lat' dir='ltr'>vicinusco·</span> 
     </span>
     <span class='ocr_line' id='line_1_17' title="bbox 341 1711 1909 1862; baseline 0.001 -82"><span class='ocrx_word' id='word_1_192' title='bbox 341 1711 528 1781; x_wconf 79' lang='lat' dir='ltr'>ususstudlus</span> <span class='ocrx_word' id='word_1_193' title='bbox 545 1713 605 1802; x_wconf 74' lang='lat' dir='ltr'>‚dc</span> <span class='ocrx_word' id='word_1_194' title='bbox 630 1713 785 1791; x_wconf 82' lang='lat' dir='ltr'>habitatio</span> <span class='ocrx_word' id='word_1_195' title='bbox 815 1713 885 1781; x_wconf 90' lang='lat' dir='ltr'>sunt</span> <span class='ocrx_word' id='word_1_196' title='bbox 909 1718 1031 1860; x_wconf 41' lang='lat' dir='ltr'>proprie</span> <span class='ocrx_word' id='word_1_197' title='bbox 1047 1717 1103 1779; x_wconf 85' lang='lat' dir='ltr'>ser·</span> <span class='ocrx_word' id='word_1_198' title='bbox 1141 1740 1169 1862; x_wconf 60' lang='grc' dir='ltr'>ᾕι</span> <span class='ocrx_word' id='word_1_199' title='bbox 1192 1715 1291 1798; x_wconf 86' lang='lat' dir='ltr'>potest</span> <span class='ocrx_word' id='word_1_200' title='bbox 1307 1739 1324 1782; x_wconf 83' lang='lat' dir='ltr'>a</span> <span class='ocrx_word' id='word_1_201' title='bbox 1345 1717 1443 1782; x_wconf 87' lang='lat' dir='ltr'>iudice</span> <span class='ocrx_word' id='word_1_202' title='bbox 1460 1742 1469 1795; x_wconf 73' lang='grc' dir='ltr'>ς</span> <span class='ocrx_word' id='word_1_203' title='bbox 1486 1722 1537 1793; x_wconf 85' lang='lat' dir='ltr'>qui</span> <span class='ocrx_word' id='word_1_204' title='bbox 1554 1718 1620 1782; x_wconf 88' lang='lat' dir='ltr'>tale</span> <span class='ocrx_word' id='word_1_205' title='bbox 1642 1721 1687 1782; x_wconf 92' lang='lat' dir='ltr'>ius</span> <span class='ocrx_word' id='word_1_206' title='bbox 1709 1717 1799 1781; x_wconf 88' lang='lat' dir='ltr'>haber</span> <span class='ocrx_word' id='word_1_207' title='bbox 1814 1719 1909 1782; x_wconf 90' lang='lat' dir='ltr'>utiu·</span> 
     </span>
     <span class='ocr_line' id='line_1_18' title="bbox 923 1797 1910 1879; baseline 0.001 -20"><span class='ocrx_word' id='word_1_208' title='bbox 923 1799 947 1860; x_wconf 91' lang='lat' dir='ltr'>is</span> <span class='ocrx_word' id='word_1_209' title='bbox 978 1797 1108 1861; x_wconf 91' lang='lat' dir='ltr'>ividitnr</span> <span class='ocrx_word' id='word_1_210' title='bbox 1167 1820 1188 1863; x_wconf 94' lang='lat' dir='ltr'>o</span> <span class='ocrx_word' id='word_1_211' title='bbox 1207 1800 1309 1879; x_wconf 86' lang='lat' dir='ltr'>pretio</span> <span class='ocrx_word' id='word_1_212' title='bbox 1326 1798 1391 1864; x_wconf 87' lang='lat' dir='ltr'>tale</span> <span class='ocrx_word' id='word_1_213' title='bbox 1410 1800 1457 1862; x_wconf 85' lang='lat' dir='ltr'>ins</span> <span class='ocrx_word' id='word_1_214' title='bbox 1474 1797 1520 1860; x_wconf 90' lang='lat' dir='ltr'>illi</span> <span class='ocrx_word' id='word_1_215' title='bbox 1536 1797 1679 1875; x_wconf 85' lang='lat' dir='ltr'>ptaeller.</span> <span class='ocrx_word' id='word_1_216' title='bbox 1696 1798 1840 1862; x_wconf 86' lang='lat' dir='ltr'>Servitus</span> <span class='ocrx_word' id='word_1_217' title='bbox 1852 1817 1910 1861; x_wconf 90' lang='lat' dir='ltr'>au·</span> 
     </span>
     <span class='ocr_line' id='line_1_19' title="bbox 341 1873 1908 1955; baseline 0.001 -18"><span class='ocrx_word' id='word_1_218' title='bbox 341 1875 566 1950; x_wconf 85' lang='lat' dir='ltr'>inurbanam,</span> <span class='ocrx_word' id='word_1_219' title='bbox 588 1895 655 1952; x_wconf 84' lang='lat' dir='ltr'>quae</span> <span class='ocrx_word' id='word_1_220' title='bbox 677 1873 803 1946; x_wconf 82' lang='lat' dir='ltr'>debetur</span> <span class='ocrx_word' id='word_1_221' title='bbox 829 1875 944 1955; x_wconf 82' lang='lat' dir='ltr'>praedio</span> <span class='ocrx_word' id='word_1_222' title='bbox 971 1876 1107 1955; x_wconf 80' lang='lat' dir='ltr'>urbano,</span> <span class='ocrx_word' id='word_1_223' title='bbox 1143 1898 1235 1955; x_wconf 89' lang='lat' dir='ltr'>tem,</span> <span class='ocrx_word' id='word_1_224' title='bbox 1258 1876 1336 1943; x_wconf 79' lang='lat' dir='ltr'>sicut</span> <span class='ocrx_word' id='word_1_225' title='bbox 1363 1876 1485 1942; x_wconf 88' lang='lat' dir='ltr'>libertas</span> <span class='ocrx_word' id='word_1_226' title='bbox 1514 1898 1533 1943; x_wconf 88' lang='lat' dir='ltr'>a</span> <span class='ocrx_word' id='word_1_227' title='bbox 1555 1875 1708 1943; x_wconf 89' lang='lat' dir='ltr'>servitute</span> <span class='ocrx_word' id='word_1_228' title='bbox 1731 1878 1908 1955; x_wconf 85' lang='lat' dir='ltr'>comparari</span> 
     </span>
     <span class='ocr_line' id='line_1_20' title="bbox 274 1952 1750 2037; baseline -0.001 -16"><span class='ocrx_word' id='word_1_229' title='bbox 274 1983 280 1992; x_wconf 65' lang='lat'><em>⁷</em></span> <span class='ocrx_word' id='word_1_230' title='bbox 334 1956 372 2021; x_wconf 78' lang='grc' dir='ltr'>ἀ</span> <span class='ocrx_word' id='word_1_231' title='bbox 389 1952 559 2032; x_wconf 86' lang='lat' dir='ltr'>rusticam,</span> <span class='ocrx_word' id='word_1_232' title='bbox 580 1976 649 2032; x_wconf 72' lang='lat' dir='ltr'>quae</span> <span class='ocrx_word' id='word_1_233' title='bbox 674 1954 791 2036; x_wconf 84' lang='lat' dir='ltr'>ptaedio</span> <span class='ocrx_word' id='word_1_234' title='bbox 819 1955 932 2022; x_wconf 84' lang='lat' dir='ltr'>roslico</span> <span class='ocrx_word' id='word_1_235' title='bbox 962 1956 1006 2021; x_wconf 93' lang='lat' dir='ltr'>est</span> <span class='ocrx_word' id='word_1_236' title='bbox 1025 1957 1108 2021; x_wconf 90' lang='lat' dir='ltr'>debi·</span> <span class='ocrx_word' id='word_1_237' title='bbox 1143 1958 1240 2036; x_wconf 88' lang='lat' dir='ltr'>potest</span> <span class='ocrx_word' id='word_1_238' title='bbox 1257 1960 1355 2022; x_wconf 90' lang='lat' dir='ltr'>eriam</span> <span class='ocrx_word' id='word_1_239' title='bbox 1377 1957 1474 2024; x_wconf 92' lang='lat' dir='ltr'>titulo</span> <span class='ocrx_word' id='word_1_240' title='bbox 1495 1956 1750 2037; x_wconf 87' lang='lat' dir='ltr'>praescriptionis.</span> 
     </span>
     <span class='ocr_line' id='line_1_21' title="bbox 337 2033 1907 2120; baseline -0.001 -19"><span class='ocrx_word' id='word_1_241' title='bbox 337 2052 392 2101; x_wconf 79' lang='lat' dir='ltr'>ts.</span> <span class='ocrx_word' id='word_1_242' title='bbox 415 2034 551 2102; x_wconf 86' lang='lat' dir='ltr'>Nomine</span> <span class='ocrx_word' id='word_1_243' title='bbox 571 2043 680 2099; x_wconf 86' lang='lat' dir='ltr'>autem</span> <span class='ocrx_word' id='word_1_244' title='bbox 699 2036 805 2114; x_wconf 81' lang='lat' dir='ltr'>praedii</span> <span class='ocrx_word' id='word_1_245' title='bbox 822 2037 929 2101; x_wconf 84' lang='lat' dir='ltr'>urbani</span> <span class='ocrx_word' id='word_1_246' title='bbox 960 2037 1107 2116; x_wconf 81' lang='lat' dir='ltr'>intelligi·</span> <span class='ocrx_word' id='word_1_247' title='bbox 1181 2040 1355 2120; x_wconf 87' lang='lat' dir='ltr'>Servitures</span> <span class='ocrx_word' id='word_1_248' title='bbox 1402 2058 1508 2103; x_wconf 86' lang='lat' dir='ltr'>omnes</span> <span class='ocrx_word' id='word_1_249' title='bbox 1547 2035 1649 2101; x_wconf 90' lang='lat' dir='ltr'>iisdem</span> <span class='ocrx_word' id='word_1_250' title='bbox 1690 2058 1751 2102; x_wconf 91' lang='lat' dir='ltr'>non</span> <span class='ocrx_word' id='word_1_251' title='bbox 1787 2033 1907 2101; x_wconf 86' lang='lat' dir='ltr'>utendo</span> 
     </span>
     <span class='ocr_line' id='line_1_22' title="bbox 339 2111 1950 2205; baseline -0.001 -25"><span class='ocrx_word' id='word_1_252' title='bbox 339 2133 394 2180; x_wconf 87' lang='lat' dir='ltr'>tur</span> <span class='ocrx_word' id='word_1_253' title='bbox 422 2113 633 2191; x_wconf 83' lang='lat' dir='ltr'>quodcumque</span> <span class='ocrx_word' id='word_1_254' title='bbox 655 2114 821 2181; x_wconf 79' lang='lat' dir='ltr'>aedificium</span> <span class='ocrx_word' id='word_1_255' title='bbox 851 2137 868 2181; x_wconf 89' lang='lat' dir='ltr'>a</span> <span class='ocrx_word' id='word_1_256' title='bbox 885 2116 1107 2197; x_wconf 75' lang='lat' dir='ltr'>patrefamilias</span> <span class='ocrx_word' id='word_1_257' title='bbox 1143 2123 1353 2205; x_wconf 81' lang='lat' dir='ltr'>amittuntur,</span> <span class='ocrx_word' id='word_1_258' title='bbox 1373 2117 1498 2197; x_wconf 88' lang='lat' dir='ltr'>ideoque</span> <span class='ocrx_word' id='word_1_259' title='bbox 1515 2115 1911 2198; x_wconf 85' lang='lat' dir='ltr'>praescribunrurdecennio</span> <span class='ocrx_word' id='word_1_260' title='bbox 1924 2111 1950 2151; x_wconf 78' lang='lat'>&#39;¹¹</span> 
     </span>
     <span class='ocr_line' id='line_1_23' title="bbox 338 2179 1950 2284; baseline -0.002 -25"><span class='ocrx_word' id='word_1_261' title='bbox 338 2193 563 2272; x_wconf 77' lang='lat' dir='ltr'>habitandum,</span> <span class='ocrx_word' id='word_1_262' title='bbox 579 2193 643 2260; x_wconf 81' lang='lat' dir='ltr'>sive</span> <span class='ocrx_word' id='word_1_263' title='bbox 659 2193 695 2260; x_wconf 85' lang='lat' dir='ltr'>lit</span> <span class='ocrx_word' id='word_1_264' title='bbox 716 2200 749 2259; x_wconf 94' lang='lat' dir='ltr'>in</span> <span class='ocrx_word' id='word_1_265' title='bbox 769 2197 843 2263; x_wconf 91' lang='lat' dir='ltr'>urbe</span> <span class='ocrx_word' id='word_1_266' title='bbox 864 2199 961 2275; x_wconf 74' lang='lat' dir='ltr'>,live</span> <span class='ocrx_word' id='word_1_267' title='bbox 989 2202 1021 2261; x_wconf 92' lang='lat' dir='ltr'>in</span> <span class='ocrx_word' id='word_1_268' title='bbox 1048 2199 1107 2262; x_wconf 93' lang='lat' dir='ltr'>vil·</span> <span class='ocrx_word' id='word_1_269' title='bbox 1142 2216 1254 2265; x_wconf 85' lang='lat' dir='ltr'>contra</span> <span class='ocrx_word' id='word_1_270' title='bbox 1271 2199 1454 2278; x_wconf 69' lang='lat' dir='ltr'>presentes,</span> <span class='ocrx_word' id='word_1_271' title='bbox 1473 2196 1508 2264; x_wconf 73' lang='grc' dir='ltr'>ἀ</span> <span class='ocrx_word' id='word_1_272' title='bbox 1530 2202 1640 2279; x_wconf 79' lang='lat' dir='ltr'>viginti</span> <span class='ocrx_word' id='word_1_273' title='bbox 1660 2219 1813 2262; x_wconf 88' lang='lat' dir='ltr'>annorum</span> <span class='ocrx_word' id='word_1_274' title='bbox 1843 2179 1950 2284; x_wconf 55' lang='lat' dir='ltr'>spmss</span> 
     </span>
     <span class='ocr_line' id='line_1_24' title="bbox 339 2274 1950 2358; baseline -0.001 -18"><span class='ocrx_word' id='word_1_275' title='bbox 339 2274 401 2350; x_wconf 85' lang='lat' dir='ltr'>lis,</span> <span class='ocrx_word' id='word_1_276' title='bbox 417 2274 451 2340; x_wconf 90' lang='lat'>&amp;</span> <span class='ocrx_word' id='word_1_277' title='bbox 469 2278 563 2354; x_wconf 87' lang='lat' dir='ltr'>vicis,</span> <span class='ocrx_word' id='word_1_278' title='bbox 584 2274 619 2342; x_wconf 78' lang='lat' dir='ltr'>dc</span> <span class='ocrx_word' id='word_1_279' title='bbox 643 2274 765 2341; x_wconf 87' lang='lat' dir='ltr'>hortum</span> <span class='ocrx_word' id='word_1_280' title='bbox 791 2279 983 2344; x_wconf 86' lang='lat' dir='ltr'>amoenitatis</span> <span class='ocrx_word' id='word_1_281' title='bbox 1007 2279 1107 2342; x_wconf 84' lang='lat' dir='ltr'>caussa</span> <span class='ocrx_word' id='word_1_282' title='bbox 1144 2283 1192 2345; x_wconf 91' lang='lat' dir='ltr'>tio</span> <span class='ocrx_word' id='word_1_283' title='bbox 1210 2295 1319 2343; x_wconf 79' lang='lat' dir='ltr'>eontra</span> <span class='ocrx_word' id='word_1_284' title='bbox 1336 2276 1474 2342; x_wconf 84' lang='lat' dir='ltr'>absentes</span> <span class='ocrx_word' id='word_1_285' title='bbox 1490 2277 1564 2358; x_wconf 83' lang='lat' dir='ltr'>Leg.</span> <span class='ocrx_word' id='word_1_286' title='bbox 1586 2298 1633 2358; x_wconf 68' lang='lat'>14</span> <span class='ocrx_word' id='word_1_287' title='bbox 1659 2279 1725 2342; x_wconf 87' lang='lat' dir='ltr'>cod.</span> <span class='ocrx_word' id='word_1_288' title='bbox 1745 2277 1783 2341; x_wconf 87' lang='lat' dir='ltr'>de</span> <span class='ocrx_word' id='word_1_289' title='bbox 1798 2275 1908 2356; x_wconf 74' lang='lat' dir='ltr'>servii.</span> <span class='ocrx_word' id='word_1_290' title='bbox 1926 2303 1950 2339; x_wconf 83' lang='lat' dir='ltr'>m</span> 
     </span>
     <span class='ocr_line' id='line_1_25' title="bbox 338 2352 1950 2440; baseline -0.001 -18"><span class='ocrx_word' id='word_1_291' title='bbox 338 2354 514 2431; x_wconf 84' lang='lat' dir='ltr'>adnexum,</span> <span class='ocrx_word' id='word_1_292' title='bbox 532 2357 606 2432; x_wconf 89' lang='lat' dir='ltr'>quia</span> <span class='ocrx_word' id='word_1_293' title='bbox 624 2354 769 2422; x_wconf 77' lang='lat' dir='ltr'>urbanum</span> <span class='ocrx_word' id='word_1_294' title='bbox 781 2358 929 2438; x_wconf 73' lang='lat' dir='ltr'>praedium</span> <span class='ocrx_word' id='word_1_295' title='bbox 956 2381 1012 2422; x_wconf 85' lang='lat' dir='ltr'>nnn</span> <span class='ocrx_word' id='word_1_296' title='bbox 1028 2355 1107 2440; x_wconf 76' lang='lat' dir='ltr'>facit</span> <span class='ocrx_word' id='word_1_297' title='bbox 1143 2360 1283 2424; x_wconf 82' lang='lat' dir='ltr'>Servitus</span> <span class='ocrx_word' id='word_1_298' title='bbox 1301 2356 1401 2422; x_wconf 71' lang='lat' dir='ltr'>atina</span> <span class='ocrx_word' id='word_1_299' title='bbox 1423 2355 1522 2434; x_wconf 83' lang='lat' dir='ltr'>potest</span> <span class='ocrx_word' id='word_1_300' title='bbox 1537 2376 1577 2420; x_wconf 83' lang='lat' dir='ltr'>ex</span> <span class='ocrx_word' id='word_1_301' title='bbox 1601 2374 1688 2434; x_wconf 89' lang='lat' dir='ltr'>parte</span> <span class='ocrx_word' id='word_1_302' title='bbox 1705 2360 1838 2431; x_wconf 89' lang='lat' dir='ltr'>amitti,</span> <span class='ocrx_word' id='word_1_303' title='bbox 1869 2352 1950 2420; x_wconf 53' lang='grc' dir='ltr'>δι’·</span> 
     </span>
     <span class='ocr_line' id='line_1_26' title="bbox 339 2432 1950 2530; baseline -0.004 -28"><span class='ocrx_word' id='word_1_304' title='bbox 339 2438 421 2502; x_wconf 85' lang='lat' dir='ltr'>locus</span> <span class='ocrx_word' id='word_1_305' title='bbox 441 2482 450 2513; x_wconf 92' lang='lat'>‚</span> <span class='ocrx_word' id='word_1_306' title='bbox 469 2434 528 2514; x_wconf 81' lang='lat' dir='ltr'>sed</span> <span class='ocrx_word' id='word_1_307' title='bbox 554 2435 679 2516; x_wconf 73' lang='lat' dir='ltr'>materia</span> <span class='ocrx_word' id='word_1_308' title='bbox 709 2458 750 2501; x_wconf 86' lang='lat' dir='ltr'>ex</span> <span class='ocrx_word' id='word_1_309' title='bbox 776 2439 849 2518; x_wconf 81' lang='lat' dir='ltr'>leg.</span> <span class='ocrx_word' id='word_1_310' title='bbox 875 2456 942 2517; x_wconf 84' lang='lat'><strong>¹92·</strong></span> <span class='ocrx_word' id='word_1_311' title='bbox 971 2440 1008 2501; x_wconf 83' lang='lat' dir='ltr'>de</span> <span class='ocrx_word' id='word_1_312' title='bbox 1036 2435 1108 2501; x_wconf 76' lang='lat' dir='ltr'>ver‘·</span> <span class='ocrx_word' id='word_1_313' title='bbox 1144 2460 1185 2504; x_wconf 86' lang='lat' dir='ltr'>ex</span> <span class='ocrx_word' id='word_1_314' title='bbox 1215 2454 1307 2515; x_wconf 81' lang='lat' dir='ltr'>perte</span> <span class='ocrx_word' id='word_1_315' title='bbox 1332 2439 1478 2514; x_wconf 86' lang='lat' dir='ltr'>retineri,</span> <span class='ocrx_word' id='word_1_316' title='bbox 1499 2456 1530 2500; x_wconf 93' lang='lat' dir='ltr'>v.</span> <span class='ocrx_word' id='word_1_317' title='bbox 1551 2457 1578 2515; x_wconf 76' lang='lat' dir='ltr'>g.</span> <span class='ocrx_word' id='word_1_318' title='bbox 1600 2435 1621 2498; x_wconf 80' lang='lat' dir='ltr'><strong>fi</strong></span> <span class='ocrx_word' id='word_1_319' title='bbox 1644 2435 1754 2500; x_wconf 89' lang='lat' dir='ltr'>habeat</span> <span class='ocrx_word' id='word_1_320' title='bbox 1776 2438 1843 2513; x_wconf 88' lang='lat' dir='ltr'>quis</span> <span class='ocrx_word' id='word_1_321' title='bbox 1866 2438 1912 2497; x_wconf 91' lang='lat' dir='ltr'>ius</span> <span class='ocrx_word' id='word_1_322' title='bbox 1929 2432 1950 2530; x_wconf 54' lang='grc' dir='ltr'>ᾗ·</span> 
     </span>
     <span class='ocr_line' id='line_1_27' title="bbox 338 2512 1911 2600; baseline -0.003 -21"><span class='ocrx_word' id='word_1_323' title='bbox 338 2512 398 2580; x_wconf 80' lang='lat' dir='ltr'>bor.</span> <span class='ocrx_word' id='word_1_324' title='bbox 418 2514 569 2595; x_wconf 74' lang='lat' dir='ltr'>fignificat.</span> <span class='ocrx_word' id='word_1_325' title='bbox 600 2518 655 2596; x_wconf 80' lang='lat' dir='ltr'>Per</span> <span class='ocrx_word' id='word_1_326' title='bbox 686 2517 832 2600; x_wconf 69' lang='lat' dir='ltr'>prndium</span> <span class='ocrx_word' id='word_1_327' title='bbox 861 2537 936 2582; x_wconf 89' lang='lat' dir='ltr'>vero</span> <span class='ocrx_word' id='word_1_328' title='bbox 967 2515 1108 2581; x_wconf 86' lang='lat' dir='ltr'>rusticum</span> <span class='ocrx_word' id='word_1_329' title='bbox 1145 2538 1233 2596; x_wconf 82' lang='lat' dir='ltr'>aquae</span> <span class='ocrx_word' id='word_1_330' title='bbox 1254 2519 1287 2579; x_wconf 91' lang='lat' dir='ltr'>in</span> <span class='ocrx_word' id='word_1_331' title='bbox 1308 2514 1412 2580; x_wconf 88' lang='lat' dir='ltr'>alieno</span> <span class='ocrx_word' id='word_1_332' title='bbox 1429 2514 1523 2585; x_wconf 87' lang='lat' dir='ltr'>fundo</span> <span class='ocrx_word' id='word_1_333' title='bbox 1540 2515 1626 2580; x_wconf 67' lang='lat' dir='ltr'>noble</span> <span class='ocrx_word' id='word_1_334' title='bbox 1645 2516 1911 2591; x_wconf 83' lang='lat' dir='ltr'>dieqnehaurien-</span> 
     </span>
     <span class='ocr_line' id='line_1_28' title="bbox 342 2593 1911 2675; baseline -0.001 -19"><span class='ocrx_word' id='word_1_335' title='bbox 342 2596 445 2659; x_wconf 90' lang='lat' dir='ltr'>intelli</span> <span class='ocrx_word' id='word_1_336' title='bbox 469 2598 532 2660; x_wconf 91' lang='lat' dir='ltr'>itur</span> <span class='ocrx_word' id='word_1_337' title='bbox 554 2597 700 2675; x_wconf 85' lang='lat' dir='ltr'>praedium</span> <span class='ocrx_word' id='word_1_338' title='bbox 719 2616 811 2662; x_wconf 84' lang='lat' dir='ltr'>omne</span> <span class='ocrx_word' id='word_1_339' title='bbox 826 2596 862 2662; x_wconf 92' lang='lat' dir='ltr'>ab</span> <span class='ocrx_word' id='word_1_340' title='bbox 892 2597 1029 2660; x_wconf 88' lang='lat' dir='ltr'>humano</span> <span class='ocrx_word' id='word_1_341' title='bbox 1056 2596 1110 2662; x_wconf 88' lang='lat' dir='ltr'>ha·</span> <span class='ocrx_word' id='word_1_342' title='bbox 1143 2598 1212 2671; x_wconf 84' lang='lat' dir='ltr'>dae,</span> <span class='ocrx_word' id='word_1_343' title='bbox 1230 2594 1410 2662; x_wconf 85' lang='lat' dir='ltr'>nodlurnam</span> <span class='ocrx_word' id='word_1_344' title='bbox 1422 2593 1561 2671; x_wconf 87' lang='lat' dir='ltr'>deperdit</span> <span class='ocrx_word' id='word_1_345' title='bbox 1584 2595 1786 2671; x_wconf 79' lang='lat' dir='ltr'>servitutem,</span> <span class='ocrx_word' id='word_1_346' title='bbox 1806 2595 1826 2655; x_wconf 77' lang='lat' dir='ltr'>si</span> <span class='ocrx_word' id='word_1_347' title='bbox 1856 2612 1911 2670; x_wconf 91' lang='lat' dir='ltr'>per</span> 
     </span>
     <span class='ocr_line' id='line_1_29' title="bbox 338 2617 1912 2757; baseline -0.006 -16"><span class='ocrx_word' id='word_1_348' title='bbox 338 2617 480 2741; x_wconf 74' lang='lat' dir='ltr'>bitaeuso</span> <span class='ocrx_word' id='word_1_349' title='bbox 497 2673 685 2756; x_wconf 79' lang='lat' dir='ltr'>dillindium,</span> <span class='ocrx_word' id='word_1_350' title='bbox 706 2693 743 2741; x_wconf 92' lang='lat' dir='ltr'>ut</span> <span class='ocrx_word' id='word_1_351' title='bbox 771 2697 840 2757; x_wconf 84' lang='lat' dir='ltr'>ager</span> <span class='ocrx_word' id='word_1_352' title='bbox 861 2725 871 2755; x_wconf 89' lang='lat'>,</span> <span class='ocrx_word' id='word_1_353' title='bbox 898 2680 1018 2754; x_wconf 82' lang='lat' dir='ltr'>vinea,</span> <span class='ocrx_word' id='word_1_354' title='bbox 1040 2698 1108 2757; x_wconf 88' lang='lat' dir='ltr'>pra·</span> <span class='ocrx_word' id='word_1_355' title='bbox 1145 2675 1265 2741; x_wconf 73' lang='lat' dir='ltr'>nostem</span> <span class='ocrx_word' id='word_1_356' title='bbox 1285 2695 1321 2740; x_wconf 90' lang='lat' dir='ltr'>ea</span> <span class='ocrx_word' id='word_1_357' title='bbox 1343 2695 1406 2739; x_wconf 91' lang='lat' dir='ltr'>non</span> <span class='ocrx_word' id='word_1_358' title='bbox 1427 2692 1534 2748; x_wconf 84' lang='lat' dir='ltr'>utatur</span> <span class='ocrx_word' id='word_1_359' title='bbox 1555 2693 1693 2751; x_wconf 86' lang='lat' dir='ltr'>tempore</span> <span class='ocrx_word' id='word_1_360' title='bbox 1714 2676 1750 2738; x_wconf 90' lang='lat' dir='ltr'>ad</span> <span class='ocrx_word' id='word_1_361' title='bbox 1775 2672 1912 2750; x_wconf 80' lang='lat' dir='ltr'>praeseri·</span> 
     </span>
    </p>
   </div>
   <div class='ocr_carea' id='block_1_4' title="bbox 236 2749 1924 2840">
    <p class='ocr_par' dir='ltr' id='par_1_4' title="bbox 236 2749 1924 2840">
     <span class='ocr_line' id='line_1_30' title="bbox 236 2749 1924 2840; baseline -0.004 -21"><span class='ocrx_word' id='word_1_362' title='bbox 236 2762 240 2770; x_wconf 90' lang='lat'>&#39;</span> <span class='ocrx_word' id='word_1_363' title='bbox 337 2773 439 2831; x_wconf 82' lang='lat' dir='ltr'>tum,</span> <span class='ocrx_word' id='word_1_364' title='bbox 466 2775 612 2834; x_wconf 86' lang='lat' dir='ltr'>pecorum</span> <span class='ocrx_word' id='word_1_365' title='bbox 632 2754 806 2840; x_wconf 81' lang='lat' dir='ltr'>slabulttm,</span> <span class='ocrx_word' id='word_1_366' title='bbox 827 2758 969 2822; x_wconf 89' lang='lat' dir='ltr'>horreum</span> <span class='ocrx_word' id='word_1_367' title='bbox 985 2779 1003 2821; x_wconf 88' lang='lat' dir='ltr'>a</span> <span class='ocrx_word' id='word_1_368' title='bbox 1019 2756 1110 2822; x_wconf 85' lang='lat' dir='ltr'>domo</span> <span class='ocrx_word' id='word_1_369' title='bbox 1143 2757 1275 2823; x_wconf 90' lang='lat' dir='ltr'>bendum</span> <span class='ocrx_word' id='word_1_370' title='bbox 1296 2753 1427 2839; x_wconf 68' lang='lat' dir='ltr'>statuto,</span> <span class='ocrx_word' id='word_1_371' title='bbox 1450 2753 1500 2824; x_wconf 86' lang='lat' dir='ltr'>sed</span> <span class='ocrx_word' id='word_1_372' title='bbox 1517 2752 1566 2819; x_wconf 89' lang='lat' dir='ltr'>hic</span> <span class='ocrx_word' id='word_1_373' title='bbox 1581 2753 1778 2820; x_wconf 79' lang='lat' dir='ltr'>attendendae</span> <span class='ocrx_word' id='word_1_374' title='bbox 1788 2749 1857 2817; x_wconf 88' lang='lat' dir='ltr'>sunt</span> <span class='ocrx_word' id='word_1_375' title='bbox 1867 2751 1924 2815; x_wconf 85' lang='lat' dir='ltr'>lo·.</span> 
     </span>
    </p>
   </div>
   <div class='ocr_carea' id='block_1_5' title="bbox 335 2832 1950 3160">
    <p class='ocr_par' dir='ltr' id='par_1_5' title="bbox 335 2832 1950 3160">
     <span class='ocr_line' id='line_1_31' title="bbox 337 2832 1896 2923; baseline -0.001 -26"><span class='ocrx_word' id='word_1_376' title='bbox 337 2832 528 2915; x_wconf 74' lang='lat' dir='ltr'>seiunslum5</span> <span class='ocrx_word' id='word_1_377' title='bbox 549 2836 814 2918; x_wconf 60' lang='lat' dir='ltr'>bacenimomnia</span> <span class='ocrx_word' id='word_1_378' title='bbox 829 2835 1111 2918; x_wconf 81' lang='lat' dir='ltr'>constituuntprae·</span> <span class='ocrx_word' id='word_1_379' title='bbox 1144 2857 1249 2903; x_wconf 87' lang='lat' dir='ltr'>corum</span> <span class='ocrx_word' id='word_1_380' title='bbox 1268 2833 1519 2901; x_wconf 86' lang='lat' dir='ltr'>eonsuetudines.</span> <span class='ocrx_word' id='word_1_381' title='bbox 1890 2911 1896 2923; x_wconf 37' lang='grc' dir='ltr'>Ι</span> 
     </span>
     <span class='ocr_line' id='line_1_32' title="bbox 336 2905 1950 2998; baseline -0.006 -19"><span class='ocrx_word' id='word_1_382' title='bbox 336 2917 426 2979; x_wconf 84' lang='lat' dir='ltr'>dium</span> <span class='ocrx_word' id='word_1_383' title='bbox 445 2915 607 2995; x_wconf 83' lang='lat' dir='ltr'>rusticum,</span> <span class='ocrx_word' id='word_1_384' title='bbox 626 2921 767 2995; x_wconf 88' lang='lat' dir='ltr'>quamvis</span> <span class='ocrx_word' id='word_1_385' title='bbox 787 2917 848 2983; x_wconf 85' lang='lat' dir='ltr'>sint</span> <span class='ocrx_word' id='word_1_386' title='bbox 869 2919 901 2981; x_wconf 91' lang='lat' dir='ltr'>ln</span> <span class='ocrx_word' id='word_1_387' title='bbox 921 2918 1013 2983; x_wconf 90' lang='lat' dir='ltr'>urbe.</span> <span class='ocrx_word' id='word_1_388' title='bbox 1112 2988 1115 2998; x_wconf 59' lang='grc'>,</span> <span class='ocrx_word' id='word_1_389' title='bbox 1184 2917 1327 2981; x_wconf 87' lang='lat' dir='ltr'>Servitus</span> <span class='ocrx_word' id='word_1_390' title='bbox 1347 2933 1426 2978; x_wconf 91' lang='lat' dir='ltr'>vero</span> <span class='ocrx_word' id='word_1_391' title='bbox 1445 2911 1557 2981; x_wconf 87' lang='lat' dir='ltr'>finitur</span> <span class='ocrx_word' id='word_1_392' title='bbox 1571 2932 1635 2979; x_wconf 92' lang='lat' dir='ltr'>non</span> <span class='ocrx_word' id='word_1_393' title='bbox 1654 2911 1749 2980; x_wconf 89' lang='lat' dir='ltr'>solum</span> <span class='ocrx_word' id='word_1_394' title='bbox 1778 2907 1911 2990; x_wconf 82' lang='lat' dir='ltr'>praescri·</span> <span class='ocrx_word' id='word_1_395' title='bbox 1940 2905 1950 2954; x_wconf 75' lang='lat'>⁵</span> 
     </span>
     <span class='ocr_line' id='line_1_33' title="bbox 336 2968 1950 3084; baseline -0.001 -25"><span class='ocrx_word' id='word_1_396' title='bbox 336 3039 343 3051; x_wconf 85' lang='lat'><strong>·</strong></span> <span class='ocrx_word' id='word_1_397' title='bbox 381 2996 798 3076; x_wconf 82' lang='lat' dir='ltr'>Servitutesutbtnae,s1ve</span> <span class='ocrx_word' id='word_1_398' title='bbox 819 2998 1004 3078; x_wconf 85' lang='lat' dir='ltr'>praediorum</span> <span class='ocrx_word' id='word_1_399' title='bbox 1020 2995 1111 3064; x_wconf 88' lang='lat' dir='ltr'>urba·</span> <span class='ocrx_word' id='word_1_400' title='bbox 1147 3001 1273 3084; x_wconf 87' lang='lat' dir='ltr'>ptione,</span> <span class='ocrx_word' id='word_1_401' title='bbox 1293 2993 1342 3059; x_wconf 89' lang='lat' dir='ltr'>sed</span> <span class='ocrx_word' id='word_1_402' title='bbox 1362 2992 1396 3074; x_wconf 75' lang='grc' dir='ltr'>δι</span> <span class='ocrx_word' id='word_1_403' title='bbox 1416 2991 1702 3073; x_wconf 72' lang='lat' dir='ltr'>contrariispaslis‚</span> <span class='ocrx_word' id='word_1_404' title='bbox 1722 3016 1757 3059; x_wconf 87' lang='lat' dir='ltr'>ae</span> <span class='ocrx_word' id='word_1_405' title='bbox 1771 2968 1950 3084; x_wconf 62' lang='lat' dir='ltr'>convert-⁶¹</span> 
     </span>
     <span class='ocr_line' id='line_1_34' title="bbox 335 3070 1950 3160; baseline -0.002 -22"><span class='ocrx_word' id='word_1_406' title='bbox 335 3094 452 3140; x_wconf 87' lang='lat' dir='ltr'>norum</span> <span class='ocrx_word' id='word_1_407' title='bbox 467 3123 476 3152; x_wconf 91' lang='lat'>,</span> <span class='ocrx_word' id='word_1_408' title='bbox 491 3076 525 3143; x_wconf 80' lang='grc' dir='ltr'>δι</span> <span class='ocrx_word' id='word_1_409' title='bbox 548 3081 615 3141; x_wconf 87' lang='lat' dir='ltr'>iura</span> <span class='ocrx_word' id='word_1_410' title='bbox 632 3079 707 3141; x_wconf 86' lang='lat' dir='ltr'>talia</span> <span class='ocrx_word' id='word_1_411' title='bbox 728 3078 799 3141; x_wconf 88' lang='lat' dir='ltr'>sunt</span> <span class='ocrx_word' id='word_1_412' title='bbox 816 3096 852 3143; x_wconf 92' lang='lat' dir='ltr'>nt</span> <span class='ocrx_word' id='word_1_413' title='bbox 868 3079 961 3160; x_wconf 86' lang='lat' dir='ltr'>altius</span> <span class='ocrx_word' id='word_1_414' title='bbox 978 3077 1110 3141; x_wconf 88' lang='lat' dir='ltr'>nontol·</span> <span class='ocrx_word' id='word_1_415' title='bbox 1148 3072 1307 3154; x_wconf 86' lang='lat' dir='ltr'>tionibus,</span> <span class='ocrx_word' id='word_1_416' title='bbox 1323 3077 1400 3138; x_wconf 90' lang='lat' dir='ltr'>item</span> <span class='ocrx_word' id='word_1_417' title='bbox 1415 3070 1588 3137; x_wconf 79' lang='lat' dir='ltr'>redudlione</span> <span class='ocrx_word' id='word_1_418' title='bbox 1614 3075 1720 3152; x_wconf 88' lang='lat' dir='ltr'>praedii</span> <span class='ocrx_word' id='word_1_419' title='bbox 1745 3072 1782 3137; x_wconf 90' lang='lat' dir='ltr'>ad</span> <span class='ocrx_word' id='word_1_420' title='bbox 1814 3072 1911 3146; x_wconf 84' lang='lat' dir='ltr'>domt-</span> <span class='ocrx_word' id='word_1_421' title='bbox 1928 3110 1950 3160; x_wconf 76' lang='grc' dir='ltr'>Ρ,</span> 
     </span>
    </p>
   </div>
   <div class='ocr_carea' id='block_1_6' title="bbox 343 3148 1943 3235">
    <p class='ocr_par' dir='ltr' id='par_1_6' title="bbox 343 3148 1943 3235">
     <span class='ocr_line' id='line_1_35' title="bbox 343 3148 1943 3235; baseline -0.004 -16"><span class='ocrx_word' id='word_1_422' title='bbox 343 3154 430 3219; x_wconf 76' lang='lat' dir='ltr'>latur</span> <span class='ocrx_word' id='word_1_423' title='bbox 444 3155 632 3233; x_wconf 79' lang='lat' dir='ltr'>aedificium,</span> <span class='ocrx_word' id='word_1_424' title='bbox 649 3152 820 3222; x_wconf 84' lang='lat' dir='ltr'>senesttain</span> <span class='ocrx_word' id='word_1_425' title='bbox 836 3159 1111 3235; x_wconf 85' lang='lat' dir='ltr'>muroaperiatut;</span> <span class='ocrx_word' id='word_1_426' title='bbox 1147 3175 1244 3231; x_wconf 83' lang='lat' dir='ltr'>num,</span> <span class='ocrx_word' id='word_1_427' title='bbox 1273 3156 1322 3218; x_wconf 89' lang='lat' dir='ltr'>cui</span> <span class='ocrx_word' id='word_1_428' title='bbox 1340 3150 1492 3230; x_wconf 87' lang='lat' dir='ltr'>serviebat</span> <span class='ocrx_word' id='word_1_429' title='bbox 1512 3199 1521 3226; x_wconf 91' lang='lat'>,</span> <span class='ocrx_word' id='word_1_430' title='bbox 1545 3171 1599 3218; x_wconf 87' lang='lat' dir='ltr'>aut</span> <span class='ocrx_word' id='word_1_431' title='bbox 1624 3152 1827 3217; x_wconf 77' lang='lat' dir='ltr'>destruttime</span> <span class='ocrx_word' id='word_1_432' title='bbox 1858 3148 1943 3215; x_wconf 80' lang='lat' dir='ltr'>vel&amp;</span> 
     </span>
    </p>
   </div>
   <div class='ocr_carea' id='block_1_7' title="bbox 242 3225 1950 3314">
    <p class='ocr_par' dir='ltr' id='par_1_7' title="bbox 242 3225 1950 3314">
     <span class='ocr_line' id='line_1_36' title="bbox 242 3225 1950 3314; baseline -0.004 -16"><span class='ocrx_word' id='word_1_433' title='bbox 242 3258 245 3265; x_wconf 93' lang='lat'>·</span> <span class='ocrx_word' id='word_1_434' title='bbox 340 3238 426 3299; x_wconf 84' lang='lat' dir='ltr'>item</span> <span class='ocrx_word' id='word_1_435' title='bbox 448 3252 484 3299; x_wconf 90' lang='lat' dir='ltr'>ut</span> <span class='ocrx_word' id='word_1_436' title='bbox 510 3231 695 3312; x_wconf 67' lang='lat' dir='ltr'>stillicidium</span> <span class='ocrx_word' id='word_1_437' title='bbox 722 3236 888 3314; x_wconf 83' lang='lat' dir='ltr'>recipiatur</span> <span class='ocrx_word' id='word_1_438' title='bbox 915 3233 1111 3313; x_wconf 67' lang='lat' dir='ltr'>incessum,</span> <span class='ocrx_word' id='word_1_439' title='bbox 1148 3232 1278 3310; x_wconf 81' lang='lat' dir='ltr'>praedli,</span> <span class='ocrx_word' id='word_1_440' title='bbox 1297 3236 1328 3295; x_wconf 88' lang='lat' dir='ltr'>in</span> <span class='ocrx_word' id='word_1_441' title='bbox 1345 3234 1433 3296; x_wconf 81' lang='lat' dir='ltr'>euius</span> <span class='ocrx_word' id='word_1_442' title='bbox 1448 3233 1579 3310; x_wconf 81' lang='lat' dir='ltr'>gratiam</span> <span class='ocrx_word' id='word_1_443' title='bbox 1599 3227 1913 3297; x_wconf 71' lang='lat' dir='ltr'>constitutaeratser-</span> <span class='ocrx_word' id='word_1_444' title='bbox 1930 3225 1950 3274; x_wconf 74' lang='lat'>¹⁵</span> 
     </span>
    </p>
   </div>
   <div class='ocr_carea' id='block_1_8' title="bbox 336 3309 1944 4916">
    <p class='ocr_par' dir='ltr' id='par_1_8' title="bbox 336 3309 1944 4835">
     <span class='ocr_line' id='line_1_37' title="bbox 340 3309 1914 3394; baseline -0.004 -17"><span class='ocrx_word' id='word_1_445' title='bbox 340 3313 402 3379; x_wconf 32' lang='lat' dir='ltr'>,vel</span> <span class='ocrx_word' id='word_1_446' title='bbox 423 3332 525 3378; x_wconf 86' lang='lat' dir='ltr'>aream</span> <span class='ocrx_word' id='word_1_447' title='bbox 541 3332 647 3392; x_wconf 91' lang='lat' dir='ltr'>tuam,</span> <span class='ocrx_word' id='word_1_448' title='bbox 664 3318 740 3379; x_wconf 84' lang='lat' dir='ltr'>item</span> <span class='ocrx_word' id='word_1_449' title='bbox 759 3332 795 3393; x_wconf 86' lang='lat' dir='ltr'>ut</span> <span class='ocrx_word' id='word_1_450' title='bbox 813 3315 929 3394; x_wconf 78' lang='lat' dir='ltr'>lignum</span> <span class='ocrx_word' id='word_1_451' title='bbox 957 3314 1110 3393; x_wconf 69' lang='lat' dir='ltr'>immitta-</span> <span class='ocrx_word' id='word_1_452' title='bbox 1149 3317 1253 3393; x_wconf 86' lang='lat' dir='ltr'>vitus,</span> <span class='ocrx_word' id='word_1_453' title='bbox 1272 3315 1326 3381; x_wconf 89' lang='lat' dir='ltr'>vel</span> <span class='ocrx_word' id='word_1_454' title='bbox 1347 3313 1474 3386; x_wconf 83' lang='lat' dir='ltr'>reiquae</span> <span class='ocrx_word' id='word_1_455' title='bbox 1494 3309 1683 3393; x_wconf 75' lang='lat' dir='ltr'>occasionem</span> <span class='ocrx_word' id='word_1_456' title='bbox 1709 3311 1833 3376; x_wconf 81' lang='lat' dir='ltr'>dederat</span> <span class='ocrx_word' id='word_1_457' title='bbox 1854 3309 1914 3372; x_wconf 81' lang='lat' dir='ltr'>lsr-</span> 
     </span>
     <span class='ocr_line' id='line_1_38' title="bbox 336 3386 1915 3479; baseline -0.003 -22"><span class='ocrx_word' id='word_1_458' title='bbox 336 3409 399 3457; x_wconf 75' lang='lat' dir='ltr'>tur</span> <span class='ocrx_word' id='word_1_459' title='bbox 418 3395 452 3458; x_wconf 89' lang='lat' dir='ltr'>in</span> <span class='ocrx_word' id='word_1_460' title='bbox 472 3414 593 3457; x_wconf 89' lang='lat' dir='ltr'>murum</span> <span class='ocrx_word' id='word_1_461' title='bbox 612 3411 701 3478; x_wconf 87' lang='lat' dir='ltr'>tuum</span> <span class='ocrx_word' id='word_1_462' title='bbox 716 3391 778 3461; x_wconf 74' lang='lat' dir='ltr'>&amp;n</span> <span class='ocrx_word' id='word_1_463' title='bbox 797 3397 870 3473; x_wconf 76' lang='lat' dir='ltr'>Leg.</span> <span class='ocrx_word' id='word_1_464' title='bbox 892 3415 920 3456; x_wconf 83' lang='lat' dir='ltr'>a.</span> <span class='ocrx_word' id='word_1_465' title='bbox 945 3398 972 3461; x_wconf 73' lang='lat'>5.</span> <span class='ocrx_word' id='word_1_466' title='bbox 987 3392 1025 3458; x_wconf 90' lang='lat' dir='ltr'>de</span> <span class='ocrx_word' id='word_1_467' title='bbox 1048 3392 1112 3473; x_wconf 82' lang='lat' dir='ltr'>ser·</span> <span class='ocrx_word' id='word_1_468' title='bbox 1149 3396 1269 3479; x_wconf 76' lang='lat' dir='ltr'>vituts:</span> <span class='ocrx_word' id='word_1_469' title='bbox 1286 3388 1401 3469; x_wconf 81' lang='lat' dir='ltr'>ltemsr</span> <span class='ocrx_word' id='word_1_470' title='bbox 1423 3386 1556 3469; x_wconf 88' lang='lat' dir='ltr'>sons,in</span> <span class='ocrx_word' id='word_1_471' title='bbox 1576 3413 1640 3471; x_wconf 88' lang='lat' dir='ltr'>quo</span> <span class='ocrx_word' id='word_1_472' title='bbox 1653 3409 1690 3465; x_wconf 90' lang='lat' dir='ltr'>ut</span> <span class='ocrx_word' id='word_1_473' title='bbox 1712 3412 1822 3471; x_wconf 82' lang='lat' dir='ltr'>aquam</span> <span class='ocrx_word' id='word_1_474' title='bbox 1838 3387 1915 3454; x_wconf 85' lang='lat' dir='ltr'>hau-</span> 
     </span>
     <span class='ocr_line' id='line_1_39' title="bbox 345 3469 1914 3557; baseline -0.004 -18"><span class='ocrx_word' id='word_1_475' title='bbox 345 3472 405 3539; x_wconf 79' lang='lat' dir='ltr'>vii.</span> <span class='ocrx_word' id='word_1_476' title='bbox 419 3473 529 3557; x_wconf 73' lang='lat' dir='ltr'>praedr&#39;l</span> <span class='ocrx_word' id='word_1_477' title='bbox 543 3472 607 3555; x_wconf 69' lang='lat' dir='ltr'>urb</span> <span class='ocrx_word' id='word_1_478' title='bbox 629 3481 670 3539; x_wconf 60' lang='grc' dir='ltr'><em>Ψ</em></span> <span class='ocrx_word' id='word_1_479' title='bbox 685 3472 813 3557; x_wconf 72' lang='lat' dir='ltr'>institut.</span> <span class='ocrx_word' id='word_1_480' title='bbox 834 3477 855 3539; x_wconf 92' lang='lat' dir='ltr'>l.</span> <span class='ocrx_word' id='word_1_481' title='bbox 878 3495 906 3537; x_wconf 86' lang='lat'>2.</span> <span class='ocrx_word' id='word_1_482' title='bbox 925 3474 972 3541; x_wconf 77' lang='lat' dir='ltr'>iil.</span> <span class='ocrx_word' id='word_1_483' title='bbox 994 3490 1023 3552; x_wconf 87' lang='lat'>3.</span> <span class='ocrx_word' id='word_1_484' title='bbox 1147 3475 1241 3552; x_wconf 87' lang='lat' dir='ltr'>rlres,</span> <span class='ocrx_word' id='word_1_485' title='bbox 1260 3494 1314 3553; x_wconf 89' lang='lat' dir='ltr'>per</span> <span class='ocrx_word' id='word_1_486' title='bbox 1332 3469 1460 3553; x_wconf 74' lang='lat' dir='ltr'>fundum</span> <span class='ocrx_word' id='word_1_487' title='bbox 1476 3491 1578 3543; x_wconf 83' lang='lat' dir='ltr'>meum</span> <span class='ocrx_word' id='word_1_488' title='bbox 1605 3470 1744 3538; x_wconf 80' lang='lat' dir='ltr'>transire</span> <span class='ocrx_word' id='word_1_489' title='bbox 1765 3487 1914 3550; x_wconf 87' lang='lat' dir='ltr'>poteras,</span> 
     </span>
     <span class='ocr_line' id='line_1_40' title="bbox 341 3546 1914 3634; baseline -0.004 -16"><span class='ocrx_word' id='word_1_490' title='bbox 341 3607 347 3618; x_wconf 91' lang='lat'>.</span> <span class='ocrx_word' id='word_1_491' title='bbox 385 3554 562 3634; x_wconf 85' lang='lat' dir='ltr'>Servitutes</span> <span class='ocrx_word' id='word_1_492' title='bbox 583 3551 809 3634; x_wconf 82' lang='lat' dir='ltr'>ruslicae,idest</span> <span class='ocrx_word' id='word_1_493' title='bbox 826 3555 1010 3633; x_wconf 83' lang='lat' dir='ltr'>praediorum</span> <span class='ocrx_word' id='word_1_494' title='bbox 1020 3551 1108 3617; x_wconf 87' lang='lat' dir='ltr'>rulli-</span> <span class='ocrx_word' id='word_1_495' title='bbox 1148 3550 1262 3619; x_wconf 78' lang='lat' dir='ltr'>arescat</span> <span class='ocrx_word' id='word_1_496' title='bbox 1285 3576 1293 3616; x_wconf 90' lang='lat'>:</span> <span class='ocrx_word' id='word_1_497' title='bbox 1315 3546 1444 3629; x_wconf 80' lang='lat' dir='ltr'>Quodn</span> <span class='ocrx_word' id='word_1_498' title='bbox 1466 3548 1534 3617; x_wconf 83' lang='lat' dir='ltr'>sons</span> <span class='ocrx_word' id='word_1_499' title='bbox 1555 3549 1741 3630; x_wconf 82' lang='lat' dir='ltr'>reviviscat,</span> <span class='ocrx_word' id='word_1_500' title='bbox 1760 3551 1914 3616; x_wconf 86' lang='lat' dir='ltr'>etiamius</span> 
     </span>
     <span class='ocr_line' id='line_1_41' title="bbox 341 3626 1910 3715; baseline -0.005 -16"><span class='ocrx_word' id='word_1_501' title='bbox 341 3654 451 3699; x_wconf 80' lang='lat' dir='ltr'>corum</span> <span class='ocrx_word' id='word_1_502' title='bbox 470 3631 540 3698; x_wconf 90' lang='lat' dir='ltr'>sunt</span> <span class='ocrx_word' id='word_1_503' title='bbox 556 3635 638 3711; x_wconf 88' lang='lat' dir='ltr'>iter,</span> <span class='ocrx_word' id='word_1_504' title='bbox 654 3632 755 3712; x_wconf 77' lang='lat' dir='ltr'>ailus,</span> <span class='ocrx_word' id='word_1_505' title='bbox 775 3640 827 3701; x_wconf 87' lang='lat' dir='ltr'>via</span> <span class='ocrx_word' id='word_1_506' title='bbox 849 3682 858 3715; x_wconf 89' lang='lat'>,</span> <span class='ocrx_word' id='word_1_507' title='bbox 880 3632 1111 3713; x_wconf 77' lang='lat' dir='ltr'>aequtednslus,</span> <span class='ocrx_word' id='word_1_508' title='bbox 1148 3649 1239 3699; x_wconf 89' lang='lat' dir='ltr'>tunm</span> <span class='ocrx_word' id='word_1_509' title='bbox 1263 3628 1459 3709; x_wconf 88' lang='lat' dir='ltr'>reviviscet,</span> <span class='ocrx_word' id='word_1_510' title='bbox 1489 3635 1630 3709; x_wconf 85' lang='lat' dir='ltr'>quamvis</span> <span class='ocrx_word' id='word_1_511' title='bbox 1661 3628 1842 3707; x_wconf 75' lang='lat' dir='ltr'>transaslum</span> <span class='ocrx_word' id='word_1_512' title='bbox 1872 3626 1910 3692; x_wconf 81' lang='lat' dir='ltr'>stt</span> 
     </span>
     <span class='ocr_line' id='line_1_42' title="bbox 342 3707 1944 3802; baseline -0.003 -24"><span class='ocrx_word' id='word_1_513' title='bbox 342 3712 380 3787; x_wconf 69' lang='grc' dir='ltr'><strong>ἁ</strong></span> <span class='ocrx_word' id='word_1_514' title='bbox 400 3712 448 3779; x_wconf 85' lang='lat' dir='ltr'>hae</span> <span class='ocrx_word' id='word_1_515' title='bbox 469 3714 612 3781; x_wconf 90' lang='lat' dir='ltr'>dicuntur</span> <span class='ocrx_word' id='word_1_516' title='bbox 632 3712 799 3800; x_wconf 85' lang='lat' dir='ltr'>servitutes</span> <span class='ocrx_word' id='word_1_517' title='bbox 823 3719 1017 3801; x_wconf 81' lang='lat' dir='ltr'>nominarae.</span> <span class='ocrx_word' id='word_1_518' title='bbox 1048 3719 1111 3778; x_wconf 76' lang='lat' dir='ltr'>iter</span> <span class='ocrx_word' id='word_1_519' title='bbox 1147 3729 1267 3802; x_wconf 78' lang='lat' dir='ltr'>tempus</span> <span class='ocrx_word' id='word_1_520' title='bbox 1284 3712 1321 3778; x_wconf 88' lang='lat' dir='ltr'>ad</span> <span class='ocrx_word' id='word_1_521' title='bbox 1342 3707 1596 3791; x_wconf 77' lang='lat' dir='ltr'>praescribendum</span> <span class='ocrx_word' id='word_1_522' title='bbox 1611 3713 1684 3792; x_wconf 78' lang='lat' dir='ltr'>leg.</span> <span class='ocrx_word' id='word_1_523' title='bbox 1712 3732 1760 3801; x_wconf 80' lang='lat'>54.</span> <span class='ocrx_word' id='word_1_524' title='bbox 1787 3712 1825 3774; x_wconf 92' lang='lat' dir='ltr'>de</span> <span class='ocrx_word' id='word_1_525' title='bbox 1851 3708 1944 3798; x_wconf 59' lang='lat' dir='ltr'>sem·</span> 
     </span>
     <span class='ocr_line' id='line_1_43' title="bbox 342 3788 1913 3877; baseline -0.009 -13"><span class='ocrx_word' id='word_1_526' title='bbox 342 3794 390 3864; x_wconf 71' lang='lat' dir='ltr'>est</span> <span class='ocrx_word' id='word_1_527' title='bbox 413 3798 479 3874; x_wconf 90' lang='lat' dir='ltr'>ius,</span> <span class='ocrx_word' id='word_1_528' title='bbox 494 3816 556 3872; x_wconf 89' lang='lat' dir='ltr'>quo</span> <span class='ocrx_word' id='word_1_529' title='bbox 573 3797 638 3871; x_wconf 87' lang='lat' dir='ltr'>quis</span> <span class='ocrx_word' id='word_1_530' title='bbox 656 3796 743 3871; x_wconf 88' lang='lat' dir='ltr'>pedes</span> <span class='ocrx_word' id='word_1_531' title='bbox 761 3797 810 3862; x_wconf 90' lang='lat' dir='ltr'>vel</span> <span class='ocrx_word' id='word_1_532' title='bbox 834 3817 926 3873; x_wconf 85' lang='lat' dir='ltr'>eques</span> <span class='ocrx_word' id='word_1_533' title='bbox 956 3815 1010 3874; x_wconf 91' lang='lat' dir='ltr'>per</span> <span class='ocrx_word' id='word_1_534' title='bbox 1030 3795 1110 3858; x_wconf 86' lang='lat' dir='ltr'>alte·</span> <span class='ocrx_word' id='word_1_535' title='bbox 1146 3805 1203 3861; x_wconf 76' lang='lat' dir='ltr'>vri.</span> <span class='ocrx_word' id='word_1_536' title='bbox 1226 3791 1366 3873; x_wconf 74' lang='lat' dir='ltr'>praeaiali</span> <span class='ocrx_word' id='word_1_537' title='bbox 1390 3792 1479 3859; x_wconf 84' lang='lat' dir='ltr'>§.de</span> <span class='ocrx_word' id='word_1_538' title='bbox 1503 3788 1611 3872; x_wconf 72' lang='lat' dir='ltr'>servii.</span> <span class='ocrx_word' id='word_1_539' title='bbox 1623 3793 1760 3872; x_wconf 79' lang='lat' dir='ltr'>praedron</span> <span class='ocrx_word' id='word_1_540' title='bbox 1785 3789 1913 3877; x_wconf 71' lang='lat' dir='ltr'>rusticor.</span> 
     </span>
     <span class='ocr_line' id='line_1_44' title="bbox 340 3866 1915 3955; baseline -0.004 -19"><span class='ocrx_word' id='word_1_541' title='bbox 340 3879 408 3943; x_wconf 79' lang='lat' dir='ltr'>sius</span> <span class='ocrx_word' id='word_1_542' title='bbox 428 3872 555 3939; x_wconf 90' lang='lat' dir='ltr'>fundum</span> <span class='ocrx_word' id='word_1_543' title='bbox 576 3874 974 3955; x_wconf 79' lang='lat' dir='ltr'>transire‚&amp;deambulare</span> <span class='ocrx_word' id='word_1_544' title='bbox 990 3873 1107 3954; x_wconf 83' lang='lat' dir='ltr'>potest.</span> <span class='ocrx_word' id='word_1_545' title='bbox 1147 3871 1194 3937; x_wconf 86' lang='lat' dir='ltr'>De</span> <span class='ocrx_word' id='word_1_546' title='bbox 1215 3871 1393 3950; x_wconf 78' lang='lat' dir='ltr'>possessione</span> <span class='ocrx_word' id='word_1_547' title='bbox 1409 3893 1479 3950; x_wconf 81' lang='lat' dir='ltr'>qnae</span> <span class='ocrx_word' id='word_1_548' title='bbox 1494 3870 1538 3935; x_wconf 86' lang='lat' dir='ltr'>eil</span> <span class='ocrx_word' id='word_1_549' title='bbox 1557 3873 1637 3937; x_wconf 83' lang='lat' dir='ltr'>alter</span> <span class='ocrx_word' id='word_1_550' title='bbox 1653 3873 1759 3951; x_wconf 84' lang='lat' dir='ltr'>modus</span> <span class='ocrx_word' id='word_1_551' title='bbox 1778 3866 1915 3932; x_wconf 88' lang='lat' dir='ltr'>hilceas·</span> 
     </span>
     <span class='ocr_line' id='line_1_45' title="bbox 344 3950 1914 4035; baseline -0.008 -15"><span class='ocrx_word' id='word_1_552' title='bbox 344 3954 409 4031; x_wconf 86' lang='lat' dir='ltr'>Qui</span> <span class='ocrx_word' id='word_1_553' title='bbox 433 3973 538 4035; x_wconf 84' lang='lat' dir='ltr'>autem</span> <span class='ocrx_word' id='word_1_554' title='bbox 567 3958 612 4020; x_wconf 91' lang='lat' dir='ltr'>ius</span> <span class='ocrx_word' id='word_1_555' title='bbox 643 3972 769 4021; x_wconf 89' lang='lat' dir='ltr'>tantum</span> <span class='ocrx_word' id='word_1_556' title='bbox 788 3955 1036 4034; x_wconf 74' lang='lat' dir='ltr'>babet&#39;itineris,</span> <span class='ocrx_word' id='word_1_557' title='bbox 1052 3951 1110 4017; x_wconf 83' lang='lat' dir='ltr'>etsi</span> <span class='ocrx_word' id='word_1_558' title='bbox 1146 3950 1214 4017; x_wconf 90' lang='lat' dir='ltr'>finis</span> <span class='ocrx_word' id='word_1_559' title='bbox 1235 3951 1406 4030; x_wconf 82' lang='lat' dir='ltr'>acquirendi</span> <span class='ocrx_word' id='word_1_560' title='bbox 1427 3952 1596 4016; x_wconf 91' lang='lat' dir='ltr'>dominium</span> <span class='ocrx_word' id='word_1_561' title='bbox 1613 3955 1644 4016; x_wconf 91' lang='lat' dir='ltr'>in</span> <span class='ocrx_word' id='word_1_562' title='bbox 1665 3972 1698 4030; x_wconf 82' lang='lat' dir='ltr'>re</span> <span class='ocrx_word' id='word_1_563' title='bbox 1713 3952 1834 4028; x_wconf 78' lang='lat' dir='ltr'>aliena,</span> <span class='ocrx_word' id='word_1_564' title='bbox 1851 3950 1914 4013; x_wconf 85' lang='lat' dir='ltr'>iam</span> 
     </span>
     <span class='ocr_line' id='line_1_46' title="bbox 344 4028 1859 4123; baseline -0.004 -24"><span class='ocrx_word' id='word_1_565' title='bbox 344 4033 435 4115; x_wconf 88' lang='lat' dir='ltr'>super</span> <span class='ocrx_word' id='word_1_566' title='bbox 455 4037 628 4113; x_wconf 84' lang='lat' dir='ltr'>iumentum</span> <span class='ocrx_word' id='word_1_567' title='bbox 648 4036 982 4117; x_wconf 79' lang='lat' dir='ltr'>transtrepolsrt,non</span> <span class='ocrx_word' id='word_1_568' title='bbox 1012 4033 1107 4115; x_wconf 74' lang='lat' dir='ltr'>potest</span> <span class='ocrx_word' id='word_1_569' title='bbox 1147 4030 1218 4097; x_wconf 89' lang='lat' dir='ltr'>satis</span> <span class='ocrx_word' id='word_1_570' title='bbox 1236 4031 1335 4099; x_wconf 71' lang='lat' dir='ltr'>aslum</span> <span class='ocrx_word' id='word_1_571' title='bbox 1353 4030 1417 4110; x_wconf 86' lang='lat' dir='ltr'>est,</span> <span class='ocrx_word' id='word_1_572' title='bbox 1438 4032 1489 4097; x_wconf 92' lang='lat' dir='ltr'>ubi</span> <span class='ocrx_word' id='word_1_573' title='bbox 1506 4033 1544 4097; x_wconf 88' lang='lat' dir='ltr'>de</span> <span class='ocrx_word' id='word_1_574' title='bbox 1563 4028 1789 4111; x_wconf 75' lang='lat' dir='ltr'>praescriptione</span> <span class='ocrx_word' id='word_1_575' title='bbox 1800 4035 1819 4090; x_wconf 87' lang='grc'>.’</span> <span class='ocrx_word' id='word_1_576' title='bbox 1852 4108 1859 4123; x_wconf 32' lang='grc' dir='ltr'><strong>ο</strong></span> 
     </span>
     <span class='ocr_line' id='line_1_47' title="bbox 345 4110 1913 4194; baseline -0.004 -17"><span class='ocrx_word' id='word_1_577' title='bbox 345 4131 455 4181; x_wconf 87' lang='lat' dir='ltr'>tamen</span> <span class='ocrx_word' id='word_1_578' title='bbox 487 4135 540 4193; x_wconf 88' lang='lat' dir='ltr'>per</span> <span class='ocrx_word' id='word_1_579' title='bbox 567 4117 655 4180; x_wconf 92' lang='lat' dir='ltr'>illum</span> <span class='ocrx_word' id='word_1_580' title='bbox 682 4115 791 4180; x_wconf 89' lang='lat' dir='ltr'>ducere</span> <span class='ocrx_word' id='word_1_581' title='bbox 823 4119 1024 4192; x_wconf 89' lang='lat' dir='ltr'>iumentum,</span> <span class='ocrx_word' id='word_1_582' title='bbox 1053 4131 1107 4179; x_wconf 82' lang='lat' dir='ltr'>aur</span> <span class='ocrx_word' id='word_1_583' title='bbox 1184 4114 1262 4194; x_wconf 90' lang='lat' dir='ltr'>Cum</span> <span class='ocrx_word' id='word_1_584' title='bbox 1289 4134 1391 4178; x_wconf 92' lang='lat' dir='ltr'>rerum</span> <span class='ocrx_word' id='word_1_585' title='bbox 1418 4110 1587 4177; x_wconf 87' lang='lat' dir='ltr'>dominium</span> <span class='ocrx_word' id='word_1_586' title='bbox 1621 4115 1913 4190; x_wconf 78' lang='lat' dir='ltr'>acquiraturetmm</span> 
     </span>
     <span class='ocr_line' id='line_1_48' title="bbox 342 4186 1914 4276; baseline -0.006 -17"><span class='ocrx_word' id='word_1_587' title='bbox 342 4194 549 4262; x_wconf 88' lang='lat' dir='ltr'>vehiculum.</span> <span class='ocrx_word' id='word_1_588' title='bbox 578 4201 681 4262; x_wconf 65' lang='lat' dir='ltr'>Adur</span> <span class='ocrx_word' id='word_1_589' title='bbox 700 4194 743 4260; x_wconf 89' lang='lat' dir='ltr'>est</span> <span class='ocrx_word' id='word_1_590' title='bbox 769 4199 817 4260; x_wconf 90' lang='lat' dir='ltr'>ius</span> <span class='ocrx_word' id='word_1_591' title='bbox 837 4196 965 4275; x_wconf 78' lang='lat' dir='ltr'>ducendi</span> <span class='ocrx_word' id='word_1_592' title='bbox 987 4198 1107 4271; x_wconf 87' lang='lat' dir='ltr'>iumen·</span> <span class='ocrx_word' id='word_1_593' title='bbox 1147 4195 1212 4258; x_wconf 90' lang='lat' dir='ltr'>iure</span> <span class='ocrx_word' id='word_1_594' title='bbox 1221 4191 1397 4276; x_wconf 73' lang='lat' dir='ltr'>particulari</span> <span class='ocrx_word' id='word_1_595' title='bbox 1417 4193 1531 4270; x_wconf 87' lang='lat' dir='ltr'>privati</span> <span class='ocrx_word' id='word_1_596' title='bbox 1552 4193 1682 4270; x_wconf 86' lang='lat' dir='ltr'>alicuius</span> <span class='ocrx_word' id='word_1_597' title='bbox 1708 4186 1883 4255; x_wconf 74' lang='lat' dir='ltr'>contradus</span> <span class='ocrx_word' id='word_1_598' title='bbox 1905 4234 1914 4263; x_wconf 93' lang='lat'>,</span> 
     </span>
     <span class='ocr_line' id='line_1_49' title="bbox 344 4271 1913 4359; baseline -0.007 -19"><span class='ocrx_word' id='word_1_599' title='bbox 344 4295 441 4355; x_wconf 88' lang='lat' dir='ltr'>tum,</span> <span class='ocrx_word' id='word_1_600' title='bbox 462 4275 698 4354; x_wconf 86' lang='lat' dir='ltr'>vehiculum,&amp;</span> <span class='ocrx_word' id='word_1_601' title='bbox 720 4292 860 4343; x_wconf 87' lang='lat' dir='ltr'>armenta</span> <span class='ocrx_word' id='word_1_602' title='bbox 884 4296 938 4358; x_wconf 89' lang='lat' dir='ltr'>per</span> <span class='ocrx_word' id='word_1_603' title='bbox 962 4277 1108 4352; x_wconf 84' lang='lat' dir='ltr'>praedium</span> <span class='ocrx_word' id='word_1_604' title='bbox 1147 4272 1198 4339; x_wconf 86' lang='lat' dir='ltr'>seu</span> <span class='ocrx_word' id='word_1_605' title='bbox 1213 4272 1457 4350; x_wconf 86' lang='lat' dir='ltr'>conventionis,</span> <span class='ocrx_word' id='word_1_606' title='bbox 1484 4274 1564 4349; x_wconf 88' lang='lat' dir='ltr'>quod</span> <span class='ocrx_word' id='word_1_607' title='bbox 1589 4271 1657 4337; x_wconf 83' lang='lat' dir='ltr'>fieti</span> <span class='ocrx_word' id='word_1_608' title='bbox 1683 4272 1837 4347; x_wconf 84' lang='lat' dir='ltr'>contingit</span> <span class='ocrx_word' id='word_1_609' title='bbox 1859 4287 1913 4359; x_wconf 88' lang='lat' dir='ltr'>per</span> 
     </span>
     <span class='ocr_line' id='line_1_50' title="bbox 343 4350 1915 4438; baseline -0.005 -20"><span class='ocrx_word' id='word_1_610' title='bbox 343 4357 490 4421; x_wconf 81' lang='lat' dir='ltr'>alterius.</span> <span class='ocrx_word' id='word_1_611' title='bbox 506 4355 566 4419; x_wconf 81' lang='lat' dir='ltr'>&#39;Via</span> <span class='ocrx_word' id='word_1_612' title='bbox 585 4375 751 4431; x_wconf 82' lang='lat' dir='ltr'>utrumque</span> <span class='ocrx_word' id='word_1_613' title='bbox 764 4360 923 4435; x_wconf 78' lang='lat' dir='ltr'>continet,</span> <span class='ocrx_word' id='word_1_614' title='bbox 941 4353 1015 4438; x_wconf 84' lang='lat' dir='ltr'>idesl</span> <span class='ocrx_word' id='word_1_615' title='bbox 1031 4359 1108 4433; x_wconf 91' lang='lat' dir='ltr'>iter,</span> <span class='ocrx_word' id='word_1_616' title='bbox 1148 4355 1248 4417; x_wconf 87' lang='lat' dir='ltr'>varios</span> <span class='ocrx_word' id='word_1_617' title='bbox 1267 4351 1412 4429; x_wconf 83' lang='lat' dir='ltr'>speciales</span> <span class='ocrx_word' id='word_1_618' title='bbox 1432 4350 1629 4427; x_wconf 73' lang='lat' dir='ltr'>contradus,</span> <span class='ocrx_word' id='word_1_619' title='bbox 1649 4350 1701 4415; x_wconf 94' lang='lat' dir='ltr'>seu</span> <span class='ocrx_word' id='word_1_620' title='bbox 1729 4363 1915 4415; x_wconf 84' lang='lat' dir='ltr'>conventio·</span> 
     </span>
     <span class='ocr_line' id='line_1_51' title="bbox 343 4425 1915 4521; baseline -0.008 -20"><span class='ocrx_word' id='word_1_621' title='bbox 343 4436 379 4501; x_wconf 76' lang='grc' dir='ltr'>δι</span> <span class='ocrx_word' id='word_1_622' title='bbox 397 4434 514 4516; x_wconf 76' lang='lat' dir='ltr'>adium.</span> <span class='ocrx_word' id='word_1_623' title='bbox 532 4434 652 4513; x_wconf 83' lang='lat' dir='ltr'>ideirco</span> <span class='ocrx_word' id='word_1_624' title='bbox 679 4434 723 4516; x_wconf 70' lang='lat' dir='ltr'>esi</span> <span class='ocrx_word' id='word_1_625' title='bbox 749 4438 796 4501; x_wconf 91' lang='lat' dir='ltr'>ius</span> <span class='ocrx_word' id='word_1_626' title='bbox 820 4438 930 4513; x_wconf 91' lang='lat' dir='ltr'>eundi,</span> <span class='ocrx_word' id='word_1_627' title='bbox 951 4436 1108 4518; x_wconf 80' lang='lat' dir='ltr'>ambulen·</span> <span class='ocrx_word' id='word_1_628' title='bbox 1145 4453 1197 4497; x_wconf 91' lang='lat' dir='ltr'>nes</span> <span class='ocrx_word' id='word_1_629' title='bbox 1207 4435 1272 4521; x_wconf 70' lang='lat' dir='ltr'>,iuti</span> <span class='ocrx_word' id='word_1_630' title='bbox 1283 4453 1334 4509; x_wconf 88' lang='lat' dir='ltr'>per</span> <span class='ocrx_word' id='word_1_631' title='bbox 1350 4425 1915 4521; x_wconf 71' lang='lat' dir='ltr'>emptionemdonationem,emphy-</span> 
     </span>
     <span class='ocr_line' id='line_1_52' title="bbox 342 4508 1913 4596; baseline -0.006 -16"><span class='ocrx_word' id='word_1_632' title='bbox 342 4518 400 4590; x_wconf 89' lang='lat' dir='ltr'>di,</span> <span class='ocrx_word' id='word_1_633' title='bbox 425 4513 628 4592; x_wconf 64' lang='lat' dir='ltr'>amentaque</span> <span class='ocrx_word' id='word_1_634' title='bbox 654 4513 783 4592; x_wconf 85' lang='lat' dir='ltr'>ducendi</span> <span class='ocrx_word' id='word_1_635' title='bbox 812 4535 868 4596; x_wconf 86' lang='lat' dir='ltr'>per</span> <span class='ocrx_word' id='word_1_636' title='bbox 883 4513 1008 4591; x_wconf 74' lang='lat' dir='ltr'>fundum</span> <span class='ocrx_word' id='word_1_637' title='bbox 1034 4515 1097 4581; x_wconf 88' lang='lat' dir='ltr'>alre</span> <span class='ocrx_word' id='word_1_638' title='bbox 1146 4514 1272 4587; x_wconf 84' lang='lat' dir='ltr'>teulttn,</span> <span class='ocrx_word' id='word_1_639' title='bbox 1293 4511 1436 4584; x_wconf 87' lang='lat' dir='ltr'>seudum,</span> <span class='ocrx_word' id='word_1_640' title='bbox 1456 4509 1490 4577; x_wconf 79' lang='lat' dir='ltr'>dt</span> <span class='ocrx_word' id='word_1_641' title='bbox 1510 4510 1696 4596; x_wconf 71' lang='lat' dir='ltr'>huiusmodi5</span> <span class='ocrx_word' id='word_1_642' title='bbox 1716 4530 1787 4587; x_wconf 76' lang='lat' dir='ltr'>cum</span> <span class='ocrx_word' id='word_1_643' title='bbox 1806 4508 1913 4570; x_wconf 85' lang='lat' dir='ltr'>himo·</span> 
     </span>
     <span class='ocr_line' id='line_1_53' title="bbox 340 4584 1911 4675; baseline -0.007 -14"><span class='ocrx_word' id='word_1_644' title='bbox 340 4600 422 4663; x_wconf 79' lang='lat' dir='ltr'>tius.</span> <span class='ocrx_word' id='word_1_645' title='bbox 441 4588 517 4661; x_wconf 63' lang='lat' dir='ltr'><em>s</em></span> <span class='ocrx_word' id='word_1_646' title='bbox 559 4595 776 4663; x_wconf 61' lang='lat' dir='ltr'>musellius</span> <span class='ocrx_word' id='word_1_647' title='bbox 798 4588 925 4675; x_wconf 78' lang='lat' dir='ltr'>ducendi</span> <span class='ocrx_word' id='word_1_648' title='bbox 937 4594 1044 4672; x_wconf 66' lang='lat' dir='ltr'>adriam</span> <span class='ocrx_word' id='word_1_649' title='bbox 1055 4615 1107 4674; x_wconf 91' lang='lat' dir='ltr'>per</span> <span class='ocrx_word' id='word_1_650' title='bbox 1145 4591 1471 4670; x_wconf 85' lang='lat' dir='ltr'>dipotinspertineant</span> <span class='ocrx_word' id='word_1_651' title='bbox 1489 4593 1528 4657; x_wconf 88' lang='lat' dir='ltr'>ad</span> <span class='ocrx_word' id='word_1_652' title='bbox 1546 4594 1700 4658; x_wconf 86' lang='lat' dir='ltr'>rationem</span> <span class='ocrx_word' id='word_1_653' title='bbox 1719 4584 1911 4662; x_wconf 64' lang='lat' dir='ltr'>contradus,</span> 
     </span>
     <span class='ocr_line' id='line_1_54' title="bbox 341 4664 1915 4752; baseline -0.004 -12"><span class='ocrx_word' id='word_1_654' title='bbox 341 4677 477 4741; x_wconf 78' lang='lat' dir='ltr'>alienum</span> <span class='ocrx_word' id='word_1_655' title='bbox 502 4674 640 4741; x_wconf 73' lang='lat' dir='ltr'>nn&#39;tltnn.</span> <span class='ocrx_word' id='word_1_656' title='bbox 657 4674 739 4741; x_wconf 89' lang='lat' dir='ltr'>Sunt</span> <span class='ocrx_word' id='word_1_657' title='bbox 754 4695 832 4741; x_wconf 90' lang='lat' dir='ltr'>veto</span> <span class='ocrx_word' id='word_1_658' title='bbox 851 4676 921 4742; x_wconf 78' lang='lat' dir='ltr'>alite</span> <span class='ocrx_word' id='word_1_659' title='bbox 942 4674 1107 4741; x_wconf 82' lang='lat' dir='ltr'>servitutes</span> <span class='ocrx_word' id='word_1_660' title='bbox 1147 4673 1216 4736; x_wconf 89' lang='lat' dir='ltr'>hinc</span> <span class='ocrx_word' id='word_1_661' title='bbox 1242 4668 1280 4735; x_wconf 88' lang='lat' dir='ltr'>de</span> <span class='ocrx_word' id='word_1_662' title='bbox 1309 4670 1354 4736; x_wconf 88' lang='lat' dir='ltr'>his</span> <span class='ocrx_word' id='word_1_663' title='bbox 1384 4692 1474 4751; x_wconf 81' lang='lat' dir='ltr'>agere</span> <span class='ocrx_word' id='word_1_664' title='bbox 1501 4675 1707 4752; x_wconf 86' lang='lat' dir='ltr'>remittimus,</span> <span class='ocrx_word' id='word_1_665' title='bbox 1726 4669 1848 4748; x_wconf 75' lang='lat' dir='ltr'>quando</span> <span class='ocrx_word' id='word_1_666' title='bbox 1877 4664 1915 4730; x_wconf 85' lang='lat' dir='ltr'>de</span> 
     </span>
     <span class='ocr_line' id='line_1_55' title="bbox 340 4746 1612 4835; baseline -0.008 -9"><span class='ocrx_word' id='word_1_667' title='bbox 340 4755 479 4835; x_wconf 66' lang='lat' dir='ltr'>rustice,</span> <span class='ocrx_word' id='word_1_668' title='bbox 496 4776 566 4834; x_wconf 67' lang='lat' dir='ltr'>quo</span> <span class='ocrx_word' id='word_1_669' title='bbox 585 4757 730 4821; x_wconf 87' lang='lat' dir='ltr'>dicuntur</span> <span class='ocrx_word' id='word_1_670' title='bbox 745 4758 968 4834; x_wconf 81' lang='lat' dir='ltr'>innominatae,</span> <span class='ocrx_word' id='word_1_671' title='bbox 984 4755 1017 4822; x_wconf 80' lang='lat' dir='ltr'>dt</span> <span class='ocrx_word' id='word_1_672' title='bbox 1037 4751 1106 4818; x_wconf 92' lang='lat' dir='ltr'>sunt</span> <span class='ocrx_word' id='word_1_673' title='bbox 1144 4749 1347 4819; x_wconf 76' lang='lat' dir='ltr'>contradibus</span> <span class='ocrx_word' id='word_1_674' title='bbox 1362 4746 1612 4830; x_wconf 75' lang='lat' dir='ltr'>pertraslabitut.</span> 
     </span>
    </p>

    <p class='ocr_par' dir='ltr' id='par_1_9' title="bbox 341 4833 1106 4916">
     <span class='ocr_line' id='line_1_56' title="bbox 341 4833 1106 4916; baseline -0.004 -16"><span class='ocrx_word' id='word_1_675' title='bbox 341 4839 388 4903; x_wconf 92' lang='lat' dir='ltr'>ius</span> <span class='ocrx_word' id='word_1_676' title='bbox 407 4844 523 4915; x_wconf 76' lang='lat' dir='ltr'>aquam</span> <span class='ocrx_word' id='word_1_677' title='bbox 540 4836 725 4913; x_wconf 67' lang='lat' dir='ltr'>hauriendi,</span> <span class='ocrx_word' id='word_1_678' title='bbox 754 4856 866 4916; x_wconf 82' lang='lat' dir='ltr'>pecora</span> <span class='ocrx_word' id='word_1_679' title='bbox 890 4833 1106 4915; x_wconf 77' lang='lat' dir='ltr'>adecqitmdi,</span> 
     </span>
    </p>
   </div>
   <div class='ocr_carea' id='block_1_9' title="bbox 0 0 2225 6000">
    <p class='ocr_par' dir='ltr' id='par_1_10' title="bbox 0 0 2225 6000">
     <span class='ocr_line' id='line_1_57' title="bbox 0 0 2225 6000; baseline 0 0"><span class='ocrx_word' id='word_1_680' title='bbox 0 0 2225 6000; x_wconf 95' lang='lat' dir='ltr'> </span> 
     </span>
    </p>
   </div>
  </div>
 </body>
</html>
