4425 6000
521 537 1564 617 Trunca.ocSeru·trunrsCar.Unro'.‘
1697 543 1772 640 485

259 644 421 716 existentia
441 644 569 705 omnino
593 638 653 704 esse
674 643 858 705 rennuenda
914 637 947 703 dc
976 662 1027 703 ca·
1063 636 1104 702 esl
1123 635 1325 703 Ecclesiamm
1342 636 1559 719 consuetudo,·
1591 658 1653 705 non
1678 638 1767 708 sacile
1787 639 1836 710 tae

259 730 376 794 devera
392 718 601 788 desunsiorum
622 723 653 782 in
675 719 785 783 tumbis
813 687 967 796 probandis
984 723 1029 781 in·
1065 736 1135 779 men
1150 718 1183 780 in
1199 715 1285 780 simili
1311 722 1436 793 negotio
1464 720 1615 785 Parochus
1639 723 1836 801 negligendus

267 826 316 871 tra
343 824 458 870 terram
491 800 638 865 collocari
675 798 785 864 debere
814 821 822 862 :
863 816 932 861 nasi
958 796 1028 862 solis
1065 793 1132 871 est,
1158 817 1228 860 cum
1250 795 1301 872 ipsi
1330 798 1474 862 Gentiles
1494 801 1624 865 Romani
1646 822 1753 867 curam
1771 800 1836 866 Fu·

261 888 392 950 Summis
413 879 610 946 Pontificibus
628 882 778 956 competit
796 881 1029 957 praerogativa,
1066 876 1219 939 neralinm
1239 877 1434 941 Pontificibus
1450 896 1598 956 tanquam
1615 899 1718 944 rerum
1736 878 1836 960 sacra·¹

263 983 301 1030 ut
322 984 431 1028 eorum
463 980 589 1035 corpora
619 953 801 1034 sepeliantur
828 962 859 1021 in
885 957 1028 1021 condito·
1066 974 1134 1018 rum
1155 954 1506 1021 Ministrisdetulerint.
1528 957 1730 1036 Van-Elpeo.

264 1050 318 1109 riis
339 1043 643 1112 elevationum,
672 1056 706 1101 ut
732 1038 836 1101 videre
858 1034 900 1100 css
921 1040 953 1099 in
969 1036 1028 1099 Ba·
1105 1033 1448 1124 Sepulturaeconslrni
1488 1039 1609 1114 possunt
1651 1043 1682 1102 in
1723 1041 1835 1117 quovis

259 1123 347 1188 blica
363 1123 536 1193 Vaticana,
554 1134 589 1180 ut
613 1136 652 1179 ue
672 1116 793 1193 quidem
813 1114 951 1180 Personae
967 1117 1029 1178 Re·
1066 1111 1137 1176 loco
1159 1113 1310 1192 Religioso
1329 1163 1338 1193 ‚
1359 1114 1431 1179 idesl
1446 1115 1498 1180 ubi
1515 1116 1630 1181 Divina
1651 1116 1764 1183 Officia
1784 1139 1833 1185 ce-

264 1204 346 1284 gales
365 1250 373 1279 ‚
394 1201 450 1264 hac
490 1199 621 1262 audeant
643 1199 847 1273 praerogativa
869 1193 955 1260 sicuti
976 1214 1028 1258 no·
1066 1192 1223 1280 lebrantur
1240 1242 1248 1271 ,
1267 1194 1301 1260 ἃ
1317 1193 1359 1258 ess
1374 1198 1542 1260 communie
1562 1215 1598 1262 ut
1618 1198 1651 1259 in
1672 1219 1737 1276 cap.
1756 1204 1832 1263 Fra·

263 1280 382 1348 vislime
420 1282 520 1345 vium
561 1274 619 1339 snit
662 1278 694 1338 in
731 1274 885 1339 Chrislina
913 1276 958 1337 Re
980 1278 1029 1337 ina
1066 1283 1234 1337 lenticum
1253 1290 1280 1354 3.
1307 1275 1528 1353 deSrpullurr's
1553 1296 1619 1350 cap.
1639 1278 1834 1343 Animarum

264 1363 434 1427 Succorum
461 1355 579 1434 sepulta
601 1358 632 1417 in
656 1355 763 1420 eadem
783 1353 909 1419 Basilica
930 1296 1030 1417 subter
1068 1371 1094 1412 1.
1112 1353 1174 1415 irato
1202 1355 1232 1414 in
1260 1355 1329 1417 loco
1352 1359 1447 1417 etiam
1471 1358 1569 1418 minus
1591 1356 1744 1435 Religioso
1760 1403 1769 1437 ,
1786 1358 1832 1422 id·

266 1434 564 1506 terram.1ttdisla
594 1454 697 1499 tamen
719 1434 757 1496 .S.
779 1436 823 1496 Pii
845 1434 884 1495 V.
910 1430 1030 1509 disposr·
1065 1428 1107 1494 ess
1155 1428 1205 1494 ubi
1243 1433 1358 1498 Divina
1400 1432 1514 1499 Officia
1555 1437 1653 1499 minus
1691 1433 1834 1515 frequen·

267 1526 355 1586 tione
391 1538 452 1582 non
489 1512 786 1591 comprehenduntur
826 1529 1027 1577 nronnmenta
1066 1526 1115 1575 ter
1138 1509 1358 1590 celebrantur,
1382 1512 1415 1577 ἀ
1445 1512 1510 1579 haec
1538 1517 1652 1591 paritet
1679 1516 1721 1579 ess
1748 1538 1836 1582 coro·

266 1602 360 1665 mutis
380 1646 389 1675 ‚
416 1594 466 1660 seu
485 1594 637 1658 columnis
658 1591 846 1656 adhaerentia
864 1593 1030 1668 ptaesertipr
1065 1594 1171 1679 munis,
1184 1611 1249 1666 cap.
1266 1597 1345 1657 Cum
1364 1593 1430 1672 quis
1449 1612 1478 1655 2.
1489 1594 1524 1676 ᾖ
1542 1594 1579 1660 si
1597 1594 1662 1672 quis
1679 1595 1715 1660 dr
1733 1595 1834 1676 sepul&

267 1680 383 1743 anrotis
399 1673 619 1750 cadaveribus,
638 1676 708 1747 quia
730 1672 794 1736 haec
816 1672 931 1735 millam
948 1672 1029 1734 inde·
1064 1682 1139 1733 suris
1157 1689 1191 1733 ur
1207 1674 1235 1732 6.

265 1761 435 1828 centiam,
459 1756 525 1835 imo
554 1773 697 1831 magnum
722 1769 937 1817 ornamentum
971 1750 1029 1815 Ec·
1105 1752 1163 1814 Pro
1179 1754 1245 1814 iure
1260 1752 1447 1833 Sepultura,
1467 1754 1678 1835 seuproloco,
1695 1772 1748 1819 aut
1766 1752 1839 1821 sun.

265 1835 361 1900 clesris
385 1832 544 1899 afferunt.
577 1832 624 1895 Sic
652 1831 743 1894 Sacra
765 1830 971 1911 congregatio
998 1833 1029 1894 in
1065 1829 1104 1893 do
1129 1829 1341 1897 consituendae
1364 1833 1564 1913 Sepultura,
1594 1832 1666 1898 idesl
1687 1855 1746 1914 pro
1767 1837 1844 1901 iure·

266 1916 442 1979 Mantuana
465 1927 511 1988 13.
534 1910 672 1975 Oilobris
695 1928 779 1991 1575
1065 1926 1101 1973 ut
1117 1910 1225 1985 aliquis
1245 1928 1333 1976 certo
1348 1913 1415 1976 loco
1435 1912 1596 1991 Eccsefiae,
1617 1914 1670 1979 vel
1685 1932 1837 1990 coemete-¹

309 1995 377 2059 Nec
402 1991 614 2057 tantummodo
635 1988 699 2052 solli
722 2011 767 2054 ita
792 1984 851 2053 suit
869 1986 1031 2069 Ecclesia,
1067 1990 1102 2051 tii
1124 1988 1317 2069 sepeliatur,
1342 1992 1468 2057 Clericis
1489 1996 1585 2056 etiam
1615 2010 1710 2070 atque
1738 1997 1834 2060 etiam

268 2092 303 2140 ut
335 2070 537 2137 huiuscemodi
567 2069 703 2160 tolleret·
740 2069 828 2133 busns
848 2117 857 2147 ,
880 2066 928 2131 sed
948 2066 1030 2133 insu·
1068 2072 1202 2132 vetitum
1222 2067 1281 2133 suit
1304 2091 1356 2147 per
1375 2072 1836 2150 SaetosCaoonesterrampro

289 2174 322 2217 et
342 2156 432 2217 enixe
453 2150 563 2214 studuit
584 2152 698 2226 etiam,
712 2166 749 2213 ut
769 2152 803 2211 in
822 2148 866 2211 his
887 2152 1028 2225 tempori·
1065 2144 1201 2223 sepulcro
1221 2151 1377 2227 vendere,
1405 2153 1450 2215 ita
1468 2169 1504 2215 ut
1522 2155 1602 2217 citra
1620 2148 1755 2218 fiaeonlae
1784 2156 1834 2218 vi·

267 2175 322 2375 sus
339 2227 774 2375 rusurensi?
788 2278 797 2309 ‚
810 2228 1030 2372 itui·
1067 2227 1313 2384 {titillet
1335 2230 1444 2384 itu
1465 2231 1517 2324 ¹⁹¹¹·
1543 2233 1666 2375 ui

288 2331 439 2376 emnem
583 2331 595 2369 r
668 2357 677 2388 ,
757 2331 788 2370 m
885 2331 1030 2371 cmm·
1304 2352 1314 2385 ‚
1446 2331 1555 2386 rcrprp
1647 2332 1695 2387 ,n
1758 2331 1834 2388 quo·

270 2396 354 2455 xime
377 2387 558 2455 laudabilem
576 2385 748 2453 restitueret
766 2388 952 2464 disciplinam
970 2437 978 2465 ,
996 2387 1030 2454 ἀ
1065 2406 1126 2461 quo
1140 2387 1230 2451 modo
1246 2407 1299 2466 pro
1328 2388 1479 2460 Fidelibue
1508 2389 1680 2467 sepeliendis
1706 2409 1835 2456 munera

268 2491 331 2534 non
355 2471 408 2532 nili
426 2467 603 2535 necessitate
623 2484 794 2545 temporum
810 2466 1032 2544 quodammodo
1066 2468 1189 2545 exigere
1209 2488 1299 2542 ,cum
1316 2467 1371 2533 hoc
1392 2471 1524 2531 maxime
1534 2486 1682 2547 repugnet
1700 2471 1835 2547 Religio·

268 2568 399 2628 cogente
420 2546 529 2613 saslum
545 2544 621 2623 fuit,
641 2566 676 2611 ut
698 2546 1031 2627 aliquandorecederen
1067 2548 1119 2623 ni,
1137 2548 1222 2609 cuius
1242 2545 1285 2610 css
1305 2550 1491 2623 praecipuum
1511 2549 1646 2613 officium
1672 2570 1744 2613 cura
1772 2549 1833 2613 De·

270 2651 307 2694 ac
327 2630 362 2692 de
382 2649 420 2693 ea
441 2633 634 2702 renrittetet;
655 2627 689 2713 dc
708 2646 816 2691 revera
838 2647 921 2692 anno
945 2642 1030 2705 1593.
1067 2621 1264 2701 laneorum,
1292 2625 1326 2692 ἀ
1348 2648 1419 2691 cum
1447 2648 1556 2707 magna
1586 2628 1734 2707 religione
1759 2627 1837 2694 illud

267 2708 439 2772 inculcavit
464 2726 604 2772 veterem
632 2705 819 2782 disciplinam
843 2706 879 2769 de
900 2728 963 2772 non
986 2704 1030 2769 se·
1068 2705 1226 2767 servatum
1240 2702 1318 2783 snit,
1334 2727 1398 2770 non
1417 2702 1515 2770 solnm
1533 2727 1552 2771 a
1569 2707 1696 2784 lndaeis,
1722 2704 1770 2772 sed
1796 2707 1834 2772 ab

268 2788 415 2865 pe'liendis
448 2786 648 2852 cadaveribus
677 2789 709 2847 in
733 2784 872 2849 Ecclcsris
894 2808 960 2863 cap.
985 2789 1032 2850 Sc·
1068 2783 1135 2857 ipsis
1161 2783 1340 2872 Gentilibus
1367 2787 1515 2849 Romanis
1551 2812 1561 2849 .·
1626 2788 1708 2850 siunt
1730 2805 1835 2851 tamen

266 2865 424 2946 paliuris,
455 2867 592 2943 idemque
611 2866 746 2929 decrevit
770 2866 876 2928 codem
897 2886 978 2931 anno
1002 2868 1031 2927 in
1069 2861 1262 2927 Ecclesiastici
1287 2867 1419 2941 recipere
1441 2862 1548 2941 srqtrid
1596 2884 1688 2941 ponte
1717 2865 1835 2944 libere,

270 2946 413 3010 Concilio
450 2944 652 3035 burdigalensi
684 2965 752 3030 cap.
775 2958 822 3023 30.
863 2944 912 3010 ubi
949 2949 1032 3009 inter
1067 2959 1120 3006 ant
1141 2941 1177 3005 ab
1193 2942 1260 3021 ipsis
1279 2941 1427 3009 desunslis
1449 2944 1521 3009 dum
1543 2949 1709 3022 viverent,
1730 2947 1780 3010 vel
1797 2945 1835 3010 ab

292 3024 459 3089 rarissimos
479 3026 586 3093 abusus
601 3031 681 3091 circa
698 3025 866 3099 sepulturas
882 3021 1030 3090 recensuit
1067 3042 1173 3086 eorum
1194 3022 1360 3088 haeredibus
1379 3024 1580 3100 poslmortem
1603 3023 1832 3108 proeleemosyv

271 3048 350 3169 banc
371 3103 572 3181 promiscuam
595 3104 755 3184 sepeliendi
787 3107 817 3167 in
834 3104 973 3169 Ecclesris
996 3104 1033 3167 li·
1068 3123 1127 3178 na,
1144 3102 1194 3166 vel
1212 3102 1406 3168 luminaribus
1426 3103 1569 3170 oblatttm
1589 3102 1701 3169 suerit.
1728 3105 1836 3173 Caeter

270 3188 434 3261 centiam,
464 3206 499 3250 ac
520 3186 627 3252 slatnit
647 3233 655 3262 ,
679 3200 716 3249 ut
741 3186 774 3246 in
794 3183 933 3249 Ecclesiis
956 3183 1030 3249 nulli
1068 3204 1136 3246 rum
1156 3185 1217 3257 peti
1238 3201 1291 3248 aut
1306 3187 1385 3261 exigi
1402 3188 1531 3251 otnnino
1549 3186 1593 3250 esi
1626 3188 1836 3260 vetitum,ne

269 3262 407 3341 deinceps
424 3262 634 3345 sepeliantur,
667 3263 721 3327 nisi
754 3260 868 3331 suerint
888 3265 1031 3328 Sacerdo·
1068 3280 1123 3325 atrt
1141 3261 1260 3326 venalis
1281 3264 1402 3327 dicatur
1422 3266 1607 3342 sepultura,
1637 3283 1692 3330 aut
1722 3266 1836 3330 Clerici

270 3343 760 3425 res‚p10nttnrapraescubnnt‚
791 3343 841 3407 vel
863 3343 954 3409 sacris
975 3346 1032 3404 ini·
1067 3341 1278 3404 dehominum
1298 3345 1427 3405 interitu
1451 3344 1579 3420 gaudere
1604 3343 1836 3424 videantur,sr

270 3426 361 3501 elati,
382 3422 414 3488 ἒ(
436 3424 576 3502 Religiosr
592 3471 600 3499 ,
618 3447 672 3489 nec
694 3444 755 3486 oon
768 3423 970 3489 Ecclesratum
978 3426 1033 3486 Pa·
1067 3441 1107 3484 ex
1126 3421 1250 3485 illorum
1264 3419 1462 3486 cadaveribus
1471 3420 1610 3502 studeant
1628 3423 1738 3488 habete
1753 3445 1837 3491 cont·

271 3507 371 3566 troni.
402 3505 465 3566 Alii
493 3523 599 3568 alitem
626 3509 678 3580 qni
694 3502 868 3568 Nobilitate
894 3503 1032 3568 &men-
1069 3500 1227 3574 pendium.
1250 3499 1290 3563 Et
1312 3520 1421 3565 revera
1437 3502 1619 3578 spirituale,
1640 3501 1837 3578 qualeesise·

271 3585 311 3641 tis
332 3585 362 3642 in
383 3580 483 3644 Deum
506 3583 757 3661 Religionemque
780 3583 1032 3646 commendabiles
1069 3580 1211 3653 pastura,
1231 3580 1263 3639 in
1283 3580 1340 3641 tali
1360 3579 1431 3643 casu
1453 3601 1506 3655 pro
1534 3582 1696 3656 temporali
1723 3585 1836 3647 vende*

271 3655 389 3723 suerint
424 3659 461 3722 ad
489 3661 517 3720 id
549 3683 623 3724 cnm
647 3663 772 3723 licentia
809 3660 946 3736 Episcopi
984 3660 1033 3724 ad·
1069 3657 1403 3733 rm1113necobtentu
1433 3659 1576 3736 cuiusque
1607 3660 1837 3725 consuetudinis
1871 3702 1883 3713 -

269 3740 461 3804 mittantur.
498 3739 614 3804 Caeteri
653 3742 785 3803 veroin
812 3741 1033 3817 caemeteriis,
1068 3753 1191 3800 reatum
1211 3737 1277 3813 quis
1297 3733 1587 3818 excusarepoterit3
1607 3743 1834 3807 irascamur».

269 3838 340 3893 que
370 3819 444 3883 olim
470 3822 567 3882 etiam
594 3817 771 3884 illustriores
809 3839 871 3883 non
895 3818 1033 3895 asperna-
1071 3830 1119 3896 13.
1142 3838 1169 3891 q.
1187 3834 1216 3876 a.

269 3895 385 3983 bantur
406 3896 521 3972 sepeliti
551 3899 760 3975 mandantur,
787 3897 822 3964 dt
849 3915 884 3963 ut
898 3899 946 3962 vliis
959 3920 1030 3963 con·
1106 3893 1198 3972 Apud
1209 3896 1363 3962 Romanos
1375 3900 1467 3961 moris
1477 3896 1560 3977 suit,
1576 3918 1611 3965 ut
1620 3904 1685 3978 quis
1695 3919 1756 3965 non
1765 3914 1837 3973 tare

269 3978 372 4040 sulant
398 3998 466 4052 quae
505 3979 533 4040 S.
558 3979 684 4043 Carolus
715 3978 804 4042 habet
837 3982 867 4042 in
893 3979 1034 4043 Concilio
1070 3972 1838 4059 tumsrbi‚sedetiamsamiliaribos‚&haeredibus

269 4054 489 4120 Mediolanensi
511 4078 534 4120 ι.
555 4076 586 4137 p.
607 4077 635 4119 ι.
656 4074 716 4138 cap.
734 4062 783 4119 61.
809 4057 847 4125 ἀ
868 4062 898 4121 in
913 4059 1035 4124 Medio·
1070 4054 1237 4131 sepulcrum
1246 4053 1457 4133 consitutum
1470 4057 1694 4124 &dicebantur
1710 4057 1840 4125 familia·

269 4134 383 4200 lanensr
400 4159 428 4215 4.
450 4155 480 4217 p.
503 4157 532 4201 1.
562 4155 625 4218 cap.
646 4154 693 4216 13.
714 4140 746 4201 in
771 4159 833 4214 quo
855 4154 969 4216 vetat,
998 4156 1033 4202 ut
1071 4137 1116 4198 ria
1132 4135 1273 4213 Sepulcra
1288 4184 1297 4212 ,
1311 4134 1379 4210 que
1395 4135 1534 4203 Familiae
1554 4137 1615 4203 suae
1634 4142 1701 4228 quis
1725 4136 1840 4203 consil-

269 4219 420 4291 praecipoe
448 4221 479 4278 in
502 4218 634 4297 Cheru,
656 4220 691 4284 dc
722 4237 813 4294 prope
828 4219 948 4281 Altaria
973 4238 1033 4283 non
1071 4217 1161 4291 tuit,
1192 4214 1387 4280 haereditaria
1409 4233 1516 4280 autem
1542 4238 1609 4292 que
1636 4217 1685 4281 sibi
1701 4266 1708 4292 ‚
1723 4214 1757 4281 dc
1778 4212 1839 4283 sur

269 4294 444 4358 habeantur
478 4297 651 4375 sepulcra,
689 4297 744 4360 nisi
780 4294 887 4360 saltem
923 4295 1034 4361 dissent
1070 4293 1259 4358 haeredibus.
1278 4294 1340 4358 Hic
1357 4292 1555 4360 mostcansrit
1572 4297 1608 4360 ad
1629 4295 1837 4374 Christianos,

269 4373 307 4437 ab
332 4374 464 4460 rsltari,
491 4393 529 4440 nt
560 4375 833 4441 bradeia-Alaeus
870 4374 960 4439 disier
997 4376 1034 4441 ab
1070 4370 1104 4438 ἀ
1126 4373 1213 4437 hodie
1238 4371 1410 4451 stequentia
1436 4372 1506 4438 sunt
1542 4370 1708 4443 familiaria
1728 4374 1841 4453 Sepul-

268 4474 323 4518 ore
344 4452 472 4528 sepulcri
489 4456 618 4534 spatium
634 4458 672 4521 td
693 4459 792 4521 minus
813 4457 904 4521 trium
917 4456 1033 4522 cubito
1070 4475 1138 4519 cra.
1161 4453 1210 4516 lus
1238 4470 1343 4518 autem
1363 4453 1499 4532 Sepulcri
1525 4459 1705 4534 ιαιυίιιιιιιι
1721 4456 1773 4526 ecl
1798 4472 1841 4521 ex

269 4554 356 4598 tum.
1070 4530 1291 4598 consitusiione
1316 4530 1480 4610 sepultum
1511 4538 1542 4597 in
1569 4535 1681 4603 Fundu
1710 4534 1841 4609 elicuit

308 4614 403 4679 Porro
419 4612 549 4692 inspesla
564 4615 709 4682 hodierna
727 4613 868 4681 Ecclesrae
878 4614 1033 4693 disciplina
1071 4613 1220 4687 Clericis,
1236 4613 1285 4676 vel
1303 4611 1341 4675 ab
1361 4613 1460 4677 altero
1480 4615 1530 4677 cni
1549 4613 1614 4679 bac
1630 4610 1742 4693 spesbt
1756 4662 1771 4699 ι
1784 4609 1840 4682 vel

264 4691 369 4757 locum
384 4693 422 4757 eli
444 4714 496 4760 ere
511 4696 685 4775 Sepulcnrae
706 4701 824 4774 propria
850 4696 1034 4761 ansloritate
1072 4691 1159 4768 ipsius
1171 4690 1312 4757 Ecclesia
1331 4695 1363 4754 in
1381 4695 1506 4769 propriis
1515 4687 1615 4757 fundis
1632 4692 1841 4767 edificatione

269 4770 307 4836 ab
326 4771 396 4838 eccl
441 4796 540 4839 anon
561 4778 710 4854 competit
739 4774 794 4837 nisi
824 4773 893 4840 solis
913 4776 1034 4840 Funda-
1070 4774 1211 4850 donato,
1232 4773 1266 4836 dt
1289 4789 1364 4836 tunc
1384 4772 1843 4851 Sepulcrumdicirnrinn‘pl’a·

268 4851 407 4932 toribus,
427 4852 616 4920 &Patronis
644 4904 653 4932 ,
676 4855 754 4930 quod
770 4875 971 4930 computatur
992 4859 1038 4917 in·
1071 4869 1215 4916 ttonatus
1237 4872 1246 4913 τ
1267 4850 1344 4926 quod
1374 4853 1419 4913 ins
1447 4850 1580 4928 Sepulcri
1601 4874 1672 4918 cum
1700 4855 1765 4916 iure
1785 4852 1842 4915 in·

266 4934 401 4998 teriora
423 4932 612 5012 honorifica;
639 4936 710 4999 aliis
738 4955 817 4998 vero
840 4933 1033 5013 designandus
1078 4948 1219 4997 tronatus
1238 4929 1344 4994 transit
1366 4931 1403 4993 ad
1419 4930 1554 4995 baecedes
1565 4980 1574 5010 ,
1591 4929 1625 4996 bt
1645 4929 1842 5009 successores,

268 5008 311 5070 esl
332 5010 421 5077 abiis
442 5017 492 5088 qui
510 5013 648 5079 Ecclesiis
669 5012 852 5092 praesident,
869 5035 1031 5090 earumque
1076 5012 1163 5076 sicuti
1185 5008 1318 5074 etiamsi
1339 5009 1462 5074 Fundus
1483 5013 1843 5087 ioquolusl’atronatus

267 5106 375 5156 curam
391 5093 503 5158 babent
518 5117 526 5157 ι
544 5115 652 5160 verum
672 5100 753 5157 circa
769 5093 827 5156 hoc
843 5094 1030 5160 attendenda
1077 5089 1231 5160 vendatur
1238 5089 1330 5163 alieni
1344 5087 1408 5157 siue
1416 5090 1562 5168 donetur,
1572 5088 1680 5158 transit
1688 5110 1760 5163 cum
1775 5092 1843 5161 ium

348 5171 436 5257 inssi
464 5170 872 5244 iucundissimus
1116 5208 1118 5213 ·
1436 5166 1497 5263 bsh
1539 5183 1558 5253 3
1719 5166 1802 5235 Fun·
