4425 6000
468 536 546 609 294
691 511 904 586 'r'rriicr-
936 529 1003 587 nii
1033 508 1363 586 Corrrrrnr.
1388 505 1507 580 Car.
1533 505 1678 580 xliiii.-

419 609 515 676 slandi
538 632 592 688 pro
611 607 702 674 libitu
715 611 750 675 ,in
769 610 923 686 prophana
940 606 1108 683 siriealiquo
1126 628 1187 671 me·
1223 626 1293 670 irem
1310 603 1457 672 summanr
1477 604 1607 680 aliquam
1624 602 1747 671 suorum
1767 606 1925 676 botrorum
1940 611 1991 680 ssi

419 697 533 758 ritorio
551 696 667 754 intuitu
685 737 695 771 ,
717 687 766 751 sed
782 687 966 751 solummodo
979 688 1134 753 toleratur
1156 690 1187 750 in
1223 685 1425 751 reservassent
1442 681 1991 768 cumsacultatedeeapolleaperra·

420 768 489 839 soro
504 773 668 841 exteriori,
687 769 721 839 di
739 765 854 834 servari
871 767 993 832 iubetur
1007 767 1186 832 adobvian-
1222 762 1487 840 stamentum,sive
1497 764 1558 828 alio
1568 762 1654 827 simili
1666 768 1756 831 modo
1764 769 1990 848 disponenda&

418 855 472 918 das
493 847 752 926 frequentissimae
767 849 853 922 lites,
870 868 937 924 quae
953 850 1036 911 ,circa
1052 848 1185 911 Clerico·
1222 846 1261 912 fic
1278 849 1440 912 etiamnec
1453 846 1562 907 valent
1575 845 1731 931 moderare
1780 854 1891 913 rviam
1899 850 1991 917 decla·

418 955 486 998 rum
515 929 678 994 tellement
729 933 759 990 in
785 927 931 990 ‘iudicium
961 925 1083 996 dediisla
1110 928 1185 992 alias
1224 930 1355 990 rationis
1374 921 1593 1009 testamentum
1612 945 1630 988 a
1652 923 1727 991 lesa
1759 949 1813 990 um
1835 947 1911 992 ante
1929 950 1991 1006 pios

416 1017 588 1076 orirentur.
619 949 700 1070 Diris
709 1007 851 1070 toleratur
881 1004 987 1089 infnro
1017 1007 1184 1079 exteriori,
1223 1005 1375 1069 sessionem
1389 1005 1543 1098 3Pollent
1569 1023 1671 1069 tamen
1691 1004 1755 1081 post
1778 1004 1993 1083 professionem

418 1113 488 1156 cum
508 1093 538 1152 in
557 1085 625 1152 soro
648 1089 786 1151 interiori
805 1086 999 1152 conscientiae
1019 1083 1183 1150 consuetu·
1222 1087 1374 1150 declarare
1406 1084 1640 1159 interpretando
1663 1081 1746 1148 suum
1777 1085 1992 1153 testamentum

418 1173 458 1234 do
472 1219 481 1247 ,
497 1189 549 1233 aut
566 1167 747 1244 dispensatio
763 1165 896 1232 tellandi
914 1182 1108 1242 nonmiitet,
1133 1165 1183 1228 vel
1220 1165 1379 1230 conditum
1399 1181 1476 1227 ante
1493 1160 1734 1241 professionem,
1761 1163 1786 1229 si
1817 1184 1923 1232 tamen
1941 1168 1991 1233 tali

420 1253 533 1315 alteret
560 1269 727 1323 naturam,
760 1246 1024 1316 &conditionem
1055 1265 1186 1322 proveri·
1222 1248 1475 1322 interpretatione
1495 1293 1504 1320 ,
1527 1263 1573 1330 ac
1589 1245 1801 1310 declaratione
1831 1249 1992 1328 indimt,

419 1350 508 1394 tuum
528 1324 828 1401 ecclesiasticorum,
863 1344 1045 1402 maneatque
1071 1322 1182 1401 semper
1221 1326 1364 1401 quiahoc
1381 1344 1443 1388 noir
1463 1321 1505 1387 est
1526 1326 1712 1401 disponere,
1741 1324 1820 1391 sicut
1844 1327 1924 1391 elles
1949 1345 1991 1393 te·

419 1414 616 1477 immutatum
636 1426 710 1469 onus
730 1406 819 1468 dandi
834 1401 985 1478 superflua
995 1405 1182 1483 pauperibus.
1222 1408 1405 1472 llamentum
1430 1403 1620 1469 moderando
1644 1410 1725 1470 circa
1760 1406 1866 1486 aliqua
1883 1406 1990 1485 boiia,

415 1490 522 1566 Qiare
539 1489 593 1551 PP.
609 1484 740 1549 Concilil
760 1485 899 1548 Trident.
928 1487 1001 1549 licet
1021 1506 1084 1548 non
1102 1489 1184 1561 igno·
1221 1487 1267 1548 sed
1288 1486 1445 1548 declarare
1466 1531 1475 1561 ,
1502 1480 1535 1546 ὅ(
1552 1484 1704 1559 explicare
1731 1485 1989 1562 dispositionem

416 1587 522 1634 tarent
537 1567 644 1629 multis
662 1571 692 1627 iri
713 1565 824 1644 Regnis
847 1563 1027 1629 testamenta
1048 1564 1181 1628 Clerico·
1221 1565 1248 1629 se
1268 1568 1328 1627 iam
1349 1560 1482 1637 fassam,
1507 1563 1632 1636 quando
1649 1565 1712 1627 tale
1722 1567 1768 1628 ius
1777 1562 1989 1645 possidebant.

415 1670 484 1715 rum
518 1667 559 1710 ex
605 1645 806 1724 proventibus
840 1643 1050 1711 Ecclesiasticis
1085 1646 1184 1707 etiam
1220 1643 1814 1718 ltaNavarrus,Portellus,1.ezzana
1836 1640 1989 1723 ,Barbofi

414 1730 447 1792 in
472 1726 612 1790 savorem
642 1741 803 1801 parentum
827 1726 982 1802 tolerari,
1017 1724 1181 1798 validaque
1220 1726 1256 1792 ad
1276 1724 1395 1787 Concis.
1418 1721 1505 1786 Trid.
1528 1719 1591 1785 sell.
1611 1744 1628 1782 2
1652 1724 1713 1788 .de
1730 1724 1950 1806 Regularibns.

412 1810 574 1884 reputari,
594 1803 794 1867 nihilominus
812 1800 1183 1882 EpiscopisaliisqueCle·
1258 1805 1408 1870 Novitius
1436 1822 1513 1867 vero
1545 1744 1647 1876 porcis
1666 1820 1739 1868 ante
1775 1801 2036 1882 professionem

420 1889 489 1951 ricis
508 1885 669 1948 interdixit
688 1886 815 1946 omnino
836 1903 873 1945 ne
892 1903 931 1947 ex
960 1884 1103 1947 reditibus
1126 1882 1182 1946 Ec·
1218 1884 1372 1959 condere,
1404 1883 1436 1947 dc
1466 1880 1623 1945 conditum
1647 1903 1796 1948 revocare
1824 1885 2036 1949 testamen-¹*

417 1965 516 2036 cl'esiae
532 1961 585 2027 seu
600 1961 737 2026 beneficii
765 1960 983 2042 consanguineos
1002 1960 1183 2042 familiares·
1221 1985 1286 2026 rum
1304 1958 1417 2027 sadum
1435 1960 1497 2025 sive
1517 1979 1619 2040 ante,
1648 1959 1710 2025 sive
1732 1962 1796 2039 posi
1824 1964 1985 2044 ingressum

414 2065 471 2123 que
479 2043 550 2124 siros
569 2062 675 2123 arrigere
686 2041 825 2120 studeant
839 2089 848 2118 ,
860 2043 917 2121 sed
926 2045 954 2124 fi
965 2045 1182 2124 paupererfirii,
1220 2049 1250 2106 in
1269 2043 1475 2121 Religionem,
1495 2039 1528 2105 ἃ
1550 2042 1680 2105 durante
1701 2046 1880 2110 novitiatu.
1912 2044 1984 2108 Nou

410 2137 448 2196 iii
460 2121 635 2203 pauperibus
650 2119 843 2262 distribueris,
859 2127 947 2189 iuirtii
967 2122 1101 2186 debitum
1116 2144 1182 2199 pto·
1221 2123 1314 2200 potell
1340 2144 1414 2186 vero
1434 2121 1485 2185 libi
1512 2121 1624 2196 aliquid
1649 2119 1806 2188 reservate
1838 2129 1869 2190 in
1885 2123 1987 2193 ,tella-

415 2203 557 2269 ventibus
588 2200 795 2267 eccleiaslicis
824 2201 998 2265 adnexum.
1027 2200 1182 2267 Hadlenus
1219 2222 1324 2268 meiito
1339 2204 1376 2266 ad
1392 2198 1530 2266 effessum
1552 2199 1681 2264 tellandi
1700 2203 1741 2267 de
1756 2204 1813 2267 illo
1829 2203 1896 2281 post
1916 2224 1987 2282 pro·

413 2280 621 2358 Van-Espen‚
648 2296 726 2359 part.
755 2300 784 2345 a.
815 2281 864 2351 iii.
883 2297 929 2360 32.
959 2300 1017 2361 erp.
1039 2285 1069 2344 6.
1102 2279 1181 2347 Iuris
1218 2282 1390 2357 fellionem,
1412 2282 1489 2357 quod
1508 2282 1715 2368 iamdiiiimiis
1735 2279 1984 2358 fiennonpoile.

412 2363 578 2432 Canonici,
1015 2376 1017 2379 ’
1219 2363 1322 2429 Potest
1343 2380 1446 2430 sarneii
1464 2366 1627 2439 praecipere
1644 2365 1676 2424 in
1694 2363 1749 2425 luo
1769 2363 1986 2440 tellameuto,

450 2441 620 2506 Secundum
651 2442 743 2518 igitur
781 2438 958 2517 praesentem
993 2439 1181 2519 disciplinam
1218 2462 1253 2510 ut
1276 2442 1386 2519 aliquid
1409 2462 1451 2505 ex
1481 2446 1548 2508 eius
1576 2441 1663 2506 bonis
1689 2440 1752 2527 posi
1775 2439 1986 2520 professionem

412 2518 557 2590 Ecclesiae
574 2520 684 2584 Clerici
706 2515 864 2590 saeculares
893 2541 999 2585 onnes
1024 2539 1087 2585 tarn
1114 2542 1180 2585 ma·
1218 2523 1302 2589 snam
1321 2524 1513 2599 expendatur
1531 2526 1561 2583 in
1579 2525 1642 2597 pios
1659 2524 1729 2585 ultis
1752 2568 1762 2597 ,
1783 2524 1834 2587 vel
1856 2543 1897 2586 ne
1918 2519 1987 2601 quid

409 2604 491 2671 iores
521 2620 612 2678 quani
645 2602 778 2662 minores
805 2617 890 2676 eque
908 2619 945 2667 ac
974 2601 1043 2664 laici
1076 2598 1180 2666 testari
1217 2606 1314 2668 decis
1336 2603 1510 2679 alienetur,
1528 2597 1765 2666 &huiusmodl.'
1788 2603 1987 2668 SiNovitias

452 2682 532 2745 ssunt
552 2700 614 2743 non
629 2679 725 2748 solum
741 2695 778 2743 ut
807 2683 903 2743 etiam
918 2683 1118 2761 antiquitus,
1143 2681 1181 2744 de
1216 2685 1376 2749 ammittat
1398 2681 1501 2746 tellari
1519 2677 1836 2758 anteprolelsronem,
1856 2680 1988 2746 succedit

410 2694 497 2826 bbnis
523 2758 580 2824 suis
609 2757 1001 2838 patrimonialibus‚quasr
1036 2764 1180 2838 patrimo·
1218 2769 1249 2828 in
1272 2765 1336 2826 eius
1360 2760 1470 2838 bona,
1497 2760 1657 2837 adhorret,
1685 2758 1719 2825 dt
1745 2764 1812 2825 iura
1829 2759 1990 2829 Momse·
2030 2778 2033 2782 ’

413 2839 547 2913 nialibus
568 2887 577 2916 ,
597 2838 847 2924 inclusionibus,
870 2838 919 2904 sed
948 2843 1045 2905 etiam
1064 2841 1101 2904 de
1130 2839 1181 2905 bo·
1218 2849 1295 2909 rium
1319 2889 1327 2914 ,
1352 2839 1373 2903 si
1393 2861 1491 2919 capax
1510 2840 1549 2903 lit
1578 2841 1659 2903 bona
1688 2834 1884 2919 possidendi,
1914 2841 1987 2906 alias

410 2921 459 2984 Μ’
488 2917 722 2993 ecclefidststssr
755 2916 829 2982 idest
862 2919 900 2983 de
930 2920 1018 2991 bonis
1056 2918 1180 2999 itqusfi·
1215 2921 1380 2993 ‚succedunt
1399 2919 1632 2999 consanguinei.
1651 2920 1726 2981 Non
1744 2921 1843 2996 potell
1856 2921 1988 2999 Religio·

410 3002 452 3066 ,tis
467 3020 507 3063 eir
537 2994 677 3063 frudlibus
702 2995 879 3076 Beneficii,
909 3019 977 3077 qiiae
1000 3019 1042 3068 eii
1057 3000 1178 3067 decenti
1217 3003 1265 3070 sus
1283 3022 1428 3068 revocare
1446 3000 1533 3066 suum
1555 2999 1774 3063 tellanientum
1791 3018 1868 3065 anre
1879 2994 1988 3078 profes·

409 3077 648 3148 substentatione
659 3075 724 3154 ipsis
739 3073 1126 3163 superfuemnr,leddehis
1138 3100 1182 3145 te·
1216 3085 1330 3151 fionem
1343 3080 1522 3155 eonditum,
1542 3079 1615 3144 litet
1635 3077 1722 3154 possit
1740 3126 1750 3158 ,
1771 3098 1808 3145 ut
1828 3080 1988 3157 vidimus,

412 3156 482 3219 llari
503 3157 611 3230 valent
631 3175 670 3219 ex
684 3160 773 3234 iure,
793 3155 1058 3226 &consuetudine
1076 3161 1178 3223 valide
1217 3165 1291 3227 illud
1309 3163 1479 3226 declarare.
1510 3159 1634 3223 Novitii
1651 3157 1713 3225 sive
1732 3175 1809 3227 ante
1828 3159 1989 3239 ingressum

412 3233 601 3307 solummodo
621 3234 718 3311 quoad
729 3233 829 3300 sorum
845 3256 1028 3315 externum,
1047 3241 1127 3315 quod
1148 3256 1181 3302 ut
1217 3244 1416 3321 Religionis,
1453 3240 1516 3302 srve
1540 3236 1605 3315 post
1636 3254 1773 3316 tempore
1805 3240 1990 3304 Novitiatiis

415 3315 570 3393 diximus,
590 3311 762 3390 permissum
782 3311 840 3377 fuit
863 3316 919 3393 ,δι
940 3322 1129 3391 permittitur
1146 3318 1180 3381 ad
1218 3322 1338 3399 poliunt
1354 3320 1482 3384 condere
1492 3317 1707 3387 teslainentum
1722 3321 1820 3383 etiam
1833 3318 1989 3395 antedoce

414 3395 505 3473 lites,
525 3390 805 3469 controversiasque
827 3395 991 3473 vitandas3
1012 3416 1068 3461 nec
1085 3398 1181 3478 licite,
1215 3399 1332 3468 menses
1367 3405 1503 3477 proxime
1531 3397 1734 3474 precedentes
1760 3398 1798 3462 ad
1832 3394 1988 3475 proseffior

414 3492 473 3545 nec
488 3471 591 3537 valide
610 3489 712 3535 tamen
729 3473 825 3548 quoad
846 3473 947 3540 sorum
965 3473 1178 3551 conscientiae,
1218 3501 1305 3560 nem,
1325 3479 1359 3545 dc
1379 3480 1441 3543 line
1459 3478 1586 3542 licentia
1602 3476 1758 3555 Episcopi,
1782 3479 1835 3542 vel
1858 3482 1925 3543 eius
1935 3471 1990 3539 vt·

415 3552 470 3615 nili
487 3573 558 3617 cum
573 3551 827 3620 moderationibus
844 3554 986 3631 expressis
1008 3559 1040 3621 in
1054 3555 1180 3620 cit.l)e·
1215 3566 1291 3626 carii
1311 3559 1493 3632 Generalis,
1513 3576 1576 3620 nori
1592 3553 1730 3622 oblitum
1751 3559 1893 3622 Decreto
1911 3558 1990 3623 con·

411 3631 583 3697 cretaliGr
619 3635 664 3695 ori
687 3631 740 3693 lX.
771 3635 815 3696 ita
838 3652 872 3698 ut
902 3635 1065 3713 haeredes,
1092 3634 1181 3700 sires
1215 3642 1278 3705 cilii
1297 3640 1385 3707 Trid.
1402 3636 1464 3718 [eff.
1487 3657 1537 3713 25.
1553 3652 1616 3713 cap.
1639 3637 1788 3708 16.deli
1823 3638 1900 3701 alar.
1921 3638 1991 3714 quia

411 3708 494 3780 secus
515 3710 546 3775 se
563 3712 598 3774 ha
641 3731 693 3775 ant
710 3733 745 3774 ac
767 3714 798 3775 in
818 3712 896 3786 dida
917 3715 1071 3778 Dfflrsstals
1092 3761 1102 3793 r
1131 3736 1181 3778 ¹¹0·
1216 3720 1255 3786 ibi
1276 3721 1337 3782 illis
1356 3740 1417 3781 non
1434 3718 1581 3784 adimitur
1603 3715 1734 3791 poteslas
1755 3735 1790 3780 te
1820 3717 1892 3781 andi
1917 3711 1992 3792 ,sed

410 3809 525 3873 queant
546 3807 617 3855 tuta
639 3792 829 3856 conscientia
850 3793 946 3858 talem
967 3794 1180 3860 hereditatem
1217 3799 1312 3864 solum
1333 3796 1508 3873 disponendi
1526 3797 1611 3858 inter
1628 3797 1719 3860 vivos
1741 3841 1752 3875 ,
1779 3816 1844 3862 non
1864 3795 1993 3863 surus

409 3872 562 3946 recipere,
581 3889 615 3932 ac
631 3874 762 3932 retinere
781 3918 788 3947 ,
808 3872 842 3936 dt
863 3872 962 3935 iiiam
979 3878 1151 3950 receperint
1172 3922 1181 3952 ,
1217 3883 1271 3957 iis,
1290 3898 1356 3955 quae
1379 3877 1418 3940 ibi
1441 3871 1695 3954 praescribuntur.

409 3963 449 4010 tx
474 3946 588 4019 iustitia
624 3946 784 4012 restituere
820 3969 989 4019 teneantur
1018 3952 1182 4032 Ecclesia,
1404 4020 1406 4024 a

409 4028 462 4095 vel
479 4026 673 4103 pauperibus.
702 4029 785 4091 Nam
804 4033 892 4094 iuxta
916 4053 1107 4097 communem
1134 4051 1181 4097 te·
1543 4041 1573 4104 s·
1616 4034 1658 4098 V·

408 4120 524 4177 nentur
542 4106 723 4171 beneficiati
744 4128 782 4179 eii
799 4114 865 4177 iure
882 4110 1083 4188 naturali,&
1102 4112 1182 4175 divi·
1624 4149 1657 4161 ··
1714 4183 1717 4190 ,

408 4187 641 4277 iio-impendere
667 4206 772 4251 omnes
805 4186 915 4257 sruslus
941 4186 1109 4265 superfluos
1125 4191 1183 4256 ise·
1495 4157 1539 4217 De
1558 4150 1714 4217 ‘madh'

409 4269 511 4330 nelicii
534 4269 565 4330 in
588 4285 650 4342 pios
667 4266 762 4344 usus,
790 4271 835 4331 ita
856 4286 892 4335 ut
918 4270 1002 4332 nulla
1018 4268 1179 4335 consuetu·
1253 4268 1421 4335 codicillus
1441 4266 1484 4331 eli
1501 4267 1582 4346 quasi
1600 4288 1714 4347 parvus
1733 4266 1847 4345 codeir,
1864 4262 2036 4347 serpat-,9¹

409 4344 475 4421 do,
500 4346 553 4412 vel
575 4344 706 4420 poteslas
732 4346 865 4415 humana
893 4367 947 4412 eos
977 4350 1182 4415 atalionere
1217 4370 1258 4414 va
1287 4348 1434 4425 scriptura
1464 4353 1626 4415 contineris
1665 4349 1783 4411 ultimae
1815 4325 2036 4415 voluntarii-‘¹‘

409 4427 543 4497 eximere
613 4424 677 4494 ssit-
711 4424 812 4494 Potest
841 4427 1114 4493 tamen'Clericus
1142 4449 1181 4492 ex
1218 4428 1495 4508 significationem,
1522 4426 1571 4492 seu
1595 4423 1826 4506 dispositionem
1851 4432 1937 4493 circa
1955 4448 1991 4494 ea

409 4506 558 4568 consuetu
581 4510 629 4567 ine
646 4506 782 4583 legitima
813 4505 967 4585 disponere
994 4507 1126 4582 valide,
1151 4510 1181 4571 &
1217 4529 1285 4583 quae
1303 4512 1369 4585 quis
1391 4508 1461 4573 vult
1489 4506 1553 4571 fieri
1582 4506 1645 4584 poll
1666 4509 1731 4570 cius
1757 4526 1893 4573 niortem
1913 4516 1991 4575 citra

409 4584 495 4648 licite
513 4583 551 4647 de
567 4583 708 4648 srudlibus
722 4581 1035 4664 superfluislieneficii
1048 4629 1058 4668 ,
1073 4607 1181 4667 nempe
1217 4586 1360 4651 direilam
1388 4589 1539 4661 liaeredir,
1568 4589 1621 4651 leu
1650 4587 1790 4664 legatarii
1818 4585 1990 4655 institutio·

408 4664 445 4735 de
466 4660 555 4727 bonis
575 4662 736 4738 Ecclesiae,
753 4664 789 4728 ad
812 4670 877 4739 pia-s
893 4665 1031 4732 caussas.
1217 4687 1287 4729 nem
1301 4714 1309 4742 ,
1324 4666 1358 4731 dt
1378 4664 1643 4733 testamentariam
1660 4666 1909 4733 solemnitatem.
1939 4669 1990 4733 Di·

271 4754 396 4821 religion
455 4731 578 4813 Testari
599 4760 755 4819 nequeunt
775 4745 843 4832 Reli
866 4744 917 4807 insi
936 4764 1042 4809 omnes
1062 4743 1180 4821 prosesli
1215 4750 1301 4809 citur
1316 4762 1463 4834 notanter
1488 4748 1564 4811 cirre
1592 4746 1734 4812 direeim
1762 4745 1920 4828 heredis,
1943 4744 1991 4815 ses

270 4821 475 4935 n‘gsfflnsrve
494 4821 686 4900 Superiores,
707 4822 770 4888 sive
790 4766 900 4914 subditi
922 4843 1008 4901 ,non
1024 4821 1123 4889 solum
1144 4826 1179 4889 ad
1217 4824 1353 4905 legatarii
1373 4824 1599 4917 inssiiurionem,
1614 4825 1650 4891 dt
1670 4845 1721 4903 per
1737 4825 1795 4893 lioc
1806 4828 1992 4914 potissimum

271 4896 295 4932 ¹²
321 4897 377 4935 ⁸¹¹·
411 4902 579 4981 prophanas
601 4949 609 4976 ,
632 4896 681 4972 sed
699 4902 873 4976 nequidem
894 4903 930 4966 ad
952 4906 1013 4979 pias
1033 4904 1181 4980 caussas,
1217 4906 1373 4969 codicillus
1397 4903 1498 4969 differt
1527 4905 1773 4985 atellamento,
1801 4929 1874 4973 crim
1903 4907 1991 4974 teila·

411 4983 560 5060 nequede
580 4976 700 5044 suorum
720 4980 918 5057 superiorum
938 4983 1065 5046 licentia
1119 4986 1181 5048 imo
1217 5003 1357 5049 mentum
1379 4982 1607 5052 valideronfici
1628 5004 1758 5061 nequeat
1784 4983 1850 5051 sirie
1870 4986 1991 5054 calidi·

412 5078 469 5130 nec
483 5061 590 5128 sellari
603 5059 732 5136 possunt
750 5108 760 5139 ,
781 5058 904 5127 etiamsi
929 5078 1006 5130 ante
1028 5032 1180 5140 proscidis-
1218 5064 1296 5153 resia
1316 5062 1535 5148 institutione,
1558 5064 1593 5131 dr
1616 5066 1650 5129 i'n
1665 5064 1809 5133 mikilin
1828 5066 1990 5134 &reditas

1897 5165 1956 5213 rie·
