4425 6000
523 459 1198 590 Txxdt.oslniusrtxix
1227 505 1522 586 &ccintt
1714 516 1765 613 89
1819 485 1825 495 x

249 655 252 661 -
286 609 321 676 si
342 608 447 677 iubens
462 604 608 685 Superior
629 608 665 672 sit
685 655 695 686 ,
724 623 848 674 tenetur
866 607 938 674 casu
952 630 1016 686 quo
1051 610 1170 677 insidias
1185 610 1276 675 alteri
1299 609 1487 691 tendendae,
1507 610 1576 688 quia
1595 611 1627 675 i'n
1658 612 1716 678 tali
1743 611 1815 680 casu

247 708 397 757 executm
409 690 558 753 damnum
576 687 697 764 aliquod
718 686 759 752 ob
785 689 880 754 talem
902 709 1015 752 execu·
1047 691 1197 757 mandans
1216 689 1313 755 adhuc
1332 690 1673 768 tenereturdedamno,
1694 715 1763 761 cum
1778 695 1814 759 vi

249 772 374 835 tionem
393 772 549 848 patiatur3
566 786 640 845 puta
663 765 685 828 si
706 766 865 833 mutuetur
893 769 1011 844 exilio,
1050 771 1141 853 iplius
1157 770 1293 836 mandati
1310 770 1388 833 aslio
1402 772 1503 834 damni
1525 769 1606 835 illius
1631 771 1814 851 illativapo·

244 869 392 927 carcere,
426 847 575 913 bonorum
595 851 770 923 privatione
794 896 804 926 ,
830 847 936 911 detali
959 847 1014 911 da·
1050 868 1201 916 necetur.
1235 850 1276 913 Et
1305 848 1363 915 hoc
1387 850 1571 929 dicendum,
1592 849 1635 912 est
1652 850 1814 917 secundum

249 948 324 993 tono
343 946 539 994 executorem
565 923 788 1007 compensare,
814 947 860 997 ut.
878 925 1013 991 sentiunt
1049 950 1242 996 communem
1270 927 1435 994 Doflorum
1464 929 1581 995 etiamsi
1617 952 1724 996 veram
1748 949 1814 996 cre·

248 1006 319 1071 DD.
339 1010 434 1072 -Nam
460 1005 546 1071 iuffio
571 1007 739 1082 Superioris
767 1006 858 1072 habet
882 1004 1014 1083 respettu
1049 1012 1133 1076 deret
1156 1010 1321 1086 seriamque
1341 1011 1435 1074 talem
1451 1009 1746 1090 reconciliationem,
1763 1010 1818 1075 led·

243 1081 357 1152 subditi
385 1088 544 1164 quandam
565 1089 649 1161 vim,
669 1106 728 1161 qua
755 1087 911 1152 moraliter
929 1091 1012 1166 cogi·
1050 1088 1151 1165 possea
1172 1089 1393 1156 invincibiliter
1410 1088 1525 1154 oblitus
1551 1088 1727 1155 mandatum
1742 1110 1814 1155 exe·

243 1183 298 1230 tur
328 1215 340 1244 ,
377 1166 410 1232 dt
438 1163 504 1231 sere
543 1168 662 1229 invitus
697 1171 816 1243 operari
837 1165 1011 1233 censetur·
1048 1190 1136 1234 cutus
1156 1170 1219 1246 sir,·
1235 1172 1307 1246 quia
1332 1186 1408 1233 tunc
1431 1189 1493 1234 non
1514 1167 1653 1235 obstante
1678 1169 1736 1234 tali
1765 1187 1814 1233 τεὸ

245 1243 313 1310 lino
343 1246 491 1311 mandans
517 1244 705 1310 contraslum
724 1267 794 1310 oum
816 1246 1013 1312 mandatario
1049 1254 1213 1315 vocatione
1237 1248 1334 1314 adhuc
1352 1248 1549 1314 damnumex
1563 1252 1598 1315 vi
1614 1247 1659 1313 sui
1675 1248 1813 1316 mandati

246 1329 348 1393 tacite
368 1329 445 1389 inire
469 1327 592 1392 videtur
612 1372 621 1402 ,
641 1325 678 1389 de
698 1344 742 1389 eo
759 1324 911 1391 reddendo
930 1327 1012 1390 unni
1048 1326 1186 1394 secutum
1206 1328 1270 1393 esl.

244 1402 298 1472 fibi
395 1405 456 1469 ibili
482 1406 571 1469 modo
596 1407 763 1469 immunem
791 1407 958 1484 adamno,
978 1405 1012 1470 dt
1088 1408 1221 1484 Quodsi
1242 1410 1402 1475 revocatio
1421 1408 1558 1473 mandati
1578 1426 1642 1475 non
1661 1410 1717 1475 fiat
1737 1417 1814 1476 notd

245 1483 297 1550 bic
343 1484 382 1569 ub
412 1485 462 1547 illa
479 1485 657 1549 conditione
678 1502 718 1547 ut
740 1487 888 1550 mandans
909 1483 1011 1551 subeat
1041 1490 1243 1554 mandatario
1270 1487 1343 1553 idest
1362 1508 1428 1554 non
1455 1493 1631 1565 pervenerit
1655 1488 1813 1568 adipsum

243 1585 325 1630 onus
343 1564 517 1630 secuturum
534 1568 565 1629 in
582 1562 642 1628 suat
663 1562 797 1630 iussionis
826 1570 1009 1631 executione
1048 1586 1122 1633 ante
1136 1572 1350 1634 executionem
1370 1567 1422 1633 seu
1432 1569 1532 1633 damni
1553 1569 1743 1647 illationem,
1764 1571 1814 1630 in·

246 1642 428 1733 mandatum
446 1641 623 1723 suscipere.
650 1644 681 1705 Si
706 1665 784 1709 vero
803 1647 1012 1712 mandatarius
1046 1650 1157 1727 curia,
1187 1650 1368 1726 oblivione,
1399 1646 1450 1713 seu
1469 1651 1565 1713 etiam
1583 1648 1703 1713 malitia
1731 1648 1814 1711 illius

180 1800 185 1806 ⁴
245 1742 310 1789 non
340 1725 377 1787 lit
400 1721 534 1788 subditus
562 1723 755 1802 mandantis,
773 1723 820 1789 sed
848 1725 958 1791 abillo
977 1729 1010 1790 vi
1047 1732 1095 1794 cui
1121 1727 1278 1793 cornmissa
1299 1724 1359 1793 suit
1379 1728 1452 1792 talis
1469 1726 1647 1793 notificatio
1672 1725 1814 1793 facienda

243 1801 385 1880 slipendii
400 1803 581 1879 conduslus,
597 1821 708 1884 putarit
728 1805 795 1867 DD.
817 1808 1012 1872 mandantem
1048 1807 1240 1873 mandatario
1252 1856 1261 1886 ,
1275 1806 1328 1877 vel
1348 1806 1408 1872 alia
1432 1809 1561 1884 caussa,
1585 1806 1731 1872 mandans
1750 1825 1814 1871 nott

243 1902 308 1947 non
330 1886 428 1948 teneri
446 1883 1011 1965 adexecutoiisindemnitatem3cum
1047 1891 1194 1954 eximitur
1224 1886 1381 1951 abunere
1410 1885 1639 1963 restitutionis3
1663 1891 1813 1963 quianon

245 1977 322 2029 tuuc
339 1964 545 2027 mandatarius
560 1964 740 2028 voluntarie
751 1966 917 2040 periculum
934 1969 964 2028 iii
983 1966 1012 2029 se
1048 1990 1109 2032 non
1138 1969 1276 2032 obllante
1307 1964 1368 2029 sua.
1395 1969 1600 2031 revocatione
1634 1964 1731 2028 adhuc
1758 1965 1814 2029 da·

242 2038 389 2118 suscipiat
407 2042 479 2105 dum
501 2041 615 2117 prorsus
637 2043 671 2106 lit
690 2043 734 2107 illi
756 2044 882 2109 liberum
906 2047 933 2109 se
954 2046 1009 2109 tali
1047 2044 1297 2112 mnumstcutum
1312 2045 1408 2109 estex
1418 2049 1450 2111 vi
1460 2049 1572 2122 iniquae
1589 2042 1650 2109 suae
1667 2044 1814 2122 iuss'ionis3

246 2121 382 2200 periculo
398 2144 458 2188 non
475 2141 645 2198 exponere.
665 2123 785 2190 ldci'rco
805 2123 855 2187 libi
877 2130 1009 2200 imputa·
1048 2125 1167 2192 tanxtsi
1183 2125 1249 2190 fieri
1271 2125 1358 2204 possit
1378 2125 1458 2203 quod
1474 2123 1619 2190 mandans
1639 2123 1660 2186 si
1680 2124 1814 2188 debitam

248 2221 282 2265 te
295 2200 623 2278 dabttdamnumquod
641 2207 773 2280 patitur.
795 2204 919 2271 volenti
929 2209 1011 2267 enim
1047 2208 1219 2271 adhibuerit
1235 2205 1423 2284 diligentiam
1434 2222 1471 2269 tit
1490 2201 1706 2269 revocatiosui
1727 2223 1814 2267 mari*

247 2281 338 2346 nulla
351 2281 391 2347 sit
411 2284 543 2347 iniuria.
1044 2287 1110 2351 dati
1133 2287 1170 2351 ad
1190 2304 1385 2350 executorem
1407 2288 1566 2362 perveniat
1593 2303 1670 2347 non·
1686 2283 1815 2360 implius

285 2360 440 2433 Maridans
468 2384 533 2427 non
562 2381 689 2430 tenetur
709 2365 752 2428 de
766 2367 888 2433 excelsu
909 2366 1010 2432 damni
1047 2386 1171 2445 pecoet3
1188 2369 1238 2430 ita
1254 2368 1304 2443 qui
1314 2366 1403 2430 alicui
1421 2363 1551 2443 praebuit
1569 2383 1722 2429 venerittm
1735 2412 1744 2441 ,
1759 2383 1813 2426 cus

244 2435 316 2508 fatti
331 2443 421 2506 ultra
442 2442 529 2519 ipsius
545 2446 724 2510 mandatum
741 2466 757 2509 a
779 2447 841 2512 sola
868 2448 1012 2513 volunta·
1048 2453 1094 2511 ius
1109 2443 1251 2510 essedum
1263 2444 1422 2523 postquam
1443 2442 1473 2507 se
1493 2446 1640 2521 poenimir
1657 2491 1668 2520 ,
1687 2442 1813 2535 impedi·

246 2534 279 2583 te
303 2527 493 2601 executoris,
519 2544 593 2598 puta
613 2522 639 2586 si
657 2524 705 2588 hic
721 2527 812 2592 iulius
833 2526 1010 2593 comburere
1048 2548 1098 2606 ie,
1120 2526 1216 2589 sedin
1234 2546 1367 2600 vanum,
1384 2540 1513 2589 conatus
1534 2521 1596 2597 est,
1618 2542 1682 2586 non
1702 2525 1814 2585 eximi·

246 2613 371 2665 tantum
387 2600 510 2667 domum
529 2603 670 2681 loannis,
685 2607 842 2673 comburat
861 2613 955 2673 etiam
968 2604 1012 2670 se·
1048 2628 1099 2672 tut
1130 2606 1166 2670 ab
1192 2625 1286 2670 onere
1315 2601 1544 2669 restitutionis.
1572 2603 1640 2666 Nec
1660 2604 1775 2678 pariter
1795 2619 1815 2664 a

247 2697 352 2758 getes,
369 2684 557 2748 exterminet
577 2688 721 2760 vineam‚·
734 2689 829 2750 talem
848 2693 930 2752 enim
958 2708 1012 2749 eit·
1047 2689 1103 2751 tali
1122 2686 1225 2749 debito
1242 2684 1398 2747 levaretur
1414 2687 1509 2747 etiam
1524 2699 1670 2746 revocata
1689 2677 1815 2745 iussione

248 2759 363 2826 cessum
395 2760 486 2836 plane
513 2760 656 2826 resarcire
680 2785 741 2828 non
774 2783 899 2831 tenetur
923 2788 1011 2828 man·
1046 2767 1067 2829 si
1096 2786 1158 2828 non
1182 2761 1352 2828 efficaciter
1378 2762 1540 2839 obslaret,
1564 2780 1599 2825 ec
1617 2780 1672 2838 pro
1699 2761 1814 2823 viribus

246 2836 341 2916 dans,
358 2838 406 2903 sed
422 2859 588 2916 executor,
611 2845 680 2917 quia
692 2841 912 2910 secutusellex
924 2845 1011 2908 huius
1050 2844 1210 2921 impediret
1228 2864 1267 2906 ne
1283 2841 1493 2905 mandatarius
1514 2841 1657 2927 damnum
1685 2836 1765 2913 quod
1783 2841 1814 2901 ei

249 2918 370 2984 utilitia
389 2940 507 2996 nopex
532 2920 613 2985 iussu
639 2922 832 2988 mandantis.
860 2924 908 2988 Est
928 2946 1011 2989 com·
1046 2922 1259 3000 commiserat,
1278 2920 1370 2986 alteri
1388 2917 1597 2998 inserendum,
1616 2913 1815 2995 noninferat,

249 3002 349 3065 munis
366 3002 446 3065 inter
457 2998 525 3063 DD.
551 3001 729 3068 Teneretur
737 3005 858 3081 quidem
866 3007 1012 3071 mandans
1051 3005 1101 3070 vel
1120 3002 1141 3064 si
1157 3005 1222 3067 eius
1250 3002 1450 3068 voluntatem
1469 2999 1509 3064 sic
1540 2998 1759 3091 depravaverit
1779 2993 1814 3064 dt

228 3157 230 3161 ἢ
246 3077 282 3143 ad
301 3080 578 3156 compensationem
599 3088 693 3148 totius
703 3087 803 3149 damni
813 3086 930 3152 etiams
942 3087 1012 3150 loco
1049 3103 1194 3167 potenter
1201 3080 1407 3150 commoverit
1421 3131 1430 3155 ‚
1445 3076 1814 3173 itautmandatumipsius

247 3159 429 3242 Pettiiquetn
445 3160 566 3227 iusserat
589 3165 703 3242 occidi,
723 3166 928 3231 interficiatur
947 3167 1009 3230 An·
1047 3167 1158 3230 influat
1170 3166 1354 3229 indamnum
1369 3162 1479 3228 saltem
1487 3179 1539 3244 per
1555 3158 1676 3224 modum
1687 3154 1815 3246 confilii,

249 3237 352 3319 dieas,
372 3244 441 3317 quia
464 3261 503 3305 ex
521 3242 608 3320 ipsius
629 3245 800 3311 mandantis
815 3250 943 3324 imperio
967 3243 1008 3309 se·
1046 3246 1079 3313 ἀ
1095 3244 1368 3322 simplexmandati
1393 3244 1553 3308 revocatio
1578 3235 1698 3331 nonsit
1717 3256 1817 3301 remo

245 3335 319 3384 cuta
338 3318 398 3382 esi.
416 3321 464 3384 Sic
483 3328 707 3390 communiter.
1046 3327 1129 3390 dium
1145 3322 1296 3389 sufficiens
1308 3323 1344 3386 ad
1360 3323 1419 3387 lioc
1437 3339 1471 3387 ut
1492 3320 1700 3385 mandatarius
1728 3315 1767 3381 ab
1781 3335 1816 3383 o·

284 3399 437 3464 Mandant
465 3400 487 3464 si
523 3421 596 3467 ante
629 3405 764 3470 mandati
795 3411 1010 3472 executionem
1047 3426 1117 3484 pere
1134 3403 1184 3468 sibi
1195 3406 1357 3468 -commillo
1375 3421 1594 3466 removeatur.
1718 3478 1725 3491 ι

244 3478 423 3544 mandatum
444 3478 528 3545 suum
549 3502 675 3549 revocet
698 3506 732 3550 ac
752 3484 856 3552 sedulo
870 3505 958 3552 curet
974 3503 1009 3550 ut
1086 3485 1218 3561 Quando
1245 3484 1456 3546 mandatarius
1489 3481 1605 3545 moneri
1635 3494 1754 3554 nequit·
1776 3475 1815 3542 de

245 3555 301 3622 boc
322 3560 491 3625 innotescat
511 3563 702 3629 mandatorio
719 3568 843 3644 verbo,
866 3564 1009 3647 scripto,
1046 3563 1184 3631 mandati
1211 3565 1439 3638 revocatione,
1468 3578 1543 3625 tunc
1563 3559 1615 3621 ille
1646 3556 1816 3621 monendus
1842 3628 1844 3632 .

244 3637 297 3703 vel
317 3642 449 3717 nuntio,
467 3639 504 3704 dt
519 3661 628 3706 revera
653 3644 689 3706 ad
713 3646 937 3712 mandatarium
965 3666 1011 3710 ta·
1046 3646 1107 3723 ell,
1122 3646 1170 3710 citi
1188 3646 1299 3707 iniuria
1319 3643 1519 3716 damnumque
1539 3637 1582 3702 ell
1604 3634 1815 3730 inferendum,

243 3715 281 3805 lis
301 3714 354 3782 sua
363 3722 541 3796 revocatio,
561 3720 612 3784 seu
631 3721 823 3803 rettaslatio,
840 3730 1012 3803 paventer,
1048 3743 1082 3790 ut
1109 3721 1161 3787 fibi
1194 3723 1335 3801 invigilet
1365 3742 1400 3785 ac
1417 3717 1533 3782 lludeat
1558 3715 1631 3809 tale·
1648 3715 1817 3792 periculum

243 3810 321 3861 tanc
342 3819 382 3861 ex
402 3803 554 3862 communi
576 3799 651 3863 libet
666 3800 710 3865 est
740 3802 776 3864 ab
797 3810 881 3866 omni
908 3806 1011 3870 debito
1046 3809 1189 3880 evitare-3
1209 3805 1277 3877 quia
1297 3804 1348 3879 qui
1364 3800 1510 3864 damnum
1524 3817 1595 3860 cum
1623 3794 1744 3858 illatum·
1771 3791 1817 3859 est
1875 3880 1878 3885 Α

241 3875 465 3956 restitutionis,
487 3879 559 3944 licet
575 3899 638 3942 non
657 3879 795 3945 obstante
809 3883 868 3946 ‘tali
884 3904 1011 3949 revoca-
1047 3884 1191 3950 resarcire
1219 3882 1336 3957 debet,
1361 3875 1528 3954 priusquam
1553 3873 1705 3938 inseratur
1728 3889 1817 3968 tene·

242 3961 332 4021 tione
349 3956 494 4020 damnum
509 3979 525 4021 a
542 3959 920 4041 maridaririointeiatiii,
941 3968 1012 4040 quia
1048 3984 1099 4029 tur
1117 3980 1265 4040 quantum
1295 3960 1389 4037 potest
1417 3958 1490 4021 illud
1511 3956 1682 4048 impedire3
1710 3954 1741 4015 Si
1759 3974 1817 4018 au·

242 4053 392 4100 revocata
419 4034 546 4103 iussione
572 4040 784 4105 mandatarius
805 4045 837 4105 in
854 4043 913 4107 tali
939 4041 1011 4107 casu
1049 4063 1113 4109 tem
1131 4044 1187 4107 lioc
1206 4039 1271 4105 fieti
1290 4056 1423 4116 nequeat
1437 4036 1502 4099 sine
1524 4033 1697 4098 mandantis
1724 4033 1816 4111 longe

242 4134 307 4180 non
328 4116 457 4193 amplius
475 4124 537 4196 agit
550 4119 726 4184 mandantis
742 4123 888 4201 nomine,
908 4121 941 4188 ἀ
960 4122 1013 4186 ‹la-
1050 4125 1181 4203 graviori
1202 4121 1391 4185 detrimento
1411 4140 1442 4181 v.
1461 4138 1488 4196 g.
1510 4110 1818 4206 morte,giaviffitna

242 4215 351 4281 uinum
378 4216 438 4261 non
465 4197 601 4275 sequitur
632 4219 671 4263 ex
701 4200 873 4270 mandantis
913 4202 1012 4266 iussio·
1049 4201 1194 4276 infamia,
1215 4199 1275 4264 &e
1297 4198 1384 4266 sicuti
1411 4217 1473 4262 nori
1503 4210 1627 4261 tenetur
1657 4190 1818 4287 restituere

243 4295 310 4353 ne,
335 4276 382 4337 ltd
410 4298 448 4340 ex
477 4297 561 4343 mera
588 4280 773 4344 mandatarii
799 4281 961 4345 voluntate
977 4303 1012 4346 ac
1049 4282 1115 4360 hic,
1134 4280 1169 4346 ἃ
1199 4301 1279 4344 nunc
1301 4300 1370 4342 cum
1397 4279 1494 4342 tantis
1523 4271 1745 4349 incommodis,
1766 4291 1818 4348 qut

245 4357 386 4419 malina.
410 4359 843 4425 Revocatioautemmandati
861 4361 1009 4440 sieripot·
1049 4361 1107 4424 boc
1130 4382 1223 4426 onere
1246 4377 1421 4438 gravatim,-
1453 4354 1561 4421 ficner
1581 4354 1728 4417 mandaris
1746 4369 1818 4416 cum

244 4430 612 4515 ell,&sormaliterper
637 4442 805 4519 expressam
833 4446 899 4505 eius
919 4462 1011 4507 revo-
1048 4438 1157 4503 eisdem
1173 4438 1311 4517 periculis
1332 4437 1463 4501 alterum
1482 4454 1623 4500 nouere.
1769 4511 1777 4528 .

245 4519 401 4579 tationem
423 4515 539 4595 verbo,
554 4516 688 4596 scripto,
707 4521 756 4583 vel
774 4524 904 4599 nuntio,
924 4520 1010 4584 sicuti
1087 4521 1192 4584 Sciens
1217 4519 1348 4582 alterum
1372 4535 1512 4594 paratum
1537 4514 1598 4578 elle
1626 4509 1680 4576 suo
1694 4529 1819 4576 nomine

246 4613 338 4658 antea
367 4596 456 4675 dixi,
488 4597 520 4661 dc
542 4598 765 4674 aeqiiivalenter
795 4601 907 4678 putali
928 4622 1012 4664 man·
1048 4600 1193 4664 damnum
1212 4598 1302 4661 alicui
1323 4594 1475 4661 inferresi
1503 4612 1538 4660 ut
1571 4590 1819 4656 exiulliria-te·

246 4672 318 4738 dans
331 4697 404 4739 curn
420 4680 594 4742 adversario
611 4675 795 4743 affinitatem
814 4682 981 4746 contrahat
1006 4695 1034 4770 ,Ι
1049 4699 1161 4756 netur,
1178 4699 1239 4743 non
1248 4678 1413 4754 impediat,
1433 4675 1505 4739 dum
1522 4672 1611 4750 possit
1628 4670 1817 4747 cohibendo,

246 4770 300 4817 aut
320 4755 413 4820 aliter
432 4756 531 4822 secum
548 4761 789 4835 reconcilietur,
817 4759 851 4825 dt
871 4763 903 4822 iri
925 4758 1013 4823 suam
1028 4778 1034 4830 ι
1050 4762 1101 4822 sel
1124 4756 1318 4837 significando
1334 4757 1363 4818 le
1381 4757 1499 4831 prorius
1523 4754 1580 4815 lioc
1607 4750 1710 4828 nolle,
1731 4766 1820 4813 tene·

245 4836 373 4908 gratiam
408 4856 479 4898 cum
515 4841 642 4916 recipiat
669 4887 680 4916 ‚
710 4838 870 4903 dummodo
908 4854 1013 4912 tamen
1052 4858 1103 4902 tur
1125 4839 1160 4901 ad
1177 4834 1401 4899 restitutionem
1423 4859 1433 4897 .·
1454 4837 1525 4906 quia
1544 4828 1684 4924 censetur
1712 4826 1820 4922 'salntem

246 4913 451 4979 mandatarius
470 4916 603 4981 indolem
618 4922 706 4980 nimis
722 4915 855 4982 dolosam
874 4915 918 4982 sui
931 4939 1015 4982 man·
1053 4919 1148 4980 tacite
1169 4914 1332 4991 mandare,
1349 4931 1404 4979 aiit
1425 4911 1533 4976 saltem
1559 4930 1625 4986 eius
1657 4925 1822 5002 taciturni·

248 4991 347 5056 dantis
364 4993 528 5072 agnoscens
555 4997 634 5062 hanc
655 5000 936 5067 reconciliationem
952 5016 1015 5074 non
1054 5013 1100 5059 tas
1118 4994 1247 5058 habetur
1269 5015 1323 5070 pro
1346 4990 1517 5070 consensu,
1544 4989 1578 5056 ἀ
1603 4985 1822 5069 approbatione

247 5075 383 5138 crederet
408 5073 546 5146 lisl'itiatn
572 5076 606 5145 dt
635 5075 672 5144 ad
692 5074 812 5144 facilius
828 5073 1016 5158 securusque
1031 5153 1035 5159 ,
1052 5075 1124 5143 talis
1143 5071 1245 5164 iniulli
1265 5073 1383 5141 minui.
1717 5145 1782 5224 Q

978 5170 980 5175 ·
1773 5165 1786 5211 t
