4425 6000
454 524 506 602 34
731 499 936 576 Tener.
966 523 1032 577 ne
1062 500 1198 579 lucr.
1226 516 1293 575 ar
1324 495 1434 575 lut.
1462 500 1584 577 Car.
1613 497 1662 574 ll.

398 619 492 670 nemo
510 597 703 670 sundoesuoa
716 601 822 668 colere
837 601 983 670 auderet.
1000 625 1028 680 4.
1046 599 1092 666 Ut
1107 600 1165 692 hoc
1199 599 1367 664 dominium
1387 600 1419 693 in
1437 619 1470 694 rc
1490 600 1589 667 aliena
1618 598 1770 678 adeptum·
1789 617 1845 744 fet
1870 591 1974 681 legiriv

400 685 493 750 modo
512 683 679 765 segnities,
698 705 733 749 ac
760 681 872 750 desidia
899 683 1085 761 hominum,
1112 699 1164 759 qut
1200 699 1283 744 mam
1303 678 1560 758 praescrrptronem
1581 729 1591 762 ,
1612 702 1684 746 cum
1708 680 1765 745 hoc
1803 677 1903 746 aslum
1930 677 1971 746 sit

401 785 451 830 rer
468 763 553 843 suas,
569 785 605 830 ac
621 770 690 832 iura
710 769 742 828 in
769 764 884 830 iudicio
906 763 1043 842 prosequi
1069 761 1166 842 negli·
1201 763 1288 825 iuxta
1308 762 1498 839 exigentiam
1512 761 1582 826 boni
1600 763 1790 839 communic,
1808 761 1897 826 cuiue
1918 780 1974 828 ta<

399 845 1040 1006 iilicittlililt.⁶l⁰¹.iiti‘liii
1055 843 1165 988 il‘i:
1199 837 1971 1000 {billilifflil‘lbllbilliffi

401 1005 466 1067 nrlr'
489 1018 597 1085 excepi.
618 1004 652 1072 dt
676 1023 735 1085 cap.
756 1006 791 1068 Vi
806 1004 895 1070 ilenti
911 1025 938 1084 5.
957 1006 993 1069 de
1004 1001 1162 1085 praescript.
1199 1003 1230 1065 in
1248 1002 1383 1067 alterum
1398 995 1616 1078 tramseratur.
1639 1002 1764 1067 Etenim
1783 1000 1822 1066 l..
1839 997 1971 1066 ΒΜ(

401 1084 492 1149 Unde
512 1087 563 1152 srbi
584 1092 736 1158 imputare
750 1087 786 1150 de
825 1085 1010 1166 tnegligens
1034 1080 1168 1163 Lquod
1198 1098 1314 1160 aucep.
1330 1080 1465 1159 dicitur,
1483 1080 1563 1160 quod
1584 1081 1666 1173 bono
1686 1079 1808 1159 publico
1825 1077 1973 1146 introdu-

399 1167 469 1245 qrrrls-
484 1165 523 1231 de
538 1167 650 1249 regulis
668 1168 758 1230 iuris.
781 1166 851 1232 lura
872 1169 954 1229 enim
975 1163 1163 1230 subveniunt
1229 1183 1246 1226 a
1264 1159 1308 1225 eil
1329 1154 1493 1240 usucapio,
1508 1182 1548 1227 ne
1561 1161 1690 1258 dmg&
1708 1155 1774 1227 scrc
1792 1154 1972 1252 semperiw

400 1246 601 1326 vigilantibus
622 1296 632 1326 ,
653 1269 714 1311 non
739 1245 963 1312 dormientibus
982 1293 992 1318 .
1014 1263 1052 1312 ut
1072 1247 1103 1316 iu
1125 1243 1161 1307 L.
1198 1259 1287 1308 certa
1313 1242 1411 1308 edient
1434 1261 1536 1305 rerum
1561 1243 1715 1321 domrma,
1742 1238 1777 1307 dt
1798 1241 1836 1307 1.
1857 1239 1970 1306 ulem

401 1325 535 1407 Pupillus
553 1325 586 1392 sl.
603 1328 640 1393 de
655 1328 694 1393 r'is
712 1335 778 1407 qrrae
795 1328 827 1393 tir
837 1323 944 1410 fraud.
963 1326 1041 1394 cred.
1199 1321 1391 1400 praescriptio
1399 1320 1538 1388 concesla
1556 1323 1669 1388 dicitur
1689 1338 1726 1386 ut
1746 1319 1913 1398 aliqnando
1929 1319 1975 1386 li«

1199 1405 1279 1468 cium
1297 1401 1375 1466 eslet
1390 1401 1477 1479 finis,
1494 1422 1612 1466 necnon
1632 1405 1664 1465 in
1688 1401 1799 1468 odium·
1883 1403 1974 1482 igen«

692 1495 718 1556 i.
760 1485 862 1552 XXI.
1199 1486 1238 1548 tit
1262 1498 1400 1560 repetere
1428 1501 1493 1547 rem
1517 1477 1626 1559 suam,
1654 1477 1823 1560 quamscit
1903 1481 1974 1548 alio

429 1610 476 1671 Dc
490 1602 601 1695 lustitia
615 1603 858 1687 praescriptionis,
876 1599 935 1682 sear
950 1625 970 1694 {t
984 1602 1135 1694 ucupiont's
1199 1559 1398 1704 mfflffllu
1514 1639 1539 1706 st
1626 1640 1633 1659 .
1828 1639 1838 1704 Ι
1880 1641 1916 1660 ..

501 1705 534 1750 tn
553 1698 673 1777 tritoque
681 1684 770 1766 soro,
790 1680 962 1772 cxicmosci
974 1695 1054 1773 ccci,
1263 1662 1319 1786 sme-
1361 1657 1469 1707 mmm
1495 1661 1518 1738 e·
1571 1657 1710 1788 {funeste
1735 1661 1801 1706 κω
1823 1657 1975 1788 fflm.

537 1765 579 1835 ω
598 1781 732 1843 ψσε·
753 1765 808 1845 ω
826 1760 1022 1843 ωψσε
1198 1739 1441 1868 liii‘lttlu
1455 1737 1970 1882 ,‘i¹i⁰⁰.¹..l.⁰.‘:.i?‘r...·.²:.².'

435 1877 483 1943 Ut
506 1877 607 1946 sensus
622 1880 809 1948 definitionis
825 1881 935 1948 meliur
955 1883 1139 1963 percipiatur
1154 1923 1170 1960 ,·
1199 1881 1378 1949 reslituatut
1404 1885 1441 1947 in
1460 1886 1615 1964 integrum
1631 1930 1646 1961 ,-
1659 1904 1730 1962 quac
1759 1878 1917 1950 restitutio
1934 1885 1966 1946 in

395 1965 481 2038 ptius
495 1962 734 2029 examinandum
752 1959 873 2042 censui,
890 1981 964 2026 num
983 1979 1093 2030 revera
1113 1962 1164 2026 do·
1199 1966 1351 2043 integrum
1369 1963 1555 2029 conceditur
1568 1963 1751 2044 minoribus,
1772 1964 1827 2042 qul·
1852 1961 1966 2029 babent

395 2042 526 2106 minium
552 2043 596 2107 cei
611 2047 680 2120 ‘pet
705 2040 966 2121 praescriptionem
989 2046 1164 2122 acquiratur
1198 2047 1245 2108 ius
1265 2042 1388 2120 petendi
1407 2060 1477 2109 toto
1492 2043 1689 2121 quadriennio
1705 2062 1724 2110 a
1744 2043 1815 2121 dic,
1832 2061 1966 2122 qtroma·

396 2124 513 2186 cumin
529 2117 597 2187 som
616 2141 767 2202 externo,
785 2144 856 2192 tum
866 2126 992 2188 interno
1006 2121 1164 2189 conscien·
1199 2127 1279 2187 iores
1304 2119 1371 2187 salli
1389 2122 1477 2189 sunt.
1500 2122 1582 2189 stem
1605 2127 1653 2190 ius
1683 2123 1761 2188 idem
1781 2123 1966 2188 conceditur

395 2205 470 2277 tim,
488 2205 570 2267 cirta
594 2203 673 2280 quod
693 2201 866 2282 discrepant
893 2202 1057 2268 authorer.
1079 2201 1164 2267 Nam
1199 2200 1339 2269 Ecclestae
1355 2199 1480 2279 aliisque
1499 2207 1554 2282 piis
1575 2203 1717 2281 locirper
1731 2201 1970 2282 qurdriennim

395 2280 556 2348 affirmant
576 2284 646 2362 alii,
667 2284 717 2348 alii
734 2301 870 2364 negant,
895 2281 1083 2363 distinguunt
1107 2282 1162 2348 alii
1199 2305 1217 2349 a
1236 2284 1310 2362 die,
1334 2303 1394 2358 quo
1421 2280 1554 2349 Ecclesia
1582 2284 1676 2350 novit
1704 2279 1972 2366 praescriptionem·

395 2379 545 2439 putantes
566 2365 673 2433 valere
689 2363 948 2445 proscriptionem
963 2363 1084 2440 quando
1096 2365 1163 2439 quir
1199 2365 1321 2429 luorum
1337 2365 1505 2443 bonomm,
1518 2384 1558 2429 ex
1572 2383 1642 2442 cap.
1660 2383 1688 2426 r.
1708 2364 1744 2428 dt
1762 2361 1853 2458 rcjsr'i.
1867 2359 1911 2432 t'rr¹
1922 2359 1967 2427 ln·

395 2462 461 2505 rem
480 2443 577 2511 titulo
594 2444 725 2512 oneroso
734 2445 923 2524 obtinuerit,
937 2460 974 2508 ut
993 2442 1014 2507 st
1032 2444 1169 2522 emeritr
1198 2458 1310 2526 regrum
1328 2447 1361 2506 in
1379 2444 1410 2506 6.
1432 2443 1473 2508 Et
1496 2441 1649 2510 interdum
1668 2443 1849 2509 conceditur
1871 2443 1965 2508 etin

394 2519 431 2586 dt
450 2519 576 2589 solverit
602 2528 734 2603 pretium
757 2525 864 2592 domus
887 2545 985 2603 ‚quae
1008 2543 1074 2588 non
1095 2540 1164 2588 erat
1188 2521 1364 2598 ,maioribus
1382 2523 1422 2589 ob
1437 2521 1531 2590 iulias
1545 2524 1683 2590 caussas.
1704 2521 1970 2598 Postlcntentiam·

395 2602 589 2683 uenditorir;
615 2627 730 2684 negant
755 2627 861 2673 autem
892 2604 1023 2681 valere,
1047 2602 1069 2667 st
1094 2605 1165 2681 quis
1200 2623 1306 2670 autem
1322 2602 1429 2669 iudicis
1448 2601 1492 2668 eli
1511 2602 1657 2684 obligatio
1673 2607 1705 2667 in
1720 2601 1969 2668 conscienciam

393 2700 462 2746 rem
477 2682 615 2749 babuerit
638 2688 732 2753 titulo
758 2691 916 2767 gratuito.
938 2684 1053 2748 Verum
1076 2681 1166 2747 bodie
1200 2681 1390 2763 praescriptas
1410 2683 1613 2760 reslituendi,
1637 2685 1708 2761 quia
1727 2677 1805 2748 iusla
1825 2680 1892 2762 esi,
1910 2699 1966 2746 nec

393 2761 1165 2908 pegeomnesrheologt‚dentiltaeaffirmagibvssm
1189 2768 1311 2907 lissinis
1337 2759 1414 2830 salsa
1442 2762 1698 2845 praesumptione,
1715 2760 1766 2828 sed
1785 2764 1889 2844 legum
1906 2757 1965 2828 dis·

407 2863 427 2904 u
456 2863 543 2909 ment
605 2868 676 2912 uam
692 2866 729 2914 ut
744 2866 987 2914 communiorem
1141 2865 1164 2906 r·
1219 2862 1369 2909 ortrone.

394 2869 648 3007 lioremve'slqui
675 2928 847 2994 censuimus
861 2975 879 3008 ,.
895 2927 966 2991 hinc
989 2867 1117 2990 ‹licpimut
1188 2868 1217 2934 'p
1239 2926 1311 2989 Dixi
1333 2925 1391 3007 rrr'fi
1404 2924 1486 3007 prior
1508 2923 1646 2990 doinus-
1659 2921 1877 3009 rtstt'itratrrrt'rt
1894 2921 1972 2988 lale-¹

254 3040 303 3092 p„
318 3040 368 3094 Μ
435 3008 491 3069 Per
509 3004 770 3086 praescriptionem
797 3011 967 3088 legitimam
993 3008 1163 3083 requiritur
1196 3027 1310 3086 gram,
1335 3007 1478 3084 quiahoc
1494 3003 1608 3072 secluso
1628 3025 1690 3072 non
1709 3003 1807 3071 solum
1827 3022 1877 3071 cca
1895 3000 1967 3081 lezi·

262 3111 356 3157 rimam
394 3082 564 3148 dominium
587 3091 632 3151 rei
649 3090 757 3154 alienat
779 3105 843 3154 tam
863 3090 902 3152 in·
924 3084 992 3151 boto
1014 3085 1164 3149 exteriori
1201 3090 1276 3151 time
1310 3086 1485 3163 praescripta
1517 3088 1644 3151 retineri
1670 3084 1768 3164 potest
1796 3100 1870 3151 tuta
1886 3098 1966 3149 em·

255 3173 366 3245 ‚ratem
397 3184 493 3239 quam
518 3168 658 3232 interiori
680 3168 900 3246 conscientian
920 3173 966 3232 ita
986 3184 1022 3230 ut
1045 3167 1095 3241 qui
1122 3164 1166 3227 le·
1200 3164 1344 3244 scicntia,
1361 3165 1409 3230 sed
1426 3165 1448 3229 st
1467 3170 1532 3244 quit
1551 3168 1648 3232 etlam
1671 3186 1712 3230 err
1731 3164 1907 3246 igmtantia
1920 3164 1973 3229 lav

255 3248 375 3314 peronem
400 3247 507 3322 gitime
531 3245 709 3326 prael'cripfic
739 3270 802 3314 non
831 3264 974 3315 teneatur
1002 3242 1164 3310 restituere
1200 3248 1259 3326 ris,
1280 3244 1460 3312 &dominii
1481 3267 1499 3311 a
1517 3244 1547 3310 se
1566 3245 1703 3324 acquisiti
1719 3267 1788 3311 eam
1809 3246 1904 3323 priori
1919 3240 1973 3307 dor

254 3312 365 3415 3222·
400 3324 493 3401 priori
522 3326 646 3391 domino
669 3332 822 3407 repetenti
847 3349 910 3392 rem
933 3324 1164 3406 prascriptam‚
1199 3330 1283 3391 mino
1298 3325 1481 3403 restituerit,
1502 3332 1618 3403 poterit
1641 3327 1724 3391 illam
1746 3343 1885 3403 repetere
1900 3326 1973 3386 iux··

254 3426 369 3481 mentam
399 3402 592 3481 &probanti
612 3410 703 3473 certis
724 3409 893 3475 rationibus
910 3427 976 3472 rem
990 3406 1066 3470 olim
1081 3405 1118 3469 ad
1132 3401 1164 3469 se
1200 3425 1233 3472 ta
1259 3425 1451 3472 communem
1474 3405 1644 3472 Dodiorrrm
1668 3456 1676 3482 ‚
1698 3410 1768 3483 quia
1791 3405 1862 3470 talia
1892 3420 1967 3467 ntur·

252 3488 291 3539 rei
307 3492 367 3547 atie.
398 3485 595 3560 perrinnilic.
622 3490 690 3554 Hoc
714 3490 796 3554 clare
818 3488 1009 3563 oflendunt,
1031 3507 1067 3550 ac
1094 3505 1164 3562 pro-
1196 3508 1289 3565 quam
1309 3485 1414 3550 habuit
1430 3483 1600 3552 absolutam
1621 3488 1818 3551 voluntatem
1842 3474 1969 3550 transsc-

254 3566 315 3606 η·
397 3562 477 3632 bant
491 3583 623 3644 utraque
639 3572 705 3634 iura
721 3587 789 3634 tum
805 3571 899 3636 civile
919 3567 1024 3634 titde
1046 3563 1161 3646 usucap.
1199 3569 1282 3633 rendi
1309 3566 1483 3632 dominium
1502 3567 1584 3632 illius
1612 3569 1658 3632 rei
1677 3568 1710 3629 in
1731 3565 1895 3642 alterum,
1921 3556 1975 3625 sed

394 3662 465 3710 tum
480 3650 687 3726 canonicum,
706 3651 785 3725 quod
807 3652 958 3728 praecipue
974 3648 1163 3712 bonumani·
1199 3666 1322 3713 tantum
1342 3644 1585 3712 conditionatam
1604 3697 1614 3726 ,
1633 3645 1655 3710 sr
1675 3647 1821 3713 videlicet
1842 3663 1891 3710 ret
1910 3660 1970 3707 mn

367 3746 373 3756 ’
395 3747 456 3790 mae
477 3728 598 3806 respicit
627 3734 680 3794 tit.
702 3730 746 3795 ad.
766 3752 858 3796 auret-
873 3733 909 3796 de
929 3725 1091 3809 praescript.
1111 3725 1160 3791 ubi
1198 3726 1234 3790 fit
1257 3726 1326 3792 sua.
1345 3726 1444 3807 lgitur
1464 3749 1536 3792 cum
1554 3726 1693 3792 conditio
1713 3747 1776 3791 non
1798 3723 1978 3805 impleatur,-

393 3803 565 3886 stabilitur,
581 3830 616 3875 ac
629 3806 776 3877 'firmatur
791 3815 838 3875 ius
854 3811 1008 3875 mediante
1031 3804 1164 3886 praescri·
1197 3809 1367 3877 dominium
1383 3807 1517 3873 absolute
1534 3829 1596 3874 non
1607 3803 1811 3872 transferret.

395 3890 504 3965 ptione
533 3890 622 3957 bonae
650 3890 720 3956 fidei
746 3890 952 3969 acquisitum.
980 3887 1070 3953 Unde
1091 3908 1163 3952 cnm
1237 3886 1370 3954 obiicier
1405 3908 1434 3952 r.
1464 3908 1555 3952 nemo
1584 3885 1682 3967 potest
1712 3884 1788 3951 iusle
1816 3884 1980 3963 acquirere¹

397 3982 483 4031 turos
509 3989 566 4035 noe
580 3970 685 4035 reddat
703 3975 752 4037 ius
774 3974 887 4047 civile,
904 3970 937 4036 dc
954 3968 1054 4033 multo
1069 3989 1119 4032 ma
1140 3968 1164 4031 ir
1187 3968 1367 4036 'dominium
1395 3972 1440 4033 rei
1465 3970 1574 4033 alienae
1603 3969 1706 4033 invito
1724 3966 1810 4031 illiua
1829 3965 1983 4041 domitto,-

393 4050 584 4114 canonicum
608 4053 640 4112 in
670 4048 738 4116 soro
762 4051 981 4126 eonscientiae,
1001 4051 1082 4113 circa
1105 3990 1164 4129 il,
1198 4050 1286 4117 ficuti
1302 4050 1499 4127 contingeret
1521 4069 1573 4128 per
1583 4048 1886 4189 ¹praescriptionctnq
1917 4044 1975 4125 igl-

395 4127 476 4205 quod
490 4130 606 4195 eadem·
626 4133 691 4195 iura
709 4149 745 4196 ut
766 4134 937 4214 legitimum
964 4128 1133 4206 approbant
1155 4178 1165 4208 ‚
1199 4151 1251 4198 tur
1275 4129 1463 4206 praescriptio
1483 4146 1603 4194 tametr
1625 4129 1761 4208 legitima
1786 4143 1892 4191 tutum
1910 4142 1983 4190 non

396 4228 434 4272 ac
451 4206 581 4290 lullum,
603 4212 708 4291 procul
725 4213 815 4279 dubio
830 4211 923 4278 secuti
939 4207 1042 4275 sumne
1060 4211 1092 4271 in
1117 4212 1164 4273 in·
1198 4212 1299 4277 reddit
1326 4213 1356 4273 in
1376 4210 1564 4274 conscientia
1585 4208 1717 4274 alienam
1741 4210 1807 4272 sem
1827 4224 1883 4283 pet
1907 4202 1977 4270 talc

397 4292 505 4353 teriori
523 4286 592 4357 soro
606 4289 803 4359 conscientiae
820 4291 920 4371 quaed
934 4291 1101 4355 dominium
1118 4310 1165 4354 re·
1199 4297 1246 4358 iur
1266 4287 1471 4369 pollidentenr·
1484 4334 1498 4352 .
1511 4286 1723 4366 Responderur
1739 4286 1858 4429 acquiri
1878 4282 1980 4351 domi·

396 4389 494 4448 rum,
543 4372 602 4437 uod
631 4391 686 4449 per
709 4372 877 4452 legitimam
899 4367 1161 4453 prescriptionem
1199 4376 1287 4438 nium
1302 4367 1529 4449 praescriptione
1549 4369 1676 4435 volente
1695 4418 1705 4449 ‚
1722 4366 1758 4435 dc
1785 4388 1817 4432 rc
1835 4363 1984 4459 slatucnv

397 4448 502 4525 adepti
522 4394 624 4516 simus
645 4502 653 4530 ‚
682 4453 756 4516 dum
781 4454 889 4519 eadem
923 4455 992 4519 iura
1018 4448 1096 4515 illud
1112 4469 1165 4532 ap-
1200 4473 1232 4519 tc
1253 4450 1420 4527 Principe,
1444 4452 1496 4529 qui
1524 4450 1621 4514 altum
1641 4449 1731 4537 habet
1751 4446 1925 4515 dominium
1943 4462 1986 4539 tau

397 4526 531 4605 probant
553 4552 588 4598 ut
607 4534 800 4613 legitimum.
1198 4534 1278 4598 bona
1299 4529 1513 4607 subditotum,
1541 4532 1574 4596 vi
1594 4534 1687 4595 cuius<
1702 4532 1825 4594 servata
1848 4545 1981 4605 propor-

438 4609 538 4677 Ratio
553 4618 667 4689 paritet
687 4613 746 4679 boc
775 4613 980 4692 comprobat,
1000 4613 1071 4692 quia
1101 4632 1165 4677 cer·
1202 4617 1288 4693 tione
1297 4609 1393 4690 potest
1414 4611 1451 4674 de
1471 4611 1516 4674 liis
1532 4607 1688 4688 disponere
1710 4611 1748 4675 ad
1763 4608 1877 4674 bonurn
1893 4626 1991 4671 com·

399 4704 468 4753 tum
492 4691 535 4756 est
559 4692 796 4774 rempublicam,
821 4715 857 4760 ac
884 4697 1037 4772 Principes
1067 4711 1166 4758 trans·
1201 4713 1292 4758 mune
1317 4690 1376 4755 stne
1397 4687 1542 4755 consensu
1558 4694 1778 4768 priuatorum,
1804 4690 1855 4765 qui
1877 4687 1988 4750 domi-

398 4770 483 4839 serrc
502 4770 583 4851 petie
610 4774 779 4841 dominium
806 4777 895 4839 unius
925 4777 1038 4852 privati
1061 4776 1092 4836 in
1121 4772 1165 4836 al·
1202 4777 1287 4838 nium
1306 4792 1367 4836 non
1392 4770 1505 4835 habent
1526 4770 1580 4833 nili
1601 4769 1860 4836 subordinatum.
1890 4765 1987 4831 Insu-

398 4867 523 4928 temtn.
555 4854 677 4933 quando
692 4855 816 4922 bonum.
827 4856 979 4933 publicum
996 4854 1027 4918 id
1041 4856 1179 4935 exigat.-
1204 4875 1256 4933 per
1277 4856 1359 4930 prior
1374 4851 1514 4915 elmuinus
1533 4870 1595 4915 non
1616 4851 1664 4916 est
1681 4848 1911 4916 rationabiliter
1931 4850 1991 4911 in·-

398 4934 430 4999 le
449 4937 533 5002 enim
561 4933 605 5000 est
633 4934 702 5002 usur
731 4937 790 5002 alti
818 4936 943 5001 dominii
976 4934 1053 5011 quod
1078 4951 1165 5000 tenet
1204 4937 1311 5009 vitus,
1331 4932 1404 4995 dum
1420 4933 1469 4996 lex
1485 4928 1719 5010 praescriptionis
1741 4928 1817 4996 lulla
1838 4929 1913 5007 esl,
1947 4927 1991 4996 C<

398 5019 540 5095 Princeps
562 5019 593 5079 in
623 5015 703 5080 bona
731 5019 949 5095 privatorum.
977 5017 1166 5093 Legitimum
1203 5013 1325 5091 expedit
1342 5009 1883 5091 bonumcommunclcmperprivato
1904 5030 1987 5088 ptae·

397 5098 553 5179 elligitur
573 5097 670 5163 etiam
691 5100 724 5163 in
742 5094 813 5164 loro.
830 5100 952 5163 interno
969 5093 1165 5165 eonscientiae
1204 5091 1381 5161 ferendum.
1878 5120 1968 5236 ὣ·
