4425 6000
776 507 921 588 168
1330 501 3105 589 Tucr.nnconraiicrmiimn.

676 601 797 674 hoe
836 603 1075 684 proficit
1098 652 1114 678 ,
1153 616 1228 668 nt
1258 601 1599 679 improbare
1641 602 1865 681 liceat,
1904 605 2052 684 Leg.
2104 621 2200 686 34.

664 687 737 774 Ε
768 689 845 753 de
872 689 1167 752 centrum
1202 693 1381 762 empt.

678 779 685 786 “
754 767 980 835 Altera
1022 767 1176 830 v'ero
1208 783 1342 842 pars
1376 812 1392 842 ,
1458 782 1673 838 nempe
1725 763 1885 840 qnod
1928 765 2205 831 venditio

670 868 809 918 tom
852 849 977 912 lete
1010 867 1138 910 non
1186 840 1669 923 perficiatur-nist
1707 843 2038 910 traditione
2078 848 2205 921 rei,

664 869 910 996 sontiar-
954 949 1030 989 εκ
1070 929 1202 989 iure
1242 929 1391 1005 Leg-
1435 945 1531 989 zu.
1571 923 1691 989 rud.
1739 923 1807 989 122-
1843 925 2071 1005 panis,
2102 923 2201 990 ubi

667 1005 1106 1075 traditionibus
1130 1057 1146 1081 ,
1190 1005 1254 1073 ὃς
1290 1009 1751 1093 ιιίυιῴῡῡὰξιιε
1807 1009 2077 1070 dominia
2110 1024 2202 1069 re·

661 1107 815 1158 tum
846 1109 970 1153 nnn
1014 1089 1186 1149 nudis
1230 1081 1415 1161 paffis
1611 1093 1965 1153 sieruntur.
2014 1082 2201 1148 Unde

666 1186 855 1252 patet
886 1189 966 1233 eit
1006 1169 1342 1229 traditione
1370 1185 1499 1233 nnn
1679 1165 1779 1233 iin
1811 1184 2081 1244 emptore
2099 1163 2203 1229 do-

664 1251 934 1316 minium
970 1297 986 1322 ,
1042 1245 1146 1309 nisi
1182 1241 1306 1390 13ιὲΙῖ
1354 1241 1447 1309 rei
1635 1241 1879 1313 'fiunem
1920 1293 1937 1323 ‚
1992 1247 2082 1309 ita
2134 1262 2203 1309 ut

1170 1346 1198 1390 e

662 1346 828 1396 ente
870 1326 1166 1394 tradition
1667 1322 1799 1390 dem
1843 1343 2078 1410 emptor
2114 1327 2204 1388 ius

664 1403 994 1488 personale
1030 1410 1102 1470 ad
1138 1426 1270 1470 rem
1607 1426 1675 1470 tn
1699 1410 1783 1466 ius
1811 1414 1867 1466 in
1902 1425 1967 1468 re
1989 1451 2011 1482 ,
2049 1403 2203 1482 quod

665 1487 910 1554 indicat
954 1486 1334 1582 continauri}
1515 1558 1527 1570 .
1611 1482 1783 1550 senili
1827 1485 1943 1550 esse
1982 1488 2203 1560 imper·

672 1563 902 1632 festum
926 1618 942 1642 ,
986 1566 1054 1634 δεῖ
1094 1566 1206 1630 hut:
1238 1570 1431 1630 ettam
1587 1610 1603 1626 .
1639 1582 1695 1638 9.
1727 1566 1787 1646 ff.
1827 1566 1897 1630 dt
1929 1561 2087 1643 publ.
2140 1562 2206 1628 in

670 1668 805 1716 rem
835 1650 946 1712 αὲἓ.
990 1646 1286 1710 statuitur
1330 1666 1459 1710 rem
1547 1646 1731 1706 iit-bus
1787 1646 1942 1710 buna
1995 1644 2112 1710 fide
2142 1666 2204 1708 e·

671 1726 1016 1804 mentibus,
1061 1725 1483 1790 venditionem
1523 1726 1650 1787 eius
1686 1725 1807 1788 effe
1844 1773 1862 1801 ‚
1916 1729 2015 1790 cui
2052 1729 2205 1803 prio-

670 1810 733 1873 ri
771 1805 1003 1872 tradita
1033 1803 1118 1870 est
1143 1854 1160 1882 ‚
1194 1805 1335 1868 licet
1378 1803 1534 1868 alter
1577 1821 1723 1867 ante
1754 1825 1897 1868 eum
1942 1809 2163 1870 emerit
2186 1851 2201 1868 .

683 1888 747 1952 Si
790 1886 958 1954 enim
997 1887 1278 1948 venditio
1314 1887 1569 1948 omnino
1624 1882 1889 1960 perfecta
1945 1887 2097 1951 esset
2128 1906 2205 1949 ex

683 1967 814 2033 iolo
851 1966 1123 2042 partium
1151 1959 1438 2030 consensu
1472 2010 1491 2039 ,
1552 1983 1645 2027 res
1676 1985 1799 2027 non
1854 1967 2042 2038 posset
2081 1961 2207 2029 esse

682 2047 853 2112 illius
890 2047 989 2110 cui
1031 2047 1227 2121 primo
1268 2043 1494 2108 tradita
1526 2042 1613 2106 est
1638 2089 1655 2120 ‚
1687 2065 1829 2107 cum
1863 2047 1987 2109 iam
2019 2064 2204 2110 antea

684 2126 766 2192 ab
822 2125 946 2188 alio
998 2140 1203 2199 empta
1238 2119 1353 2186 fnit
1396 2171 1416 2199 ,
1460 2125 1596 2198 qnia
1653 2141 1801 2188 tunc
1857 2125 2205 2190 traderetur

679 2203 993 2284 posteriori
1026 2208 1325 2279 emptori,
1366 2201 1521 2279 quod
1544 2195 1798 2276 perfeae
1828 2201 2053 2270 bonum
2072 2223 2206 2268 erat

678 2286 970 2352 alterius.
1038 2281 1107 2345 ln
1168 2282 1278 2346 hoc
1334 2299 1545 2346 tamen
1593 2278 1865 2346 standum
1926 2285 2011 2348 est
2048 2281 2207 2349 loco-

680 2386 818 2428 rum
846 2360 1380 2428 consuetudinibus
1414 2409 1431 2438 ,
1484 2363 1545 2424 vi
1588 2382 1847 2439 quarum
1898 2361 2033 2427 fista
2062 2384 2209 2437 qua·

683 2446 827 2508 dam
858 2442 1192 2512 traditione
1253 2442 1591 2506 dominium
1630 2446 1718 2506 rei
1762 2443 1993 2507 mobilis
2038 2462 2207 2507 tran-

684 2521 760 2587 ῆι
816 2523 880 2586 in
930 2539 1264 2598 emptorem
1302 2568 1319 2597 ‚
1368 2519 1569 2584 statim
1624 2542 1696 2586 ac
1748 2520 2085 2590 confestum
2124 2517 2208 2586 est

681 2601 1057 2668 venditionis
1089 2601 1199 2663 inst
1211 2616 1552 2665 rumentu‘n
1573 2643 1588 2660 .

438 2677 659 2752 ‚obligas
712 2753 721 2761 ,
763 2681 1005 2746 Dicitur
1037 2677 1298 2744 secundo
1337 2680 1489 2744 ultro
1519 2676 1771 2758 citroque
1803 2677 2172 2761 obligatorias
2192 2730 2211 2760 ‚

402 2752 623 2864 2¹:3³0,
685 2765 833 2841 quia
882 2779 1141 2837 uterque
1196 2761 1693 2827 contrabentium
1761 2782 1837 2825 ex
1898 2763 2007 2826 tali
2066 2784 2211 2826 con·

406 2871 539 2921 m&
562 2841 885 2919 ...μετέω
915 2841 1263 2918 obligatur,
1296 2857 1537 2918 emptor
1575 2839 1812 2915 quidem
1853 2839 1927 2904 ad
1965 2841 2211 2906 traden-

405 2933 625 2987 ἀκοή..
684 2923 828 2986 dum
870 2922 1131 2998 pretium
1163 2937 1579 2994 conventum,
1617 2920 1909 2984 venditor
1950 2935 2105 2986 vero
2136 2921 2209 2984 ad

685 3003 1042 3070 tradendam
1074 3020 1335 3064 mercem
1388 3000 1698 3064 venditam
1758 2998 1902 3081 Leg.
1946 3016 2212 3080 exempto

688 3102 785 3149 11.
823 3081 905 3148 <r
938 3088 991 3146 5.
1030 3080 1176 3162 1.ffi
1214 3076 1285 3144 de
1330 3085 1443 3146 σᾶ.
1497 3090 1667 3158 empt.
1714 3079 1781 3145 ac
1820 3079 1961 3143 lnst.
2014 3074 2107 3146 lib.
2154 3098 2207 3159 3.

685 3164 786 3229 m.
822 3180 919 3240 24.
973 3164 1063 3224 ita
1095 3174 1165 3223 ut
1227 3159 1397 3223 iimul
1428 3178 1498 3223 ac
1530 3158 1604 3222 de
1645 3163 1845 3237 pretio
1899 3180 2210 3225 convene·

694 3246 863 3317 rint,
901 3237 1173 3304 absolute
1218 3238 1522 3313 loquendo
1564 3258 1785 3302 neuter
1828 3236 2053 3303 refilire
2088 3235 2213 3313 pos·

684 3314 764 3385 fit
797 3320 994 3385 altero
1023 3320 1232 3380 invito
1270 3322 1461 3381 etiam
1495 3337 1615 3382 non
1650 3314 1805 3383 fasta
1846 3319 2176 3383 traditione
2198 3366 2214 3396 ,

690 3402 834 3478 Leg.
884 3410 939 3479 3.
982 3396 1102 3462 cod.
1143 3397 1219 3459 de
1252 3394 1495 3485 tgscind.
1554 3392 1792 3462 vendit.
1842 3399 1984 3475 qnia
2039 3399 2211 3473 pasta

693 3484 969 3557 obligant
1005 3482 1066 3539 in
1099 3478 1470 3541 conicientia
1514 3520 1533 3557 ‚
1589 3498 1659 3543 ut
1718 3476 1976 3540 habetur
2008 3480 2070 3539 in
2106 3484 2211 3541 cit.

696 3564 845 3640 Leg.
889 3568 1145 3647 exempto
1179 3604 1197 3631 ,
1230 3556 1326 3619 ubi
1371 3556 1446 3621 lic
1487 3584 1505 3618 .·
1548 3563 1696 3623 Cum
1727 3554 1880 3619 nihil
1907 3556 2089 3635 magis
2130 3544 2216 3621 bo·

693 3664 791 3705 nae
815 3639 961 3718 fidet
1001 3648 1276 3717 congruat
1316 3658 1487 3713 quam
1531 3635 1601 3703 id
1626 3638 1892 3717 praestare
1933 3638 2084 3715 quod
2122 3637 2211 3700 in·

691 3734 786 3786 ter
812 3712 1209 3785 contrahentes
1240 3720 1435 3781 adium
1483 3719 1587 3791 est.
1643 3719 1887 3781 Dicitur
1920 3718 2112 3781 tertio
2140 3720 2219 3782 de

690 3796 1087 3867 determinata
1119 3817 1304 3861 merce
1330 3814 1431 3875 pro
1444 3797 1833 3863 determinato
1865 3794 2051 3875 pretio
2100 3846 2119 3876 ,
2138 3796 2220 3862 ἔν’*

690 3898 728 3947 e
756 3890 988 3947 contra.
1034 3879 1198 3940 Nam
1233 3877 1302 3939 ad
1347 3877 1457 3940 hoc
1492 3896 1559 3941 ut
1593 3876 1801 3953 valeat
1834 3880 2067 3952 emptio
2104 3925 2123 3954 ,
2152 3874 2216 3941 ὅ(

688 3954 971 4025 venditio
995 4006 1012 4035 ‚
1042 3968 1287 4033 oportet
1322 3968 1392 4022 ut
1424 3958 1829 4023 determinata
1852 3976 2077 4021 merces
2114 3979 2221 4033 pro

694 4040 1103 4105 determinato
1168 4039 1364 4109 pretio
1401 4038 1702 4101 vendatur
1742 4035 1886 4115 fl&
1928 4055 2170 4099 ematur
2205 4085 2220 4110 ,

699 4118 847 4184 alias
890 4117 1095 4179 nullus
1132 4114 1283 4179 eiset
1323 4114 1669 4181 contraRus
1710 4164 1727 4190 ,
1776 4116 1913 4194 Leg.
1973 4116 2223 4195 persaepe

698 4215 803 4281 35.
832 4202 887 4263 5.
926 4215 984 4259 ι.
1017 4192 1092 4257 de
1129 4184 1517 4260 contrahenda
1550 4194 1875 4273 emptione3
1913 4188 2117 4273 &tres
2160 4218 2220 4257 in

696 4279 810 4343 tali
846 4274 988 4341 calu
1022 4274 1176 4351 perit
1198 4320 1215 4348 ‚
1261 4292 1370 4338 aut
1406 4273 1695 4341 accrescit
1731 4274 2035 4338 venditori
2076 4319 2093 4350 ,
2150 4293 2219 4337 ut

694 4359 741 4421 ii
784 4360 919 4434 quis
958 4352 1235 4419 vendidit
1282 4354 1753 4419 indeterminate
1814 4354 2021 4416 decem
2070 4375 2220 4418 oves

696 4452 783 4503 ex
816 4449 883 4501 to
1028 4450 1195 4509 tege,
1241 4432 1341 4497 vel
1382 4428 1587 4513 decem
1620 4439 1825 4513 iugera
1858 4435 1920 4495 in
1964 4426 2218 4496 sunfun—

692 4510 779 4583 do
802 4561 823 4595 ,
848 4506 893 4577 st
1026 4514 1065 4574 'c
1100 4515 1410 4589 perirent,
1452 4516 1555 4577 vel
1597 4510 2033 4578 fruetificat-ent
2068 4556 2086 4586 ‚
2128 4518 2224 4588 pe-

702 4598 898 4661 rirent
938 4588 1483 4659 &Aruffiflcarent
1527 4588 1870 4669 venditori.
1989 4592 2226 4655 endi'tio

696 4678 871 4761 enim
928 4674 1215 4747 quamdiu
1269 4682 1365 4737 res
1420 4672 1833 4739 determinata
1898 4680 2023 4737 non
2079 4668 2163 4733 est

694 4754 983 4821 tenletur
1010 4752 1449 4819 conditionalis
1472 4798 1489 4830 ,
1526 4760 1659 4829 quae
1699 4746 1965 4827 perfetta
2001 4772 2173 4816 none

692 4832 809 4909 xiiii
836 4829 1091 4907 impleta
1108 4822 1652 4899 conditione.Hinc
1669 4830 1816 4899 iicu't
1836 4852 1959 4897 non
1980 4830 2227 4896 'teneba-

696 4928 807 4989 tur
827 4912 1117 4977 venditor
1131 4912 1240 4981 has
1254 4934 1431 4993 oves,
1444 4915 1551 4977 vel
1570 4912 1701 4977 hae'c
1718 4913 1923 4993 iugera
1941 4912 2231 4983 determiss

696 4991 1323 5073 natedateemptoti,
1360 4990 1665 5069 italiqnid
1686 4980 1759 5057 iit
1796 4988 1965 5063 {nbis
1992 4988 2232 5063 caroiu-

688 5075 915 5165 tpenti,
930 5088 1043 5155 aut
1062 5072 1443 5173 detrimenti,
1466 5070 1539 5141 ad
1558 5062 1747 5155 ipsum
1768 5070 1960 5139 solum
1990 5068 2230 5161 spoliat.

2351 607 2521 672 Num
2559 629 2711 676 vero
2746 611 2924 675 arrha
2954 632 3097 676 cnm
3137 608 3318 676 datur
3361 610 3542 678 liceat
3577 607 3806 681 resilire

2269 708 2408 752 cum
2445 690 2570 754 sola
2607 689 2768 778 illius
2809 690 3069 768 iastura,
3105 689 3218 754 hoc
3253 692 3472 767 pendet
3509 740 3528 770 ,
3591 693 3687 756 ait
3725 694 3802 757 de

2272 768 2446 847 Lugo
2471 817 2488 848 ,
2520 789 2598 832 ex
2613 771 3052 835 conluetudine
3073 817 3090 848 ‚
3124 790 3262 846 quae
3293 792 3437 834 cum
3469 769 3544 836 sit
3566 775 3808 847 optima

2277 848 2372 910 lex
2402 898 2419 927 ,
2453 850 2947 914 contrahentium
2979 854 3387 915 intentionem
3427 855 3666 926 optime
3705 851 3806 914 de-

2271 927 2467 993 clarat
2509 978 2526 1007 ,
2579 933 2725 1006 quia
2758 929 2798 992 fi
2834 930 2972 994 usus
3011 929 3160 994 effet
3195 977 3216 1007 ‚
3261 947 3334 994 ut
3381 951 3524 994 cum
3555 928 3688 994 iola
3717 933 3810 994 ia·

2271 1005 2437 1072 stura
2478 1009 2671 1073 arrha:
2705 1013 2950 1086 impune
2983 1010 3267 1074 recedant
3308 1057 3325 1086 ,
3367 1030 3441 1073 ea
3484 1006 3682 1072 solum
3718 1011 3810 1073 vi-

2270 1088 2454 1153 detur
2492 1092 2751 1166 intentio
2795 1113 2820 1156 ;
2871 1092 3023 1156 alias
3065 1090 3240 1153 arrha
3274 1089 3420 1153 data
3459 1085 3804 1153 censebitur

2273 1166 2345 1229 ad
2380 1167 2570 1233 solam
2610 1165 3005 1235 securitatem
3044 1170 3432 1247 obligationis
3464 1165 3804 1232 contratiae

2270 1252 2458 1311 etiam
2494 1270 2573 1314 ex
2611 1266 2782 1327 parte
2821 1251 3068 1329 dantis,
3099 1252 3200 1327 qui
3243 1269 3380 1313 eam
3420 1247 3676 1326 implere
3718 1265 3812 1310 te·

2275 1347 2532 1392 neatur.

2354 1407 2586 1475 lustitia
2619 1412 2932 1489 utriusque
2971 1410 3182 1475 horum
3222 1406 3810 1472 contrafluumcon·

2272 1484 2419 1551 sistit
2469 1495 2535 1552 in
2589 1493 2808 1566 aequali
2859 1491 3072 1556 valore
3113 1491 3330 1553 mercis
3368 1535 3387 1565 ,
3442 1487 3510 1552 &
3577 1487 3756 1564 pretii
3789 1531 3812 1563 ,

2273 1589 2490 1644 nempe
2526 1589 2598 1635 ιιι
2640 1592 2731 1634 res
2775 1590 3020 1636 tantum
3071 1572 3279 1634 valeat
3325 1615 3344 1645 ,
3381 1566 3446 1631 &
3505 1585 3630 1630 non
3673 1563 3812 1643 plns

2276 1649 2612 1728 vendatur,
2646 1651 2713 1715 &
2757 1670 3036 1725 tantum,
3079 1649 3147 1713 &
3179 1668 3304 1712 non
3345 1649 3544 1710 minus
3591 1664 3702 1720 pro
3728 1663 3806 1708 ea

2276 1731 2558 1794 reddatur
2589 1735 2856 1808 pretium
2895 1777 2914 1808 ,
2958 1748 3252 1807 quantum
3309 1727 3486 1792 valor
3532 1728 3670 1789 eius
3699 1725 3810 1787 im-

2279 1829 2519 1887 portat.

2352 1889 2529 1955 Nota
2560 1899 2701 1955 cum
2744 1910 2839 1955 res
2880 1890 3214 1966 venditur,
3253 1881 3537 1951 censetur
3577 1901 3810 1948 cumea

2287 1970 2467 2033 vendi
2505 1970 2563 2033 id
2605 1991 2786 2035 omne
2826 1970 2986 2044 quod
3028 1965 3112 2032 est
3131 1989 3262 2046 pars
3290 1967 3483 2052 illius,
3530 1963 3632 2028 vel
3671 1983 3812 2027 cum

2272 2069 2348 2114 ea
2390 2047 2694 2114 adnexum
2734 2097 2753 2126 ‚
2802 2050 2869 2114 &
2910 2071 3052 2112 cum
3083 2068 3156 2111 ea
3206 2045 3594 2109 accessorium
3635 2089 3654 2118 ,
3701 2037 3812 2104 nist

2275 2128 2551 2208 expresse
2600 2132 2942 2205 excipiatur
2979 2172 2994 2190 .
3051 2127 3151 2190 Sic
3209 2123 3396 2189 fundo
3441 2142 3656 2196 empto
3715 2141 3814 2184 ar·

2283 2210 2456 2272 bores
2497 2230 2732 2287 quoque
2766 2212 2830 2270 in
2874 2229 2948 2270 eo
2988 2205 3234 2272 confitae
3259 2252 3276 2278 ‚
3318 2200 3626 2267 &frustus
3667 2219 3814 2276 pen·

2275 2287 2490 2353 dentes
2549 2289 2902 2352 venduntur
2944 2333 2961 2364 ,
3011 2289 3148 2366 quia
3191 2275 3413 2347 fruflus
3466 2285 3555 2346 rei
3608 2278 3814 2346 coha-

2279 2385 2484 2433 rentes
2529 2367 2853 2433 censentur
2902 2388 3033 2443 pars
3079 2364 3262 2441 illius,
3318 2364 3466 2440 Leg-
3515 2383 3615 2440 44.
3659 2365 3715 2424 §-
3743 2357 3822 2422 de

2280 2446 2369 2512 rei
2397 2447 2634 2512 vendit.
2679 2445 2844 2511 secus
2879 2466 3031 2509 vero
3065 2441 3138 2507 de
3165 2437 3453 2507 frufflbus
3495 2435 3755 2505 avulsis.

2361 2527 2565 2592 Nemo
2594 2530 2726 2602 cogi
2765 2519 2958 2602 potest
3013 2527 3259 2601 privata
3313 2521 3704 2584 authoritate
3751 2513 3822 2579 ad

2234 2663 2240 2687 ‹
2281 2626 2406 2670 rem
2446 2603 2612 2670 suam
2654 2603 3032 2668 vendendam
3073 2647 3090 2680 ,
3148 2621 3217 2665 ut
3272 2619 3443 2677 patet
3484 2620 3566 2661 ex
3606 2594 3822 2662 defini·
3849 2603 3904 2656 ea

2282 2690 2453 2750 tione
2493 2685 2785 2758 dominii,
2831 2685 2986 2760 qnod
3025 2683 3109 2746 eli
3156 2679 3417 2744 facultas
3463 2673 3822 2756 disponendi
3849 2681 3929 2716 '⁸⁸¹

2279 2766 2352 2828 de
2393 2786 2456 2829 re
2500 2763 2602 2830 sua
2623 2783 2694 2828 ut
2738 2763 2920 2827 libet.
2981 2761 3143 2824 Hinc
3193 2757 3504 2822 iniustitiae
3539 2759 3892 2850 arguitur„

2285 2843 2492 2910 Achab
2539 2863 2648 2909 rex
2683 2835 2858 2906 Israel
2906 2859 2959 2922 3.
3003 2846 3228 2919 Regum
3271 2857 3367 2900 21.
3401 2840 3564 2914 quod
3603 2859 3682 2902 co
3719 2853 3822 2898 ere
3853 2857 3929 2908 f...

2283 2927 2554 2990 voluerit
2588 2923 2840 2999 Naboth
2895 2923 2968 2986 ad
3026 2940 3267 2983 vineam
3333 2914 3502 2980 suam
3543 2938 3670 2982 ven
3713 2936 3820 2978 en·
3847 2935 3926 2974 m

2281 3006 2455 3069 dam.
2493 3003 2692 3070 Potest
2743 3024 2947 3066 tamen
2981 3006 3111 3078 cogi
3156 3000 3541 3065 authoritate
3577 2991 3826 3074 publica

2282 3085 2360 3148 ob
2403 3085 2706 3161 publicam
2741 3074 3164 3147 necessitatem
3207 3129 3226 3157 ‚
3286 3078 3384 3142 vel
3419 3080 3768 3141 utilitatem
3805 3118 3828 3153 ,

2287 3183 2353 3228 ut
2395 3164 2434 3227 fi
2479 3161 2697 3227 fundus
2741 3164 2966 3235 privati
3019 3160 3380 3224 necessarius
3439 3154 3514 3222 sit
3559 3156 3636 3223 ad
3673 3174 3824 3219 con-

2285 3243 2676 3309 strudiionem
2733 3240 2976 3317 Templi
3019 3288 3038 3317 ,
3097 3241 3556 3317 ampliationem
3607 3234 3828 3309 urbia,

2288 3342 2394 3390 aut
2433 3324 2551 3389 viae
2590 3320 2841 3399 publicae
2867 3362 2886 3380 .

2922 3487 2973 3549 s.
3077 3468 3174 3545 il.

2384 3602 2471 3664 De
2504 3598 2581 3661 iis
2625 3599 2727 3678 qui
2764 3599 2979 3680 poffunt
3021 3599 3323 3675 vendere,
3367 3596 3446 3664 ἐφ
3484 3604 3712 3664 emere.

2369 3716 2460 3777 Ex
2505 3719 2611 3792 iis,
2655 3737 2789 3790 qnae
2837 3718 2958 3779 inin
2993 3735 3176 3779 antea
3218 3715 3370 3780 dieta
3403 3715 3539 3779 sunt
3574 3714 3650 3777 de
3671 3734 3824 3779 con·
3895 3688 3929 3751 ‘3

2292 3793 2569 3859 trastibus
2603 3799 2665 3857 in
2699 3816 2920 3872 genere
2961 3844 2978 3871 ,
3011 3792 3326 3871 manifest-e
3361 3795 3674 3872 colligitur
3720 3795 3824 3871 qui
3860 3780 3929 3879 ἒξ,

2292 3875 2404 3937 lint
2454 3877 2556 3950 qni
2617 3877 2881 3938 vendere
2936 3872 3159 3951 posfint
3199 3922 3215 3948 ,
3257 3874 3325 3938 δε
3373 3893 3577 3937 emere
3619 3922 3638 3951 ,
3691 3894 3834 3937 cum
3869 3894 3924 3943 m

2293 3956 2444 4017 idem
2488 3952 2562 4018 fit
2607 3950 2764 4029 posse
2806 3950 3008 4017 facere
3036 3951 3419 4030 contraPtus,
3455 3976 3525 4017 ac
3567 3955 3836 4031 emptio-'-
3877 3974 3928 4007 m-

2295 4055 2398 4098 nes
2431 4031 2630 4099 faeere
2655 4083 2670 4110 ,
2709 4030 2776 4097 &
2821 4035 3212 4107 venditiones
3254 4082 3269 4104 ,
3327 4048 3464 4107 quae
3500 4031 3639 4095 sunt
3683 4054 3840 4111 prae·
3869 4036 3929 4119 ⁹³,

2289 4118 2491 4189 cipuae
2532 4115 2754 4190 species
2792 4112 3175 4177 contraRus.
3223 4112 3402 4175 Unde
3440 4131 3704 4189 omnes,
3766 4128 3922 4199 ut„

2295 4199 2414 4256 iam
2453 4188 2754 4265 diximus,
2793 4196 2892 4269 qui
2940 4192 3073 4273 lege
3113 4214 3238 4257 non
3275 4190 3674 4271 prohibentur
3691 4204 3840 4259 con-

2295 4276 2536 4347 trahere
2559 4319 2576 4348 ,
2607 4272 2668 4354 hi
2707 4292 2918 4337 omnes
2965 4277 3190 4348 pariter
3224 4293 3424 4336 emere
3448 4272 3688 4348 poffunt
3713 4321 3731 4347 ‚
3771 4269 3842 4337 δὲ

2303 4354 2602 4416 vendere.
2648 4352 3004 4418 Communis
3037 4348 3120 4417 est
3151 4402 3168 4430 ,
3213 4376 3282 4417 ac
3323 4373 3494 4416 certa
3538 4373 3670 4425 cap.
3715 4351 3840 4413 iam
3905 4382 3920 4397 ·

2300 4453 2452 4573 ζτωέε
2497 4424 2550 4492 3.
2597 4431 2784 4513 cauffa
2824 4430 2922 4493 28.
2961 4454 3014 4510 q.
3059 4454 3114 4497 x.
3158 4453 3278 4516 cap.
3327 4434 3382 4512 ’7.
3431 4432 3504 4497 de
3537 4446 3834 4511 procurati

2294 4532 2356 4575 m
2442 4559 2456 4573 .

2375 4592 2839 4657 Advertendnm
2882 4609 3090 4657 tamen
3125 4594 3285 4672 quod
3309 4580 3450 4663 licet
3486 4590 3850 4674 concessum,

2295 4657 2369 4735 fit
2410 4658 2476 4737 &
2514 4673 2748 4737 clericis
2792 4677 2854 4737 in
2891 4676 3245 4748 particulari
3282 4674 3383 4754 ,δι
3417 4674 3737 4753 Religiofis
3770 4682 3842 4743 in

2293 4757 2598 4816 communi
2635 4752 2714 4817 ob
2753 4750 2924 4818 suam
2951 4801 2967 4829 ,
3005 4757 3104 4817 vel
3149 4759 3389 4820 suorum
3411 4756 3840 4825 neceliitatem

2298 4838 2540 4908 emere,
2579 4820 2648 4898 δι’
2680 4833 2942 4897 vendere
2971 4880 2988 4907 ,
3030 4832 3141 4899 hoc
3185 4852 3394 4902 tamen
3436 4840 3508 4900 iis
3543 4858 3670 4903 non
3709 4848 3842 4916 per⁴

2298 4914 2577 4985 mittitur
2619 4910 2799 4977 solius
2843 4912 2993 4978 lucri
3041 4920 3274 4997 gratia,
3305 4916 3840 4996 &negotiationis

2299 5013 2439 5055 cum
2468 4994 2708 5057 clericis
2743 4996 2879 5057 'tum
2919 4992 3304 5062 saecularibus
3343 5016 3477 5063 tum
3519 5001 3846 5080 Regulari*

2299 5070 2408 5139 bus
2437 5072 2836 5165 interdistum
2874 5071 2948 5147 iit
2987 5079 3286 5163 negotiari
3309 5126 3329 5161 ,
3367 5097 3442 5147 ut
3483 5080 3642 5151 alias
3673 5084 3840 5151 dice-

3579 5176 3755 5231 mus·
