4425 6000
556 558 734 638 'Tnncm
754 580 811 631 on
842 558 1099 632 Pnncsrrts
1133 556 1465 632 Ecttsstlefinr.
1484 558 1530 633 V.
1701 581 1780 658 477

253 667 308 730 dus
328 661 469 728 Decimus
487 658 525 724 de
546 661 682 725 domibus
712 657 818 722 aliisve
838 658 1021 736 pollcffioni·
1038 657 1162 792 *quidus
1182 658 1296 747 eedem
1309 654 1492 746 pofftffinner,
1512 652 1554 724 (9·
1565 666 1654 723 lette
1663 658 1827 749 priusfue·

254 742 339 820 bus,
364 743 402 805 de
416 740 522 816 quibus
545 759 708 817 antequam
736 738 773 803 ad
804 737 920 801 ludaeos
946 757 1022 813 quo-
1060 752 1129 803 rant
1147 737 1330 812 decimales,
1352 739 1409 812 nrss
1418 736 1507 815 super
1521 737 1571 801 boc
1590 737 1709 822 [petraei
1729 758 1826 815 rare,

254 841 387 898 cumque
402 821 499 884 titulo
529 818 735 898 pervenillent
761 815 921 903 Christiani
951 818 1022 879 dare
1054 819 1122 898 five
1139 816 1298 894 privilegio
1309 818 1372 897 fini
1392 815 1516 881 muniti.
1543 816 1592 882 lta
1611 816 1719 907 statuit
1740 836 1824 907 anno

257 900 509 977 consueverant,
533 917 568 964 ut
585 897 628 962 stc'
645 895 785 960 Ecclesiae
804 896 1024 979 conleruentur
1061 896 1147 974 1258.
1171 896 1344 960 Alexander
1364 895 1415 958 lv.
1443 915 1505 974 cap.
1525 914 1552 956 ι.
1581 898 1619 962 de
1637 898 1822 962 Decrmrtr'n

257 981 433 1045 indemnes:
455 984 501 1043 ita
518 981 716 1042 innocentius
736 976 790 1038 lll.
805 976 879 1052 Cap.
899 974 939 1038 de
956 971 1025 1054 esu·
1058 978 1087 1038 6.
1106 974 1189 1039 Tum
1210 978 1278 1053 quia
1302 974 1431 1039 redeunt
1457 978 1593 1042 tationes
1618 997 1691 1043 mox
1716 977 1826 1041 allata

257 1062 321 1124 ris.
345 1062 429 1125 Num
450 1081 526 1126 vtro
542 1059 636 1123 ludaei
645 1057 784 1122 Decimus
802 1053 875 1120 dare
894 1054 1024 1119 debeant
1058 1057 1095 1119 de
1110 1055 1236 1121 clericis
1260 1103 1270 1131 ,
1295 1075 1363 1122 tum
1382 1057 1455 1132 quia
1474 1053 1707 1121 nstralendoa
1728 1058 1824 1133 privi-

258 1141 424 1219 debonis,
452 1160 521 1217 qur:
543 1158 633 1216 penes
648 1133 724 1215 iplos
742 1133 856 1211 semper
878 1132 993 1198 fuerint
1014 1180 1024 1212 ,
1059 1135 1143 1213 legiis
1164 1183 1172 1210 ,
1195 1131 1231 1199 dt
1251 1131 1380 1209 inipelin
1401 1138 1468 1199 iure
1480 1139 1637 1201 oomnnni
1657 1135 1824 1214 Regularea

257 1222 484 1298 lupervacrnea
500 1219 542 1283 cil
557 1219 629 1284 talis
644 1215 871 1292 controversia,
888 1216 960 1290 quia
976 1212 1026 1276 ln·
1059 1213 1196 1278 Paroehir
1215 1231 1307 1277 etant
1326 1211 1449 1277 lubieili
1468 1261 1478 1292 ,
1507 1212 1542 1279 dt
1562 1215 1598 1279 ab
1623 1218 1659 1279 iia
1678 1217 1824 1293 percipie·

261 1300 320 1364 daei
339 1302 519 1379 temporalia
539 1300 619 1362 bona
639 1314 746 1361 testere
768 1293 982 1372 prohibentur.
1058 1295 1132 1357 bant
1151 1294 1378 1371 Sacramenta,
1402 1311 1439 1356 ut
1467 1310 1552 1365 patet
1580 1314 1619 1358 ex
1646 1294 1772 1358 Canone
1791 1296 1823 1357 6.

301 1381 411 1456 Quoad
428 1380 562 1449 Clericus
584 1396 660 1439 vero
676 1393 798 1440 curtim
812 1374 854 1435 eil
867 1420 876 1451 ,
891 1394 945 1436 nec
955 1372 1024 1448 Epi·
1059 1393 1087 1452 7.
1105 1392 1153 1452 40.
1174 1375 1226 1451 46.
1244 1371 1319 1437 xv!
1345 1393 1371 1450 q.
1396 1392 1423 1434 ι.
1445 1372 1538 1437 Nunc
1567 1392 1641 1437 vero
1657 1392 1692 1439 ut
1713 1374 1823 1439 adver·

256 1458 398 1537 scopum,
419 1478 474 1523 nec
492 1456 676 1531 Parochum,
697 1458 758 1517 imo
778 1457 865 1516 iuxta
886 1473 1022 1516 commu·
1059 1458 1099 1515 tit
1126 1449 1324 1515 Reiffenlluel
1352 1472 1391 1514 cx
1422 1451 1542 1521 Ordine
1561 1452 1719 1518 Minorurn
1747 1453 1822 1521 bd·

256 1536 608 1612 nthanoniilarum,
637 1553 694 1598 nec
721 1531 866 1608 simplices
890 1532 1024 1595 Clericos
1058 1555 1085 1595 rr
1110 1546 1157 1611 53.
1181 1529 1324 1609 Religiost
1346 1550 1451 1596 omnes
1480 1531 1584 1607 aliquo
1607 1527 1717 1597 saltem
1736 1534 1827 1600 niodo

256 1620 359 1682 teneri
380 1614 498 1680 solvere
519 1616 648 1679 decimas
680 1632 719 1677 ex
750 1617 840 1676 tetris
864 1633 931 1687 nuae
950 1610 1020 1674 l'unt
1059 1611 1246 1676 asolveodis
1266 1611 1389 1674 decimis
1421 1613 1572 1675 immunes
1600 1606 1669 1676 sunt
1689 1633 1741 1689 pet
1764 1620 1824 1690 pri·

259 1695 418 1773 benciicii,
437 1696 515 1773 quod
534 1692 700 1772 pnffident;
721 1690 842 1758 tametsi
858 1692 936 1755 bona
954 1692 1025 1766 Epi·
1060 1694 1169 1771 vilegia
1191 1693 1301 1769 partim
1316 1692 1470 1780 cdmmuni
1497 1693 1556 1755 iuti
1578 1688 1694 1757 inserta
1718 1739 1727 1769 ,
1754 1713 1826 1771 pnr-

256 1776 402 1850 i‘copatus
420 1775 516 1838 client
542 1780 573 1836 in
597 1772 739 1838 Paroclria
760 1771 885 1836 alterius
903 1769 1024 1848 Epil'co·
1060 1774 1116 1836 tim
1135 1769 1304 1847 specialiter
1324 1770 1482 1835 concella.
1507 1769 1564 1833 Sed
1581 1772 1662 1834 circa
1678 1770 1745 1836 liaec
1764 1774 1825 1851 pri·

254 1870 370 1931 pactu,
391 1852 425 1918 dt
445 1854 523 1918 bona
546 1852 670 1917 Parochi
689 1856 719 1914 in
736 1852 836 1915 aliena
852 1848 1025 1925 Pnroclria,
1061 1851 1170 1928 vilegia
1191 1850 1288 1913 multa
1308 1849 1419 1913 docent
1438 1854 1544 1916 caeteti
1560 1847 1733 1916 Canoniilae
1752 1899 1761 1929 ,
1778 1850 1827 1935 ⁴dt
1930 1856 1933 1860 ⁴

259 1931 313 1996 niis
334 1937 363 1994 in
379 1933 448 1997 calu
466 1933 567 2009 pollea
586 1930 761 2007 alitgnando
773 1980 782 2008 ,
795 1928 830 1996 dt
848 1932 916 1994 talis
932 1929 1024 1993 aller·
1060 1934 1161 2010 primo
1177 1929 1261 2006 quod
1282 1930 1395 1993 nulius
1417 1923 1475 1995 sint
1495 1932 1645 1994 momenti
1675 1928 1731 1993 nist
1750 1931 1826 1995 den·

260 2015 309 2076 tio
327 2011 490 2076 desumitur
510 2034 548 2076 ex
567 2031 673 2085 capu.
694 2011 730 2075 de
745 2011 894 2088 verinis,
914 2010 962 2073 ubi
973 2008 1023 2073 stc:
1060 2028 1112 2074 tut
1127 2000 1285 2098 cum'elau
1300 2000 1528 2089 a‘detogatotia
1543 2009 1685 2073 Concilio
1696 1978 2005 2075 Latera-'daniele

263 2111 378 2153 novum
425 2111 499 2155 enus
525 2090 692 2154 exaiiionis
713 2090 755 2153 eli
775 2139 784 2167 ,
805 2107 844 2153 ut
872 2090 1022 2154 Clericia
1059 2096 1197 2152 nenlrex
1216 2108 1275 2164 quo
1295 2087 1487 2163 desumptum
1506 2087 1550 2153 est
1581 2110 1608 2152 t.
1624 2091 1733 2168 Nuper
1760 2093 1821 2153 iam

259 2171 388 2236 Clericis
407 2113 540 2234 iecit-rm
555 2173 680 2248 exigant
699 2218 707 2246 ,
729 2191 799 2234 cum
828 2168 971 2244 nulduam
992 2170 1024 2230 in
1059 2171 1217 2232 citatum.
1257 2167 1346 2230 Unde
1373 2188 1409 2233 ut
1441 2168 1633 2246 privilegium
1658 2168 1766 2235 valent
1795 2173 1827 2233 in

262 2251 343 2328 Lege
359 2250 482 2313 Domini
502 2252 632 2329 legamus
652 2273 662 2310 .·
685 2252 848 2314 nonenim
868 2250 990 2312 Levitae
1008 2267 1025 2310 a
1061 2247 1117 2310 hac
1133 2266 1220 2323 parte
1237 2246 1356 2386 ’idem
1379 2247 1486 2310 habere
1508 2247 1586 2310 hanc
1610 2295 1618 2323 ,
1644 2265 1700 2312 aut
1721 2268 1826 2328 parem

262 2330 384 2394 Levitis
413 2330 542 2393 decimas
565 2329 711 2407 accepille
742 2330 910 2405 leguntur,
933 2326 965 2391 dt
994 2328 1025 2388 in
1060 2326 1226 2390 clausulam
1267 2348 1303 2389 on
1320 2323 1824 2406 minutaliqmonstiiuiioneti·

262 2408 320 2471 hoe
337 2406 420 2472 l'enlir
437 2410 619 2487 intelligitur
641 2410 687 2472 hic
706 2424 812 2471 textus
833 2428 850 2470 a
868 2406 1026 2479 Barbula,
1060 2407 1162 2469 iamin
1175 2404 1301 2471 Concilio
1327 2406 1438 2470 enneli
1454 2405 1569 2469 hadita.
1588 2424 1617 2467 a.
1639 2409 1719 2483 Quia
1736 2411 1828 2485 inge·

263 2485 417 2565 Rebuffo,
440 2486 546 2552 aliisve
565 2492 767 2552 communiter
793 2486 854 2561 poll
871 2486 1024 2547 Gloil‘am.
1062 2485 1156 2550 nerali
1185 2505 1281 2549 conce
1304 2506 1377 2548 tone
1404 2489 1604 2562 quantumvis
1633 2488 1733 2562 ampla
1765 2491 1827 2563 pri·

263 2565 375 2641 Qroad
397 2568 457 2630 alia
478 2589 555 2632 veto
569 2567 650 2631 bona
671 2567 742 2629 idcll
762 2565 925 2631 Saecularia
943 2584 1025 2641 qtroe·
1062 2565 1244 2644 vilegiorum
1269 2585 1330 2628 non
1358 2570 1605 2629 communicatur
1634 2567 1828 2646 privilegium

262 2664 395 2720 cumque
417 2646 470 2710 illa
491 2646 578 2722 sint,
610 2668 677 2721 ntiae
708 2643 1027 2718 aclericispoffiden·
1062 2647 1306 2709 imnrunitatisa
1335 2644 1491 2719 decimis,
1520 2645 1593 2708 licet
1612 2641 1826 2723 fiateuprelle

261 2743 317 2787 tnr
332 2773 340 2797 ,
357 2744 502 2788 tenentur
519 2725 564 2786 illi
579 2778 585 2799 ,
599 2725 841 2800 nuicnmqncirnt
853 2773 861 2800 ,
874 2729 970 2788 etiam
987 2723 1026 2783 E·
1062 2728 1183 2788 mentio
1198 2724 1235 2787 de
1251 2724 1403 2799 Decimis,
1420 2725 1551 2799 alioquin
1561 2727 1739 2788 immunitas
1753 2744 1827 2789 con·

264 2802 402 2878 pii'topi,
431 2804 561 2866 decimas
584 2806 730 2882 loluere,
756 2824 822 2867 tum
842 2807 913 2878 qnia
929 2800 1027 2878 quoad
1061 2804 1140 2867 cesla
1158 2803 1194 2865 ad
1204 2803 1346 2866 Decimae
1355 2803 1613 2867 extraordinarias
1634 2804 1829 2882 tellringere·

261 2883 332 2944 liaec
346 2879 416 2944 l'nnt
434 2880 568 2945 eiusdem
582 2881 790 2961 conditionis,
810 2899 878 2946 tum
892 2884 962 2958 quia
980 2899 1026 2944 res
1064 2899 1233 2959 turpeque
1247 2883 1285 2944 de
1304 2878 1401 2946 solitis
1419 2881 1608 2960 ptaedialibnt
1631 2883 1827 2962 intelligenda

267 2957 379 3024 tranlis
399 2982 470 3025 cnm
487 2980 583 3025 onere
600 2961 670 3026 luo.
1061 2963 1123 3027 etit
1145 2986 1154 3023 .·
1177 2981 1248 3025 nam
1262 2962 1510 3027 communicatio
1529 2963 1755 3043 privilegiorum
1765 2983 1827 3028 non

303 3039 394 3114 Quod
416 3041 435 3101 ii
454 3042 602 3106 Paternus
627 3045 765 3118 acquirat
792 3039 951 3105 bonaluae
970 3041 1021 3102 Ec·
1063 3039 1093 3103 se
1112 3041 1252 3105 extendit
1275 3041 1312 3104 ad
1328 3062 1393 3118 ea,
1419 3062 1486 3119 quae
1516 3042 1635 3106 nonnili
1660 3065 1730 3107 cum
1762 3064 1829 3108 ma·

263 3120 363 3184 cleiiae
391 3119 544 3208 unienda,
568 3142 636 3196 qnae
661 3139 752 3186 antea
777 3122 909 3185 obnoxia
936 3136 1024 3183 etant
1063 3141 1121 3200 gna
1149 3118 1335 3186 difficultate
1365 3121 1603 3200 conceduntur,
1648 3120 1828 3186 difficillime

261 3201 404 3274 decimis,
426 3199 501 3263 licut
523 3201 541 3259 li
560 3200 638 3265 bona
658 3200 802 3265 Beneficii
824 3249 834 3277 ,
858 3198 936 3276 quod
962 3198 1028 3276 pol·
1064 3218 1169 3266 autem
1186 3200 1367 3265 conceditur
1390 3203 1568 3266 immunitas
1584 3223 1602 3266 a
1619 3203 1769 3277 decimis,
1792 3200 1828 3268 dt

263 3278 339 3340 lidet
355 3277 477 3355 iimplex
494 3279 656 3354 Clericus,
684 3300 850 3357 antequam
871 3284 901 3342 in
926 3278 1028 3342 dotem
1064 3281 1175 3358 pluries
1202 3283 1247 3343 ita
1276 3278 1461 3345 definierunt
1485 3281 1577 3347 Secta
1597 3281 1827 3362 congregatio,

266 3360 305 3419 nd
327 3358 405 3419 idem
421 3357 608 3423 Beneficium
627 3360 876 3423 conilitnnndnm
903 3357 1028 3436 assigna·
1063 3362 1097 3426 dc
1120 3362 1222 3438 Rota,
1243 3358 1324 3423 telle
1339 3359 1485 3438 fagnano
1505 3382 1533 3422 n.
1557 3377 1604 3442 33.

266 3455 371 3499 rentur
392 3436 730 3520 decimaslolvebnnt,
753 3440 786 3504 dc
806 3438 974 3512 parochus,
994 3436 1028 3504 ἀ
1104 3440 1286 3504 Notandum
1305 3438 1437 3504 ulterius
1461 3443 1540 3507 circa
1568 3443 1728 3522 privilegia
1753 3443 1829 3506 Pon·

266 3515 405 3578 Clericus
433 3519 469 3578 de
496 3521 597 3581 iridem
622 3519 709 3584 bonis
741 3521 813 3582 licet
843 3538 923 3580 nunc
953 3513 1028 3580 india
1064 3521 1162 3584 tiiicia
1182 3540 1235 3596 pro
1265 3521 1464 3583 immunitate
1488 3539 1505 3583 a
1533 3521 1657 3586 decimis
1686 3519 1829 3586 concessa

267 3594 327 3656 lint
347 3592 570 3671 Ecclesiastica,
586 3597 715 3660 decimat
736 3594 1030 3676 strotelpedlivel‘a·
1064 3597 1263 3678 Regulatibus
1280 3618 1341 3661 non
1363 3598 1470 3674 ubique
1489 3599 1549 3660 ell'e
1574 3617 1722 3677 receptu
1752 3604 1829 3664 item

264 3673 361 3737 rocho
376 3670 491 3737 solvere
501 3693 662 3738 tenentur.
687 3676 943 3754 ltaFagnnnnsin
952 3674 1026 3751 Cap
1064 3677 1130 3742 ltaee
1151 3677 1310 3756 priuilegia
1332 3677 1369 3740 ad
1389 3695 1568 3742 tarantum
1589 3679 1700 3753 predia
1716 3696 1829 3742 exten*
1852 3749 1856 3756 ,

266 3753 374 3831 Nuper
395 3769 441 3830 34.
459 3753 488 3814 b.
507 3765 526 3815 t.
550 3776 580 3816 n.
592 3773 636 3817 ro.
653 3755 784 3819 Barboi'a
799 3802 808 3832 ,
823 3754 858 3819 ἀ
877 3755 927 3818 alii
945 3775 1029 3818 com·
1063 3757 1116 3835 di,
1129 3776 1197 3834 quoe
1214 3757 1341 3833 propriis
1358 3755 1514 3834 manibus,
1535 3758 1587 3820 vel
1604 3755 1831 3836 sumptibusco·

261 3835 402 3895 munitor
417 3848 526 3895 contra
547 3833 668 3913 Pithing
687 3835 737 3897 liic
755 3854 843 3912 nea.
862 3836 930 3910 quia
953 3855 1027 3909 prae·
1067 3836 1135 3902 lunt
1157 3835 1352 3914 Regularet,
1379 3856 1441 3900 non
1471 3838 1508 3901 ad
1526 3856 1571 3899 ea·
1594 3858 1662 3913 quae
1692 3838 1797 3904 locant
1820 3860 1830 3916 3
1869 3839 1874 3848 '
1896 3859 1903 3866 ·

263 3913 315 3973 dia
344 3912 408 3973 haec
428 3931 490 3974 non
520 3909 602 3977 secus
627 3936 660 3977 ac
690 3915 758 3978 aliae
798 3934 845 3978 res
868 3914 1027 3978 transeunt
1065 3918 1143 3981 item
1163 3914 1327 3994 Regulates
1352 3920 1448 3981 ctiam
1476 3934 1633 3994 exemptos
1661 3937 1679 3980 a
1709 3919 1832 3982 decimis

263 4012 337 4051 rum
367 4009 460 4052 onere
477 3988 529 4054 l'uo
548 4040 559 4070 ‚
579 3994 713 4069 alioquin
732 3996 905 4068 privaretur
928 3993 1030 4057 Facie·
1064 3996 1196 4060 decimas
1212 3993 1320 4059 debete
1349 4015 1387 4058 ex
1409 3996 1563 4073 praediis,
1593 4017 1662 4074 quoe
1684 3995 1737 4076 ipsi
1754 4016 1832 4064 con·

263 4070 306 4131 n'a
324 4071 422 4145 priore
442 4072 508 4133 iure
526 4070 578 4135 luo
597 4077 658 4136 iam
678 4071 850 4150 acquisito,
877 4072 954 4149 quod
976 4072 1027 4135 ad·
1063 4075 1206 4151 ducunt,
1231 4094 1266 4139 ac
1283 4077 1436 4152 recipiunt
1457 4076 1494 4138 ad
1509 4076 1629 4140 firmam
1652 4096 1678 4142 c.
1697 4076 1727 4140 8.
1755 4075 1784 4144 h.
1806 4089 1830 4143 l.

264 4153 349 4212 mitti
370 4152 503 4225 nequit:
528 4154 769 4230 quandoquidem
793 4158 845 4215 uni
871 4149 1027 4215 consulen·
1063 4156 1093 4216 Si
1114 4176 1181 4231 quae
1207 4158 1378 4218 conventio
1401 4156 1478 4218 inita
1505 4152 1543 4218 srt
1573 4158 1654 4220 inter
1682 4157 1831 4232 Monacpr
1901 4199 1904 4204 ,

263 4230 337 4291 dum
357 4249 418 4291 non
439 4227 483 4292 est
503 4251 573 4293 cum
601 4232 714 4298 iastura
746 4233 872 4295 alterius
899 4250 937 4294 ex
965 4250 1026 4309 cap.
1063 4233 1285 4309 decimatores,
1301 4232 1410 4321 debere
1428 4252 1501 4302 earn,
1517 4231 1655 4311 servati,
1684 4236 1757 4310 licet
1779 4236 1830 4300 de·

265 4323 314 4386 ¹3·
339 4327 364 4369 1.
376 4329 402 4385 q.
421 4325 449 4388 3.
466 4331 536 4373 nrm
552 4314 684 4375 citatum
699 4330 788 4387 caput
800 4315 903 4389 Nuper
923 4308 1027 4373 liatni·
1064 4317 1166 4391 inceps
1183 4314 1347 4377 obtentum
1361 4316 1400 4376 lrt
1416 4314 1621 4382 immunitatis
1639 4317 1832 4392 privilegium

266 4404 318 4449 tur
341 4437 350 4465 ‚
370 4400 407 4473 lul
430 4387 652 4469 Cistercr'enses,
678 4390 788 4470 aliique
812 4391 968 4469 Regulam
990 4389 1028 4454 de
1061 4411 1121 4471 cap.
1145 4409 1172 4472 3.
1189 4391 1251 4455 end.
1271 4405 1291 4454 r.
1315 4391 1395 4457 ltem
1411 4394 1526 4458 cellere
1543 4394 1738 4473 privilegium
1756 4415 1830 4460 cen·

261 4467 387 4543 praedr'rs
407 4469 619 4547 adlaudando
638 4492 716 4534 nova
731 4472 909 4550 Monrfleria
930 4487 1028 4547 acqur-
1062 4471 1251 4548 setut,cum
1264 4492 1306 4535 eo
1326 4470 1544 4538 nonobstante
1566 4475 1759 4553 decimaspet
1779 4492 1830 4553 40.

261 4545 349 4625 fitis,
370 4547 484 4627 etiamst
502 4570 537 4613 ca
550 4548 671 4627 propriis
687 4549 840 4627 manibus,
856 4571 890 4613 ac
902 4547 1027 4628 sumpti·
1063 4571 1159 4618 annos
1179 4555 1369 4628 continuos,
1388 4552 1421 4616 dt
1440 4550 1502 4616 stne
1522 4554 1578 4617 lite
1599 4547 1758 4620 solverunt
1766 4555 1829 4619 Re·

263 4624 320 4688 dus
334 4628 503 4705 excellant,
526 4628 654 4692 decimas
670 4629 839 4707 persolvant
864 4628 996 4711 Eccltfiis
1019 4678 1027 4708 ,
1063 4633 1201 4711 gulares,
1219 4635 1289 4706 quia
1309 4652 1379 4696 cum
1400 4650 1488 4695 tanto
1508 4648 1647 4710 tempore
1662 4654 1772 4700 contra
1786 4638 1835 4698 in·

265 4703 370 4782 quibus
392 4710 504 4773 ratione
518 4710 697 4787 prediorum
719 4723 806 4773 antea
830 4707 1029 4788 persolvebant·
1063 4712 1151 4776 dults
1172 4710 1334 4787 privilegia
1353 4712 1483 4776 decimas
1512 4710 1691 4793 solverint,
1719 4717 1762 4779 eis
1784 4732 1834 4777 re·

260 4800 348 4861 'tur3
378 4787 464 4864 idque
479 4811 512 4851 nt
534 4793 670 4932 orcssone
688 4787 916 4869 privilegiorum
932 4791 1028 4854 Eccle·
1064 4790 1573 4865 nuntialietacitepraelumuntut.
1592 4793 1732 4857 Liberum
1743 4811 1834 4869 portu

263 4863 928 4948 lrae,stuParocbiaeuitriuspergraveniur.
949 4870 1029 4949 Qua·
1064 4868 1107 4935 est
1137 4871 1302 4943 unicnique
1334 4874 1390 4932 iuri
1421 4877 1472 4934 luo
1489 4875 1670 4936 renuntiare
1695 4893 1720 4937 c.
1742 4874 1771 4933 6.
1792 4869 1834 4938 (9¹

265 4966 298 5009 re
315 4946 559 5089 R'lffl'mm
575 4950 963 5025 ramexempn‚pum.non
978 4968 1030 5013 ex·
1067 4971 1113 5027 15.
1139 4949 1176 5012 de
1196 4946 1323 5011 Privile.
1346 4947 1386 5014 (ἲ
1406 4950 1496 5031 txcts.
1518 4953 1682 5028 Privilegia
1711 4949 1834 5026 quibus·
1885 4968 1888 4973 ·

262 5025 355 5103 empti
426 5028 531 5105 terris,
547 5024 588 5094 Θ
602 5024 959 5108 poiseffionr'bmcqut'fitr's
977 5027 1030 5091 de·
1064 5046 1193 5104 cumque
1212 5027 1352 5090 contell'a
1371 5027 1504 5105 personis
1521 5030 1687 5107 inlitercre,
1702 5050 1765 5094 non
1788 5050 1837 5093 re-

263 5104 358 5172 simas
377 5106 487 5188 integre
503 5109 618 5184 ,tolum
637 5121 778 5181 tenentur
793 5107 855 5178 iliis
871 5106 1001 5196 Ectltfit's
1014 5153 1030 5190 ,,
1065 5109 1141 5189 bus,
1162 5107 1243 5185 unde
1266 5110 1320 5184 qui
1338 5105 1456 5184 ¹fundos
1484 5110 1670 5180 deeimarum
1686 5113 1834 5204 immunes

365 5227 388 5250 ·.
1690 5211 1796 5270 atqui·
