4425 6000
537 547 709 618 Taact.
739 567 795 615 oe
823 544 1080 616 Pammenia
1111 541 1334 615 Dacatoot
1360 543 1464 620 Cae.
1491 541 1579 615 Vlb'
1705 567 1777 642 373

258 667 372 726 ptum,
388 644 460 710 idell
483 667 578 708 tinum
595 645 691 708 l'olum
710 643 772 706 ess'e
787 641 1030 717 morralupecca-
1063 644 1219 706 tutionem
1237 642 1335 702 teneri
1353 686 1362 716 ,
1385 640 1507 716 qnando
1521 651 1582 717 pe!
1598 643 1690 722 plura·
1706 648 1827 709 modica

258 747 331 791 tum
347 727 504 790 moraliter
521 728 758 797 continuarum,
774 741 836 786 non
855 718 940 786 secut
961 718 1028 785 acsi
1063 717 1168 796 furta,
1185 720 1283 783 etiam
1301 721 1382 808 eirca
1402 717 1588 801 donicata,
1610 721 1645 788 dt
1666 725 1827 800 pomienta

259 825 328 874 uno
350 807 416 870 atto
431 807 641 882 quantitatem
667 803 751 867 illam
778 799 898 864 iltratua
925 801 1031 877 eliet,
1064 802 1272 876 quantitatem
1298 797 1500 886 sufficientem
1524 803 1561 864 ad
1584 804 1715 868 mortale
1744 821 1826 866 eom·

259 881 333 964 quia
349 885 451 949 omnia
470 883 555 948 furta
573 887 693 950 minuta
718 902 759 944 ex
783 881 966 944 detentione
981 901 1031 943 ac·
1066 882 1184 957 picam,
1206 876 1277 942 lieet
1300 879 1460 942 secundum
1477 879 1592 945 multoe
1610 886 1709 948 maior
1728 901 1825 960 quan·

256 965 422 1054 'ceqtorum
442 961 602 1027 censentur
622 983 683 1027 una
708 963 858 1025 continua
887 963 1032 1023 executio
1066 962 1139 1023 titas
1157 959 1333 1044 acquiratur
1353 961 1384 1020 in
1404 955 1632 1042 esculentis,=&
1642 962 1831 1038 poculentis,

264 1047 345 1109 illins
361 1044 710 1118 mortaiisinteotiunis,
724 1041 911 1117 quodetiam
927 1036 1030 1103 insut·
1065 1061 1133 1116 quae
1156 1035 1209 1114 ipst
1224 1037 1423 1112 consumant,
1441 1057 1530 1114 quam
1549 1043 1583 1103 in
1603 1043 1658 1116 iis,
1673 1062 1742 1122 quae
1759 1041 1827 1106 aliis
1905 1093 1911 1106 .
1931 1115 1933 1122 ¹

262 1127 305 1188 tis
322 1121 466 1203 grauibus
485 1125 624 1200 repetitis
640 1170 649 1199 ‚
665 1121 699 1188 oc
720 1118 773 1184 sub
793 1139 856 1184 una
875 1121 1026 1184 intentio·
1064 1119 1198 1182 donant.
1214 1115 1358 1209 ¹idemque
1372 1117 1520 1211 dicito-de
1536 1118 1637 1186 libetis
1654 1169 1663 1202 ,
1683 1124 1824 1198 quamvis
1838 1092 1969 1208 affl?

260 1223 304 1274 ue
323 1201 494 1269 contundis
520 1203 690 1284 contingit.
972 1241 975 1248 -
1064 1202 1147 1262 circa
1159 1199 1215 1261 lios
1230 1215 1376 1258 maiorem
1399 1213 1559 1272 requirunt
1585 1205 1795 1277 quantitatem
1813 1249 1821 1275 .
1840 1223 1913 1270 rnen.
1936 1222 1966 1270 n.

304 1281 368 1357 Qui
384 1279 506 1347 furatur
524 1282 597 1362 quid
613 1280 767 1350 ιιιοάιειιιιι
788 1280 1031 1364 ιιιὶηιοιιιιιειι,
1064 1299 1153 1354 quam
1171 1272 1412 1352 circasarnuloe,
1429 1279 1549 1354 eoquia
1569 1281 1750 1357 (inquiunt)
1772 1301 1827 1358 pa·
1840 1289 1971 1335 netarum.

266 1361 302 1429 oc
324 1359 487 1428 voluntate
503 1357 631 1426 furandi
647 1361 760 1438 plura,
787 1358 807 1421 li
830 1359 954 1436 pollet,
980 1355 1031 1420 do-
1065 1375 1168 1422 renter
1182 1359 1263 1420 eirca
1289 1375 1343 1420 eos
1372 1354 1443 1421 lunt
1467 1360 1571 1424 mittut
1600 1363 1716 1426 inviti.
1746 1357 1829 1422 Eius·

262 1460 341 1506 cent
377 1445 582 1506 communiter
605 1437 754 1504 Dostorea
791 1438 869 1500 hunc
907 1455 1031 1510 peccate
1064 1438 1133 1500 dem
1153 1437 1312 1498 sententian
1334 1435 1533 1514 ee-oiaerln,
1551 1439 1764 1515 aliiquesupta
1783 1442 1828 1502 ci-

264 1522 460 1599 mortalitem
483 1543 555 1584 nam
572 1519 803 1592 talisquantum
816 1516 861 1578 eli
880 1535 922 1578 ex
940 1512 989 1592 se,
1009 1512 1030 1576 fi
1065 1520 1126 1579 tati
1152 1514 1216 1584 suit
1240 1518 1352 1590 pariter
1372 1513 1477 1580 Rebel.
1497 1515 1605 1586 Sanch.
1623 1519 1660 1582 de
1677 1518 1830 1596 lupelli-

260 1597 380 1666 adesset
395 1605 505 1678 copia,
523 1600 555 1665 dc
576 1597 777 1662 commoditas
795 1644 803 1673 ,
820 1613 949 1671 pravam
974 1595 1012 1658 ba
1066 1615 1126 1672 ue,
1142 1593 1197 1664 ltac
1212 1591 1290 1657 ducii
1316 1596 1437 1662 ratione
1458 1599 1536 1672 quod
1562 1601 1656 1662 toties
1671 1597 1753 1666 adcll
1773 1618 1828 1661 vo-

259 1683 317 1746 bct
339 1681 564 1745 voluntatem.
591 1677 624 1742 ἃ
650 1673 789 1740 affeaum
812 1677 1024 1750 quantitatem
1067 1675 1169 1738 luntas
1211 1674 1317 1738 latrem
1339 1674 1487 1749 implicita
1501 1679 1634 1755 augendi
1659 1677 1828 1751 praecedens

264 1759 430 1825 notabilem
450 1757 584 1825 furandi.
615 1757 730 1821 idcirco
757 1748 1031 1822 numenoiosre-
1065 1774 1160 1834 grave
1179 1753 1322 1822 damnum
1347 1801 1355 1830 ,
1379 1755 1581 1829 quodrevcta
1603 1775 1763 1836 augetur,
1794 1777 1829 1820 ac

259 1837 347 1902 tondi
364 1860 469 1916 pravae
488 1886 498 1916 ‚
519 1839 553 1904 dt
578 1833 746 1902 mottisertt
772 1833 975 1910 voluntatia,
995 1831 1031 1898 ἀ
1067 1835 1159 1898 toties
1184 1833 1356 1916 completur
1386 1832 1532 1899 voluntas
1551 1834 1680 1902 habendi
1705 1853 1864 1913 gravem*

260 1915 389 1984 affatius
408 1921 546 1998 grat-iter
566 1935 689 1992 peccat.
1063 1915 1228 1978 materiam
1241 1958 1256 1989 .‚
1270 1977 1272 1982 ,
1285 1915 1398 1989 partim
1416 1914 1605 1991 retinendo,
1634 1918 1745 2002 partim
1774 1935 1831 1978 nu·

303 1999 335 2060 Si
356 2001 423 2072 quis
437 2015 542 2062 atatem
558 1995 619 2074 stne
637 1992 803 2070 industria,
818 1991 853 2059 dt
876 1990 1030 2056 animodi·
1068 2012 1139 2058 vam
1160 1990 1296 2062 addendo
1318 2014 1327 2067 ς
1355 2012 1391 2056 ac
1420 1991 1489 2056 idao
1514 1991 1689 2070 subsequens
1716 2003 1831 2061 lurtum

259 2079 397 2142 tel'cendi
416 2076 514 2140 multa
534 2079 656 2139 minuta
679 2075 813 2150 pluribus
840 2071 1031 2148 surriperet,
1065 2071 1108 2135 est
1143 2073 1288 2140 macodo
1311 2067 1480 2136 huiusmodi
1511 2093 1615 2150 pravae
1641 2072 1830 2138 voluntatis.

261 2159 365 2220 maior
380 2156 539 2230 quantitas
554 2157 834 2230 requireretur‚ut
849 2153 1028 2230 essergrave
1066 2155 1096 2216 P.
1119 2153 1282 2216 Antoiua·⁴
1306 2152 1453 2215 Permulti
1476 2172 1552 2216 veru
1567 2151 1832 2218 mtrariumsen·

259 2252 446 2312 peccatum,
460 2247 550 2310 qua·-
565 2229 587 2296 si
604 2231 643 2298 ab
662 2252 726 2296 nno
747 2230 901 2316 dutnaatat
921 2247 959 2316 ea
978 2249 1031 2291 au-
1065 2235 1175 2307 tinnt‚
1199 2225 1413 2308 (supponendo
1430 2232 1484 2295 illa
1504 2232 1743 2302 omisca-ablata
1760 2253 1831 2296 cum

261 2312 393 2388 secret,
420 2316 491 2389 quia
514 2311 564 2376 illi
589 2333 694 2390 parum
715 2310 917 2394 huiuscemodi
943 2312 1030 2372 luctis
1065 2330 1176 2388 magno
1196 2315 1286 2374 unius
1304 2308 1341 2372 ab
1356 2311 1421 2374 alio
1433 2314 1582 2388 temporis
1591 2312 1777 2385 intervallo,
1797 2308 1830 2373 dt

263 2395 394 2456 minutis
411 2391 572 2456 laeduntur
594 2440 604 2470 ‚
626 2409 681 2454 nec
710 2393 756 2452 ita
786 2387 881 2476 facile
893 2389 963 2452 l'unt
984 2391 1030 2450 in·
1066 2389 1181 2466 semper
1199 2387 1261 2453 line
1288 2393 1389 2454 animo
1408 2391 1488 2454 aliud
1509 2388 1798 2457 modicumt‘mmdi
1823 2442 1831 2465 ‚

265 2475 328 2538 viri
359 2471 419 2534 illis
444 2469 534 2536 sutria
562 2469 785 2547 interpolatis,
806 2469 840 2533 dt
862 2469 1032 2544 lottuitis,
1065 2467 1264 2545 &usquead
1286 2471 1698 2545 notabilemquantitatem)
1717 2468 1834 2534 scilicet

265 2548 394 2630 quam-st
417 2550 488 2614 talia
503 2553 661 2627 quantitas
686 2566 753 2612 tota
770 2548 855 2611 iitnul
878 2550 923 2611 eia
942 2543 1028 2610 ause·
1066 2553 1099 2613 in
1116 2546 1196 2612 hisce
1217 2547 1334 2612 levibus
1355 2544 1448 2614 startia
1467 2571 1529 2614 non
1546 2549 1617 2622 ¹lieri
1640 2573 1678 2616 eat
1699 2553 1744 2614 his
1764 2573 1835 2615 mo·

265 2647 376 2708 ratur,
392 2649 427 2694 ae
445 2629 515 2696 ideo
535 2650 598 2696 non
615 2632 661 2693 ita
676 2625 765 2692 facile
780 2645 889 2693 curant
905 2624 1030 2690 reiiitu·
1067 2631 1165 2694 talem
1180 2630 1347 2703 maionem,-
1367 2632 1437 2706 quia
1456 2652 1528 2693 cum
1545 2635 1640 2710 unio(
1650 2633 1740 2698 aiunt
1756 2629 1831 2710 ipsi)

264 2713 386 2776 tionem
405 2728 508 2780 tetum
528 2711 738 2778 minutatum,
761 2728 828 2783 quae
844 2705 907 2772 stne
919 2705 1031 2770 volun·
1067 2708 1187 2773 moralia
1207 2707 1307 2785 longe
1325 2705 1566 2788 disgregatorum
1593 2712 1699 2776 debeat
1721 2715 1753 2776 in
1777 2714 1833 2777 ali·

264 2807 337 2855 tate
364 2785 539 2852 ascendendi
569 2789 615 2853 ad·
643 2807 786 2867 magnam
817 2791 1027 2863 quantitatem
1064 2809 1129 2864 quo
1155 2784 1435 2880 fundari,&·tunc
1453 2786 1568 2854 fundati
1586 2789 1836 2868 ttonpoffit‚nili

270 2869 444 2945 eripiuntur
464 2912 471 2929 .
500 2869 532 2930 Si
554 2870 638 2930 enim
656 2867 693 2930 ab
710 2885 804 2942 -ttno,
830 2871 876 2930 ita
896 2863 1032 2937 lessam,
1070 2871 1103 2928 in
1124 2869 1253 2941 animo,
1267 2857 1339 2928 idell
1361 2886 1392 2928 tn
1410 2867 1597 2946 voluntate,
1624 2891 1692 2946 qua
1710 2869 1772 2946 poli
1789 2872 1838 2935 ab·

259 2947 419 3026 sanciret,
433 2944 853 3025 Ronat.&alii,auserantut
864 2946 1033 3022 illapauct,
1063 2946 1169 3011 latum
1186 2947 1311 3009 unicum
1327 2945 1479 3017 modicum
1495 2946 1835 3031 semperprottahatur‚

259 3030 361 3093 naaior
381 3033 563 3107 quantitas,
582 3026 937 3093 aiuntcitatiDotiorea
959 3073 967 3100 ,
988 3043 1031 3086 re·
1067 3026 1100 3092 δι
1122 3024 1293 3103 perseveret
1326 3026 1357 3087 iu
1383 3026 1606 3093 deliberatione
1631 3029 1714 3096 aliud
1742 3032 1838 3095 nrodi-

264 3110 398 3186 quiritur
423 3158 432 3186 ‚
468 3106 489 3170 st
518 3106 800 3183 reperirlsavieibus
824 3103 1032 3179 auferantur,
1066 3126 1136 3171 cum
1161 3101 1324 3169 successive
1343 3126 1412 3192 oum
1437 3108 1540 3184 aliqua
1566 3127 1671 3174 tamen
1694 3116 1837 3187 temporis

262 3208 359 3265 quam
381 3186 402 3250 st
422 3210 486 3252 uno
506 3189 575 3251 aliu
602 3184 831 3264 surripiuntur,
859 3189 929 3262 quia
957 3202 1032 3248 tunc
1067 3184 1211 3250 dillantia
1231 3181 1464 3262 sueonumque
1486 3187 1522 3252 ad
1547 3189 1718 3259 notabilem
1742 3212 1837 3268 quan·

265 3286 328 3332 non
349 3272 393 3332 ita
415 3264 655 3331 damnificaffiur
674 3313 683 3342 ,
700 3268 814 3330 idcirco
833 3263 854 3327 li
871 3260 1030 3329 mortifere
1068 3269 1215 3342 titatem,·
1236 3284 1306 3329 cum
1318 3264 1391 3328 talis
1408 3270 1527 3332 animur
1545 3289 1608 3337 non
1625 3267 1812 3345 supponatur
1831 3320 1840 3348 ,

266 3364 393 3425 peccat,
413 3346 500 3413 &ad
522 3345 747 3411 restitutionem
768 3344 976 3422 tenetttt‚qui
995 3341 1032 3406 ab
1066 3363 1152 3410 cette
1179 3348 1253 3411 unio
1292 3345 1417 3409 moralis
1452 3348 1560 3412 horum
1585 3351 1777 3415 modicorum
1806 3354 1838 3415 in

260 3427 371 3490 eodem
389 3426 511 3490 homine
530 3422 629 3491 ausert
646 3424 750 3489 decem
770 3426 855 3489 limus
875 3449 883 3502 ;
905 3422 1032 3501 quinde·
1067 3426 1158 3489 nullo
1175 3422 1341 3501 fundatur,
1367 3445 1401 3488 ac
1418 3426 1487 3491 ideo
1505 3431 1570 3491 iure
1587 3432 1699 3495 irretito
1718 3430 1837 3497 censeri

264 3507 343 3583 cim,
362 3504 560 3571 &sexdecim
580 3507 775 3579 requiruntur
800 3552 809 3581 ,
836 3523 871 3567 ut
900 3496 1033 3579 quissub
1061 3502 1164 3583 potest
1180 3503 1228 3568 laic
1241 3525 1302 3570 non
1312 3504 1411 3589 adesse
1426 3507 1593 3572 notabilem
1611 3513 1838 3586 quantitatem,

259 3586 388 3649 mortali
410 3601 555 3649 teneatur
572 3583 938 3659 tellituereablatumper
950 3580 1032 3645 furta
1068 3582 1101 3648 ὅ(
1123 3583 1161 3647 sic
1183 3604 1244 3648 non
1262 3583 1360 3646 adelle
1379 3591 1542 3651 materiam
1558 3610 1612 3666 pto
1628 3589 1752 3656 mortali
1770 3610 1836 3667 pec·

262 3668 383 3727 minuta
403 3710 412 3739 ,
438 3659 603 3739 praesertim
623 3659 643 3721 si
669 3664 764 3738 longis
788 3662 963 3725 intervallis
984 3678 1033 3733 pa·
1067 3682 1161 3735 catu,
1178 3663 1211 3727 &
1233 3681 1286 3737 uto
1301 3662 1407 3725 debito
1420 3663 1644 3730 restitutionis.

261 3761 350 3808 trata
367 3741 444 3805 sint.
462 3740 519 3802 lile
541 3756 645 3805 autem
659 3787 667 3817 ‚
683 3746 733 3815 qui
755 3759 771 3801 a
789 3738 912 3803 diveclis
935 3738 1031 3824 perlo-
1109 3740 1175 3804 Nec
1191 3741 1347 3804 ullatenus
1362 3741 1463 3805 obesse
1480 3744 1546 3820 ipsis
1568 3750 1713 3811 videntur
1723 3751 1838 3826 parita-

264 3825 332 3897 nis‚
352 3819 387 3885 bc
407 3809 440 3881 in
456 3815 581 3884 diversit
598 3821 732 3896 negotiis
762 3817 880 3881 modica
902 3815 1031 3908 l'utripe·
1069 3837 1138 3896 tet,
1154 3840 1226 3897 quas
1242 3825 1399 3906 contr-aria
1418 3819 1707 3904 sententiaobiicit,
1727 3848 1837 3908 nempe

262 3917 334 3977 ret,
350 3919 419 3973 quae
431 3914 539 3961 tamen
560 3898 632 3961 licet
648 3918 758 3977 magno
780 3899 925 3973 temporis
937 3912 1033 3959 mter·
1068 3898 1104 3963 de
1120 3918 1175 3977 eo,
1192 3902 1241 3977 qui
1254 3899 1303 3961 die
1320 3898 1401 3968 tello
1419 3902 1555 3966 vacando
1574 3905 1705 3981 pluribus
1725 3909 1841 3974 vicibus

264 3978 352 4043 valio
371 3980 407 4042 ad
433 3998 575 4056 magnam
593 3978 803 4054 quantitatem
824 3976 1001 4041 accederent
1024 4024 1033 4051 ,
1067 3977 1228 4057 perbreve
1246 3998 1365 4057 tempus
1386 3981 1759 4061 operibusservrlibus,s1
1783 4007 1839 4053 va-

248 4058 319 4121 'l'ed
337 4058 394 4122 hoc
415 4055 526 4145 faceret
542 4055 604 4121 line
634 4062 737 4122 animo
757 4077 897 4135 magnam
913 4059 1033 4133 quanti·
1067 4076 1117 4125 cet
1130 4058 1333 4137 ititoperibut
1355 4058 1439 4124 {intui
1464 4061 1569 4129 inullis
1595 4064 1748 4144 plusquam
1764 4069 1838 4142 dua·

263 4148 364 4205 t'atem
374 4138 720 4216 aulctendi‚gtaveque
736 4138 885 4223 damnum·
895 4139 1034 4214 proximo
1068 4137 1121 4201 bus
1145 4139 1254 4215 horis,
1286 4141 1382 4203 violet
1408 4144 1544 4218 gravitet
1567 4152 1754 4222 praeceptum
1779 4147 1838 4210 diei

263 4215 414 4281 inferendi
436 4216 524 4293 calu,
540 4214 574 4282 dt
595 4218 828 4281 accidentaliter
844 4265 851 4291 ‚
865 4218 1032 4278 iecuudum
1068 4215 1156 4293 selli,·
1176 4219 1225 4281 vei
1247 4218 1267 4278 li
1290 4219 1420 4291 pluribus
1441 4219 1553 4284 vicibus
1574 4226 1712 4288 comedat
1736 4230 1767 4288 in
1790 4228 1840 4289 die

264 4298 415 4360 Natalem
429 4296 641 4359 Alexandrum
660 4344 668 4374 ,
688 4299 825 4362 Antoine
845 4344 854 4373 ‚
882 4296 915 4359 dc
934 4294 1033 4357 Tour·
1068 4297 1607 4379 ieiunii,ttotabilentqua'ntitatem,
1624 4308 1762 4383 graviter
1774 4309 1841 4368 vio·

262 4376 526 4451 neleium‚&ell
548 4379 745 4449 communis,
772 4375 946 4441 mortaliter
963 4394 1033 4452 pec·
1069 4376 1113 4438 lat
1145 4394 1329 4453 praeceptum
1360 4378 1395 4439 de
1414 4380 1562 4458 ieiunio,
1595 4404 1629 4448 ae
1659 4385 1784 4460 proinde
1809 4390 1842 4446 in

261 4474 344 4535 cat,
371 4477 431 4518 non
453 4455 572 4530 quidem
594 4453 714 4533 singulis
731 4452 818 4518 stertis
840 4454 1002 4517 levioribus
1025 4501 1033 4530 ,
1067 4454 1137 4518 casu
1161 4473 1288 4526 utroque
1313 4475 1418 4532 peccat
1440 4462 1618 4524 mortaliter
1637 4486 1648 4538 ,·
1667 4486 1740 4528 nam
1759 4467 1842 4529 inter

264 4532 315 4599 led
338 4554 374 4598 eo
390 4534 509 4596 demum
525 4554 586 4611 quo
610 4530 724 4598 summa
746 4533 888 4597 notabilis
903 4535 1033 4607 comple·
1069 4534 1123 4619 hor
1142 4534 1175 4598 dt
1194 4533 1326 4600 nostrum
1342 4542 1445 4600 calum
1460 4586 1469 4613 ,
1484 4540 1588 4604 dictmt
1612 4544 1662 4617 ipii
1682 4592 1689 4619 ‚
1710 4544 1774 4610 lata
1795 4543 1838 4609 esi

262 4628 336 4688 tut,
356 4616 425 4690 quia
444 4613 606 4679 secundum
628 4616 736 4677 horum
766 4613 950 4678 sententiam
973 4614 1033 4675 iur-
1068 4614 1228 4688 dilparitas
1249 4663 1257 4689 ,
1280 4620 1352 4691 quia
1373 4639 1450 4679 oum
1462 4616 1589 4684 essentia
1619 4642 1838 4700 praeceptorum

248 4707 332 4756 tum
353 4691 534 4767 postremum
555 4694 700 4757 moralem
717 4693 804 4756 habet
833 4715 903 4767 cum
919 4714 1032 4769 praect·
1069 4694 1128 4757 diei
1149 4692 1237 4771 felii,
1254 4693 1413 4759 &ieiunii
1432 4696 1574 4763 consistat
1602 4702 1836 4772 inabstinentia

261 4772 404 4835 dentibus
423 4776 664 4849 connexionem,
683 4794 743 4847 quo
764 4772 801 4835 iit
820 4791 854 4837 ut
872 4769 923 4836 sut
943 4791 1033 4836 nota·
1070 4772 1107 4838 ab
1128 4771 1504 4854 operibuaservilibus,&
1523 4782 1553 4840 in
1577 4784 1835 4847 rtuicacomellio-

259 4850 354 4916 bilem
372 4855 584 4928 quantitatem
611 4856 658 4916 rei
675 4853 785 4915 alitnae
805 4852 973 4928 detineat,
998 4874 1032 4914 ac
1069 4874 1108 4915 ne
1123 4902 1131 4929 ‚
1146 4852 1180 4917 &
1205 4870 1369 4928 utcumque
1394 4859 1474 4919 intra
1495 4856 1589 4922 breve
1607 4859 1836 4937 ipatiumuniut

261 4928 393 5006 proinde
409 4928 609 4996 sufficientem
633 4930 673 4995 ad
695 4929 944 4995 constituendum
964 4953 1033 5006 pec-
1070 4934 1152 5004 diei;
1170 4932 1239 4995 binc
1256 4933 1342 5009 plura
1360 4954 1451 5012 opera
1474 4932 1592 5003 servilia
1617 4940 1717 5017 levia,
1734 4944 1834 5018 plnres

260 5028 368 5074 catum
384 5011 533 5087 mortale.
560 5011 642 5075 Hinc
659 5014 746 5075 aiunt
767 5031 894 5086 peccare
920 5027 1034 5075 motta·
1072 5013 1198 5075 modicae
1217 5010 1414 5076 comestiones
1430 5018 1606 5092 interrupte
1633 5018 1717 5085 i‘atiae
1739 5068 1748 5095 ,
1774 5041 1841 5095 quae

260 5089 338 5153 liter
354 5086 555 5177 samolot,‚&
573 5090 700 5154 ancillae
723 5139 731 5163 ‚
761 5090 872 5155 idcirco
894 5091 931 5157 ad
942 5088 1035 5167 aelii·
1072 5088 1161 5158 limul
1179 5088 1286 5158 iunelae
1305 5111 1430 5177 gravem
1449 5100 1656 5205 quantitat'n
1680 5098 1838 5180 cotillmt,

351 5170 445 5248 instra
463 5169 562 5234 Tbtol.
584 5170 694 5235 Maras.
717 5167 872 5235 Tomlli.
1032 5178 1043 5205 ¹
1431 5176 1487 5240 Aa
1528 5189 1544 5251 3
1705 5198 1799 5258 oppo-
