4425 6000
627 527 1493 606 triennem-rtienmnt.
1632 531 1782 630 Ιιός

220 667 225 672 -
261 635 317 699 si'c·
339 631 437 699 lolent
472 625 531 691 eslc
556 629 659 716 animo
684 627 810 705 affecti,
842 647 878 693 ut
907 629 1034 708 penden·
1070 632 1198 707 quinon
1220 626 1418 706 perficiuntur
1446 624 1510 693 solo
1529 625 1699 708 consessu,
1720 631 1768 694 sed
1787 643 1837 696 et·

258 733 305 780 ‘te
336 712 515 778 conditione
547 706 730 783 ¹suspendant
757 729 879 787 quoque
906 705 1034 772 consen·
1072 715 1132 774 iam
1153 709 1345 790 traditione,
1370 705 1390 768 st
1412 727 1484 773 ante
1498 709 1714 774 conditionem
1729 711 1837 790 imple·

256 791 476 858 suminam.
512 787 585 852 Non
613 788 749 866 possunt·
770 805 872 853 tamen
910 807 1034 853 contra·
1073 808 1137 853 tam
1156 783 1315 853 consensus
1336 806 1499 853 revocatus
1521 787 1576 868 fit,
1593 809 1763 857 nonerunt
1781 809 1835 855 va·

267 873 378 939 bentes
411 870 570 954 resilitea
603 867 766 932 contrado
806 875 880 932 a'nte
917 887 1034 945 tempus
1072 870 1125 932 lidi
1145 866 1207 933 line
1226 889 1310 933 novo
1336 865 1504 933 consensu.
1531 868 1615 931 Nam
1636 866 1702 934 fieri
1731 871 1836 946 nequit

257 951 480 1032 praefinitum,
511 947 559 1010 led
581 948 746 1023 expellare
768 965 917 1013 tenentur
932 949 1035 1013 condi-
1071 947 1200 1013 traditio
1218 946 1279 1012 fine
1297 951 1363 1012 eius
1383 946 1547 1026 consensu,
1562 951 1614 1028 qui
1629 970 1696 1013 rent
1717 949 1837 1013 tradere

265 1035 365 1097 tionis
394 1044 574 1094 eventum.
603 1028 782 1094 Conventio
811 1031 893 1092 enim
922 1027 1035 1091 adhoc
1070 1027 1175 1105 debet,
1193 1027 1227 1092 ἃ
1242 1049 1312 1091 cum
1327 1024 1487 1094 consensus
1512 1046 1678 1092 revocatur
1704 1025 1760 1107 sit,
1782 1049 1836 1092 an·

260 1112 372 1176 dlatim
397 1109 512 1187 obligat
538 1105 703 1185 absolute,
729 1106 763 1173 ἀ
791 1109 823 1170 in
846 1108 902 1171 hoc
930 1127 1035 1170 omnes
1071 1126 1197 1183 tequam
1218 1109 1357 1172 conditio
1383 1107 1586 1190 impleretur,
1606 1110 1666 1172 ianr
1685 1127 1750 1173 non
1770 1126 1836 1175 arn·

215 1226 217 1236 =
264 1192 415 1255 videntur
435 1190 621 1273 convenire,
639 1203 677 1260 ut
695 1204 789 1252 notat
809 1188 847 1250 de
868 1189 972 1264 Lugo.
995 1187 1034 1249 Et
1070 1188 1147 1262 plius
1164 1188 1323 1251 moraliter
1339 1203 1517 1272 perrpanet.
1540 1213 1543 1220 ·

265 1269 395 1347 stille,
424 1271 474 1345 qui
502 1264 555 1329 lub
583 1266 639 1329 tali
665 1266 844 1332 conditione
872 1265 1035 1345 promisit,
1108 1267 1283 1342 Conditio,
1315 1261 1746 1346 srpnrtticara,·seupos1ta
1771 1285 1836 1331 non

259 1352 453 1432 2conditionia
472 1347 683 1421 impletionem
703 1349 863 1422 impediat,
883 1345 978 1409 adhuc
993 1347 1035 1409 al·
1069 1342 1161 1410 suerit
1181 1363 1318 1422 tempore
1337 1343 1423 1425 praefi
1485 1363 1520 1412 to
1542 1346 1747 1420 ‚contradus
1772 1365 1836 1410 non

254 1433 328 1496 'teri
348 1428 499 1506 ‹bligatus
522 1440 626 1487 manet
647 1445 686 1486 ex
703 1429 773 1504 Lep.
793 1427 839 1488 82.
857 1423 898 1491 st
916 1447 955 1488 ex
968 1441 1031 1505 reg.
1069 1425 1196 1504 amplius
1224 1426 1368 1505 obligat,
1394 1443 1466 1490 tunt
1490 1425 1675 1490 contrahens
1704 1423 1756 1490 sub
1777 1426 1837 1489 tali

265 1512 318 1574 66.
335 1507 410 1570 iuris
440 1507 473 1569 in
503 1503 532 1568 6.
555 1525 621 1568 curn
654 1527 710 1567 non
735 1508 793 1586 stat
811 1525 862 1582 per
889 1525 975 1582 erem,
995 1505 1037 1569 ad
1068 1507 1248 1570 conditione
1268 1525 1328 1568 non
1346 1505 1489 1570 intendat
1506 1501 1537 1568 se
1556 1503 1689 1585 obligare
1701 1503 1759 1585 ,δι
1778 1501 1838 1568 dis·

286 1607 353 1653 utin
370 1586 499 1666 pertinet
520 1607 574 1662 quo
591 1583 691 1646 minus
701 1585 833 1649 conditio
849 1583 1004 1660 impleatur
1025 1632 1034 1662 ,
1069 1604 1202 1665 ponere,
1223 1583 1277 1647 nist
1298 1581 1396 1660 posita
1427 1583 1465 1650 sit
1484 1583 1622 1648 conditio
1647 1589 1678 1646 in
1707 1588 1838 1649 circum*

219 1663 227 1674 '
260 1611 366 1733 laseri
392 1665 476 1730 debet
501 1664 627 1744 perinde¹
652 1684 686 1729 ar
713 1667 742 1743 fi
767 1667 887 1742 inpleta
905 1661 1030 1744 furſjet.
1068 1663 1190 1730 slantiis
1219 1681 1330 1728 mutuo
1357 1666 1547 1732 conventit.
1576 1661 1740 1740 Dispositio
1760 1683 1837 1729 vero

261 1743 441 1811 Videndum
459 1763 561 1808 tamen
583 1763 621 1806 an
642 1749 691 1819 qui
712 1745 921 1807 conditionem
938 1765 1033 1822 appo·
1070 1745 1198 1821 pendens
1218 1763 1256 1806 ex
1284 1743 1378 1808 libera
1403 1744 1562 1807 hominum
1578 1744 1746 1809 voluntate
1771 1761 1836 1808 non
1885 1753 1887 1758 '

260 1825 352 1902 suit,
374 1830 543 1890 circaeam
568 1823 642 1886 liber
662 1844 724 1887 non
745 1840 928 1888 remaneat.
953 1825 1033 1887 Nam
1069 1827 1159 1889 aliter
1185 1823 1329 1901 obligat,
1351 1845 1441 1899 quam
1461 1821 1617 1900 disponens
1639 1822 1737 1888 vult.
1767 1823 1836 1888 Ali·

263 1907 289 1970 st
318 1905 504 1984 promiserim
531 1902 620 1967 Titio
642 1923 751 1965 aureos
775 1921 902 1968 centum
931 1901 953 1965 si
979 1924 1034 1966 nu·
1068 1907 1120 1980 qui
1147 1906 1306 1980 excipiunt
1335 1906 1366 1965 in
1384 1903 1444 1968 hac
1473 1901 1625 1965 sententia
1644 1901 1835 1967 cbntraslum

223 2035 235 2054 .
263 1987 338 2052 bam
361 2033 371 2063 ,
394 2004 456 2048 nou
484 1982 610 2046 tenebor
630 1984 666 2044 ad
695 1985 894 2061 nubendum,
917 2002 953 2046 ιιι
982 1985 1034 2044 ille
1068 1986 1276 2060 matrimonii,
1296 1985 1366 2056 quia
1391 2004 1433 2047 ex
1457 2001 1570 2046 natura
1594 1979 1647 2047 sua
1670 1980 1713 2044 esl
1731 2001 1836 2059 perpe·

287 2065 437 2132 tomissam
468 2061 615 2126 summam
639 2061 860 2139 conloquatur,
883 2065 937 2123 nisi
954 2059 1034 2125 forte
1068 2075 1139 2126 tuus
1152 2110 1160 2139 ,
1175 2062 1208 2126 ἀ
1230 2064 1320 2125 lemel
1342 2062 1443 2126 valide
1458 2058 1633 2125 contraslus
1653 2079 1715 2125 non
1737 2057 1836 2138 potest

263 2087 548 2220 immurmuret
578 2143 649 2203 inihi
671 2140 808 2217 sponsam
834 2161 1031 2216 procuraret.
1068 2143 1197 2218 amplius
1219 2139 1368 2219 rescindi,
1383 2142 1461 2219 quod
1479 2157 1581 2204 tamen
1602 2140 1659 2205 dici
1682 2139 1836 2217 nequitde

265 2219 340 2288 Dixi
359 2223 508 2286 ordinarie
521 2219 673 2363 sffendi'
695 2271 703 2298 ‚
727 2225 797 2297 quia
821 2221 887 2284 lieri
909 2220 1033 2300 potest,
1068 2225 1267 2284 matrimonio
1288 2224 1368 2285 inito
1395 2219 1446 2284 sub
1472 2221 1649 2284 conditione
1671 2218 1836 2284 defuturo

267 2321 304 2368 ut
325 2307 420 2366 etiam
435 2319 542 2366 eontra
573 2323 623 2364 um
640 2321 700 2363 non
716 2299 896 2387 suspendat,
916 2319 995 2376 puta
1011 2299 1031 2362 li
1066 2303 1283 2388 contingenti,
1300 2299 1421 2375 quando
1438 2300 1537 2378 potest
1561 2299 1657 2364 adhuc
1677 2298 1803 2364 rescindi
1822 2339 1833 2359 .

263 2382 485 2448 contrahentes
507 2382 662 2443 communi
682 2381 826 2444 consensu
845 2384 970 2460 velint,
997 2396 1032 2444 ut
1069 2381 1152 2444 Nam
1172 2382 1193 2442 lt
1213 2384 1264 2456 qui
1288 2384 1335 2444 ita
1361 2382 1517 2443 contraxit
1547 2397 1622 2444 ante
1650 2379 1835 2444 conditioni·

264 2460 440 2528 contratlus
465 2459 503 2522 ab
529 2462 620 2522 initio
644 2463 748 2523 valeat
772 2460 922 2546 supposito
952 2461 1032 2538 quod
1067 2479 1216 2525 eventum
1238 2507 1247 2533 ‚
1266 2459 1358 2524 aliam
1381 2459 1495 2536 ducat,
1515 2459 1563 2523 hic
1590 2459 1736 2524 secundus
1759 2467 1837 2524 ton·

268 2543 412 2620 ponenda
435 2537 472 2602 sit
496 2540 636 2602 conditio
657 2585 666 2617 ,
691 2540 752 2602 lire
773 2539 922 2617 supposita
946 2540 1032 2604 huius
1069 2539 1189 2604 trablas·
1204 2539 1247 2603 ell
1266 2540 1401 2604 validus.
1426 2543 1523 2619 igitur
1543 2541 1654 2616 primus
1673 2536 1837 2605 consensus

267 2624 433 2696 veritate,
449 2617 574 2683 conditio
589 2619 662 2682 erit.
689 2619 775 2682 Talis
792 2639 893 2684 tamen
908 2639 1033 2684 contra·
1066 2618 1285 2684 conditionalis
1309 2619 1344 2680 ad
1366 2623 1448 2697 prius
1468 2623 1699 2683 matrimonium
1724 2617 1837 2697 praelli-

266 2700 335 2766 ssus
345 2699 392 2768 ,ab
407 2702 497 2762 initio
510 2717 551 2761 ex
568 2698 721 2779 hypothesi
744 2700 888 2777 validus,
911 2699 1031 2764 tametsi
1069 2717 1118 2762 tus
1135 2719 1204 2762 non
1233 2695 1361 2774 sufficit3
1384 2699 1513 2775 ideoque
1536 2698 1629 2774 polita
1657 2699 1834 2762 conditione

267 2777 471 2856 expediendus
494 2775 530 2840 stt
557 2779 739 2841 conditionis
764 2798 924 2854 eventus,
954 2781 1033 2842 hunc
1067 2797 1141 2852 opus
1161 2776 1202 2840 ell
1223 2795 1257 2840 ut
1279 2795 1460 2841 renovetur.
1483 2779 1564 2841 Hinc
1580 2777 1752 2840 Concilium
1761 2777 1834 2842 Flo·

266 2857 436 2926 sortiretut
454 2854 611 2930 anteum,
627 2857 707 2932 quod
737 2855 831 2932 posita
854 2861 1033 2922 conditione
1070 2874 1151 2938 rent,
1177 2858 1302 2930 requirit
1323 2859 1356 2917 in
1378 2861 1578 2921 matrimonio
1598 2853 1776 2921 consensum
1794 2861 1833 2921 de

268 2936 444 3005 contraitur
468 2936 523 3000 isse
552 2935 676 3000 deberet
700 2936 866 3001 retrotrahi
893 2938 930 3000 ad
955 2954 1034 3001 tem·
1069 2938 1229 3014 ptaelenti.
1248 2933 1603 3015 ldcireoiturtaregularn
1620 2934 1834 3001 huiusteCon·

292 3039 327 3083 ur
342 3066 352 3095 ,
369 3038 429 3093 quo
456 3012 516 3080 suit
545 3019 665 3080 initus.
689 3019 818 3080 Proinde
838 3018 859 3078 si
880 3019 925 3080 ita
943 3017 1032 3081 alicui
1067 3018 1131 3103 cilii
1154 3034 1213 3078 non
1233 3011 1340 3078 suffieit
1370 3014 1529 3080 consensus
1548 3017 1584 3079 de
1613 3013 1737 3094 futuro,
1758 3010 1835 3079 idest

267 3040 324 3165 sub
338 3098 515 3163 conditione
530 3098 725 3173 contingenti
748 3117 852 3176 agrum
873 3115 960 3162 tuum
980 3100 1033 3160 do·
1069 3100 1210 3159 asutura
1224 3095 1402 3160 conditione
1423 3095 1612 3173 dependens.
1631 3097 1708 3162 Haec
1729 3112 1835 3160 tamen

269 3178 369 3243 nasset
394 3225 403 3253 ,
427 3174 546 3251 &poss
565 3179 805 3252 quinquennium
828 3190 952 3241 tantum
982 3178 1033 3240 ad·
1070 3178 1176 3251 opinio
1196 3198 1214 3240 a
1235 3175 1338 3238 multis
1354 3179 1568 3255 impugnatur.

268 3257 451 3333 impleretur
473 3254 631 3331 conditio,
655 3255 765 3320 srtrelus
784 3274 853 3320 toto
873 3257 929 3319 illo
955 3273 1032 3318 tem·
1106 3254 1176 3316 Sola
1197 3274 1273 3318 vero
1289 3254 1424 3319 conditio
1439 3255 1577 3331 expressa
1595 3255 1692 3321 reddit
1706 3272 1835 3323 contra-

269 3356 343 3414 pore
363 3340 429 3400 nati
452 3355 513 3401 non
533 3334 714 3400 deberentur
738 3336 790 3399 ribi
807 3384 815 3412 ,
833 3334 880 3398 sed
900 3336 1032 3400 donata·
1069 3332 1167 3409 hum,
1192 3353 1227 3396 ac
1241 3333 1465 3411 dispositionem
1484 3335 1722 3398 conditionalem
1743 3382 1753 3414 ‚
1772 3348 1855 3401 non·

268 3422 340 3494 tio,
357 3436 426 3479 cum
445 3414 505 3492 ipse
521 3408 704 3492 supponatur
720 3415 756 3478 ab
772 3418 862 3480 initio
883 3413 1033 3479 l‘uilledo-
1069 3414 1318 3488 verecondiam,
1340 3434 1409 3489 quae
1428 3418 1524 3479 tacita
1544 3412 1586 3476 est
1607 3464 1615 3489 ‚
1634 3414 1669 3479 ἀ
1690 3434 1758 3491 quae
1788 3413 1833 3479 est

267 3496 372 3561 minut
392 3498 452 3575 agri
465 3538 473 3553 .
1070 3487 1230 3556 intrinseca
1247 3493 1431 3569 contabui,
1448 3514 1485 3557 etr
1498 3499 1570 3571 Leg-
1582 3512 1630 3570 99.
1639 3501 1666 3559 §-
1678 3493 1829 3561 detrudit.

272 3626 277 3647 ,
310 3573 494 3638 Contratlur
511 3567 563 3637 sub
582 3575 756 3638 conditione
778 3574 814 3638 de
835 3571 940 3639 sutoro
958 3594 1032 3637 con·
1068 3569 1110 3638 (r
1134 3571 1313 3655 demonstrat.
1367 3573 1455 3635 Unde
1478 3577 1614 3637 conditio
1646 3578 1742 3639 tacita
1769 3592 1834 3639 nott

269 3656 403 3731 tingenti
436 3655 530 3714 initur
550 3650 650 3717 llatim
673 3653 756 3715 valet
774 3650 835 3717 stne
859 3676 942 3718 novo
960 3673 1033 3715 con·
1070 3648 1220 3735 suspendit
1237 3652 1478 3731 obligationem.
1495 3654 1542 3717 Sic
1559 3655 1589 3716 Ρ.
1606 3654 1744 3719 Antoine
1760 3672 1834 3719 cunt

270 3728 358 3797 sensu
381 3733 500 3808 quando
531 3735 654 3805 ponitur
672 3731 832 3797 conditio.
852 3734 932 3805 ¹Cum
951 3735 1033 3794 enim
1069 3732 1156 3792 aliis.

268 3813 361 3875 valor
380 3809 573 3896 contraitur,
595 3828 631 3872 ut
650 3808 764 3873 ditium
787 3808 847 3885 est,
873 3829 1033 3875 econtra·
1107 3808 1288 3874 eontratlur
1306 3832 1380 3875 vero
1398 3809 1450 3876 sub
1473 3814 1650 3880 conditione
1670 3809 1833 3893 impoffibi·
1854 3816 1953 3868 ΕΜ·

267 3888 580 3956 bentiumconlenlu
604 3890 865 3966 dependeat,ubi
887 3888 942 3952 ille
963 3911 1034 3952 con·
1069 3890 1109 3967 li,
1129 3906 1183 3953 aut
1203 3895 1285 3967 turpi
1307 3895 1402 3956 initus
1425 3897 1490 3955 iure
1512 3896 1647 3961 natut'ali
1678 3893 1832 3963 invalidus
1872 3894 1949 3953 “’..“

264 3968 369 4034 l'ensus
390 3969 474 4032 ultra
492 3988 553 4031 non
570 3966 786 4047 suspenditur,
807 3990 868 4031 non
885 3966 1032 4043 suspendi·
1068 3970 1134 4046 est,
1164 3971 1285 4045 quando
1311 3973 1449 4035 conditio
1475 3974 1572 4052 turpis
1597 3992 1770 4053 apponatur
1795 3942 1972 4068 ut‘ssssffss'ssssp'

266 4052 443 4115 autetiam
471 4050 559 4112 valot
588 4049 786 4113 contradus:
818 4066 954 4112 atvero
983 4048 1031 4110 ubi
1068 4049 1277 4126 obligatoria.
1319 4052 1399 4114 Num
1430 4072 1499 4114 cum
1535 4055 1682 4119 validitat
1709 4051 1831 4119 huiusce
1848 4068 1882 4119 te
1901 4067 1971 4127 intr.

264 4128 440 4195 eontradlut
455 4130 601 4215 ponitur,
617 4130 704 4194 nulla
718 4126 761 4192 esi
778 4134 875 4205 ratio,
891 4125 931 4191 ob
941 4148 1033 4203 quam
1068 4128 1339 4194 contratlusiuxta
1359 4134 1565 4194 intentionem
1579 4133 1832 4199 contrahentium
1848 4130 1932 4184 ΜΝ·

266 4204 469 4283 suspendatur
484 4207 663 4272 consensus.
814 4208 824 4225 ”
1069 4209 1197 4281 pendeat
1218 4229 1235 4269 a
1260 4210 1315 4272 tali
1337 4210 1532 4283 conditione,
1553 4210 1573 4272 li
1597 4215 1736 4277 conditio
1754 4212 1837 4279 esset¹

305 4288 410 4367 lgitur
427 4286 521 4364 polita
541 4290 720 4353 conditione
738 4284 912 4352 contraitur
930 4284 1034 4349 condi·
1068 4286 1251 4360 impossibilis
1268 4287 1395 4372 physice,
1404 4291 1457 4353 vel
1471 4290 1649 4369 moraliter,
1662 4290 1832 4371 -idellquorl

266 4370 412 4432 tionatur
428 4365 490 4429 stne
509 4370 648 4432 ulteriori
668 4365 812 4432 consensu
832 4366 933 4430 llatim
950 4386 1035 4430 tran·
1068 4386 1129 4428 non
1151 4364 1256 4444 possit,
1279 4388 1333 4432 aut
1353 4389 1415 4433 non
1431 4368 1540 4434 debeat
1558 4372 1649 4448 poni,
1668 4391 1835 4438 certecon·

265 4444 309 4510 fit
325 4446 361 4510 de
378 4446 591 4512 conditionato
606 4449 637 4511 in
655 4446 847 4526 absolutum,
863 4445 897 4512 ἀ
915 4445 1032 4510 absolu·
1067 4444 1181 4509 tration
1208 4445 1375 4511 huiusmodi
1396 4447 1439 4511 ell
1460 4470 1513 4527 per
1534 4452 1563 4513 l'e
1590 4452 1713 4530 nullus,
1732 4451 1767 4518 &
1786 4454 1834 4516 di·

267 4542 306 4591 te
328 4524 442 4603 obligat
466 4525 576 4601 absque
590 4542 636 4592 'eo
652 4527 731 4603 quod
750 4547 851 4590 novur
873 4526 1033 4602 praestetur
1066 4526 1197 4588 cendum
1213 4527 1483 4591 itacontrahenter
1503 4533 1604 4606 potius
1614 4535 1726 4609 iocari,
1742 4554 1837 4609 quam

264 4602 449 4675 consensus.
474 4604 521 4669 lta
543 4605 614 4670 satit
638 4610 842 4671 communiter
862 4605 1033 4683 Doctores,
1068 4625 1141 4668 vere
1163 4606 1373 4685 contrahere,
1396 4608 1467 4671 dum
1488 4608 1656 4675 contrtllui
1676 4628 1838 4691 apponunt

266 4702 312 4747 arr
337 4684 410 4764 Lep.
435 4704 484 4747 rr.
507 4690 534 4754 a.
551 4684 603 4765 qui
623 4685 745 4764 potiores
767 4684 800 4747 in
821 4684 900 4765 pign.
929 4682 964 4750 dc
992 4706 1031 4749 ex
1066 4686 1293 4761 conditionem,
1316 4706 1406 4763 quarn
1426 4687 1527 4753 sciunt
1552 4695 1623 4768 poni
1640 4710 1702 4757 not
1723 4691 1830 4770 posse.

265 4766 342 4845 leg.
361 4782 390 4855 7.
412 4764 451 4829 de
475 4770 623 4831 contraite
651 4776 738 4842 enrpt.
754 4764 843 4830 ubic
907 4764 1032 4831 'tionrler
1065 4764 1218 4840 Quocirca
1247 4765 1351 4829 valere
1377 4788 1440 4831 non
1458 4770 1555 4847 potest
1576 4766 1753 4845 contrahes,
1779 4769 1836 4835 sub

264 4843 460 4933 venditiones
488 4857 561 4911 tunc
585 4844 843 4927 perficiuntur,c
913 4844 1033 4926 impleta
1066 4846 1269 4921 conditione,
1296 4866 1364 4922 quae
1386 4868 1458 4912 curn
1483 4849 1639 4928 dellruit,·
1667 4853 1737 4930 quia
1762 4872 1835 4917 cum

255 4920 363 5005 satem
388 4923 538 4989 conditio.
572 4926 634 4991 Hic
672 4932 780 4989 autent
809 4927 929 4990 nullam
958 4930 1032 4991 novi
1065 4924 1203 4987 conditio
1231 4924 1268 4987 ad
1298 4927 1433 4991 valorem
1461 4928 1635 4995 contrahet
1660 4925 1833 5011 prescripta

264 5002 430 5069 consensus
450 4999 527 5069 satit
547 5007 756 5069 mentionem.
1066 5002 1173 5067 debeat
1197 5002 1257 5067 else
1283 5004 1496 5087 obligatorit,
1522 5009 1557 5077 dt
1584 5031 1677 5078 nemo
1704 5010 1833 5087 obligari

308 5078 345 5148 ln
360 5082 521 5149 contristo
539 5104 642 5149 tamen
669 5086 882 5161 matrimonii,
902 5082 1033 5165 aliisve,
1061 5098 1158 5161 queat
1174 5082 1213 5149 ad
1234 5083 1284 5165 id,
1296 5086 1382 5165 quod
1397 5088 1448 5157 vel
1466 5106 1503 5154 ut
1521 5086 1746 5169 prorsur'viret
1766 5092 1834 5157 luat

347 5162 443 5246 sistit.
461 5163 563 5231 Ttrcot.
582 5164 691 5232 Metal·
712 5164 804 5229 Toto.
822 5162 877 5229 lll.
1454 5169 1485 5237 L
1525 5181 1542 5252 3
1704 5186 1795 5239 exet·
