4425 6000
542 492 753 580 Tnaer.
788 509 857 568 nr
893 493 1242 572 iniusrrriri
1269 490 1337 570 &e
1371 494 1490 573 Car.
1520 493 1549 571 l.

259 588 506 672 diutissimam,
522 615 590 671 quae
607 591 752 672 posterior
768 593 879 659 residet
900 598 1026 657 inPri'n·
1060 596 1215 660 committi
1245 591 1340 672 potell
1388 591 1562 662 eisonarum
1593 600 1761 675 aceepti0,·
1792 597 1828 665 dt
1845 589 1973 658 Mili·

258 681 326 753 cipe
352 672 399 764 dc
420 673 661 755 Magistraribus,
681 673 871 753 quorumesl
898 693 1024 737 munera
1060 674 1198 751 hocfit,
1216 672 1339 750 quando
1359 613 1414 739 isla
1434 696 1503 752 quae
1523 678 1635 753 aequali
1656 683 1828 756 proportio·
1863 671 1889 709 ‘¹
1941 718 1948 731 ·

259 754 292 820 ἃ
308 723 611 846 oslacialReipublicae
620 754 813 819 distribuere.
831 754 945 817 Verum
955 756 1024 829 quia
1060 775 1119 831 rie,
1139 754 1213 818 idesl
1235 758 1323 818 iuxta
1344 751 1484 832 cuiusque
1510 750 1704 824 fortunarum
1718 732 1969 836 condi-'siffis

258 832 377 898 iullitia
396 833 588 899 distributiva
611 855 671 897 non
697 831 838 922 versatur
859 838 938 897 circa
960 854 1024 897 rem
1061 839 1178 917 tionem
1197 833 1380 912 imponenda
1399 830 1489 910 sunt,
1507 835 1572 911 plus
1589 858 1697 917 nempe
1716 837 1827 903 minus·
1844 845 1960 901 tionibus

257 912 291 983 &
315 933 397 991 rem,
417 934 509 998 unam
526 937 595 979 cum
612 914 708 979 altera
728 914 945 989 conserendo,
974 908 1024 976 scd
1061 936 1121 993 ve,
1141 934 1297 993 quatenus
1322 912 1407 992 plus,
1430 919 1600 981 autminus
1621 966 1629 995 ,
1652 920 1703 984 vel
1724 939 1828 997 aequa·
1842 916 1961 987 ΜΡΝ·

259 996 343 1057 inter
372 993 567 1069 personarum
604 996 717 1058 merita
744 993 778 1058 ἀ
811 993 1024 1072 dignitatem,
1060 997 1132 1060 liter
1148 991 1295 1074 gravandi
1313 993 1445 1070 polleant
1462 994 1547 1059 bonis
1573 993 1706 1067 sorrunae
1730 1045 1740 1077 ‚
1764 988 1941 1093 plusgfwm

260 1076 374 1137 merita
389 1072 423 1137 dc
438 1074 621 1153 dignitatem
636 1079 724 1159 unius
742 1095 813 1139 cum
828 1078 945 1139 meritis
963 1115 971 1150 ,
991 1071 1024 1137 ὅ(
1060 1096 1139 1140 unus
1158 1074 1489 1151 quamalteraequalis,
1511 1095 1566 1141 aut
1582 1075 1733 1145 inferioris
1743 1100 1831 1145 com·
1863 1048 1929 1097 Μ’

259 1152 411 1233 dignitate
451 1158 580 1219 alterius
617 1158 751 1231 perlonae
792 1156 1022 1230 comparando:
1060 1156 1143 1220 modi
1160 1171 1309 1234 gravetur
1328 1201 1337 1231 ‚
1356 1169 1391 1217 ut
1410 1155 1498 1219 alteri
1523 1203 1534 1234 ,
1556 1159 1627 1233 quia
1646 1162 1676 1224 ei
1692 1160 1833 1239 amicus,

261 1232 333 1297 binc
354 1232 488 1299 violatio
505 1236 592 1298 buius
609 1231 733 1298 iustiriae
750 1232 787 1298 fit
807 1256 860 1313 per
884 1232 1025 1313 persona·
1060 1234 1320 1315 consanguineus,
1343 1230 1499 1299 familiaris
1508 1234 1626 1304 leviora
1637 1241 1832 1318 contingant.

261 1334 331 1377 rum
346 1319 578 1393 acceptionem,
602 1334 710 1391 nempe
730 1318 850 1391 quando
870 1318 903 1377 in
930 1314 1025 1380 bono·
1062 1313 1198 1393 Quisque
1228 1316 1310 1377 enim
1334 1315 1380 1377 ius
1409 1313 1501 1379 habet
1530 1335 1569 1379 ne
1594 1318 1659 1394 plus
1678 1323 1757 1396 aequi
1778 1317 1832 1384 isi

258 1414 329 1459 rum
349 1399 556 1460 communium
579 1393 789 1459 distributione
810 1416 873 1459 non
893 1395 1026 1460 attendi·
1061 1397 1243 1477 gravamina
1261 1398 1476 1474 imponantur,
1495 1398 1756 1472 quodneceslario
1772 1343 1836 1477 pia·

260 1488 312 1536 tur
334 1472 456 1553 caussa,
482 1473 533 1538 seu
555 1474 664 1539 titulus
687 1497 742 1539 cur
759 1477 868 1552 aliquis
889 1477 954 1552 plus
970 1477 1025 1537 mi·
1062 1497 1100 1542 rie
1116 1479 1275 1555 continget
1296 1521 1304 1550 ,
1326 1473 1446 1550 quando
1461 1496 1523 1539 non
1544 1475 1684 1543 servetur
1707 1482 1835 1555 aequita-

260 1550 358 1618 nusve
381 1558 516 1631 recipere
541 1554 676 1631 debeat,
707 1554 756 1620 sed
781 1555 870 1632 ipsius
891 1556 1025 1633 personae
1062 1562 1101 1623 tis
1118 1558 1277 1634 proportio
1294 1555 1409 1618 viribus
1428 1552 1575 1633 cuiusque
1594 1577 1680 1635 sequa
1702 1559 1835 1623 lanceli-

258 1632 416 1711 eonditio,
432 1634 505 1697 nihil
525 1634 562 1697 ad
587 1635 757 1710 praedienm
781 1633 1026 1700 distributionem
1060 1638 1175 1704 bracis.
1199 1636 1238 1697 Et
1261 1630 1431 1697 huiusmodi
1448 1632 1643 1712 personarum
1663 1636 1834 1716 acceptiofi

260 1708 396 1791 iaciens,
412 1733 449 1778 ut
466 1715 485 1776 ii
503 1717 664 1794 Princeps,
688 1733 742 1778 aut
759 1715 912 1780 Praelatus
935 1710 1026 1779 onais·
1062 1718 1118 1783 fiat
1134 1738 1204 1782 cum
1221 1719 1306 1793 gravi
1322 1714 1508 1779 detrimento
1522 1736 1630 1781 eorum
1641 1716 1751 1795 'quibus
1768 1717 1834 1795 psit

259 1793 298 1857 sis
325 1793 512 1869 dignioribus
535 1792 675 1861 conferat
692 1799 791 1859 minus
813 1796 841 1858 di
863 1799 908 1858 nis
924 1795 1025 1859 officia
1061 1820 1149 1874 aequo
1163 1816 1258 1861 onera
1278 1797 1502 1873 imponuntur,
1529 1796 1574 1860 est
1594 1798 1735 1862 mortalis
1755 1818 1826 1863 cum

261 1873 450 1950 Reipublicae
465 1918 485 1953 ,1
506 1877 556 1939 vel
586 1875 726 1943 Ecclesia
755 1817 929 1952 meseia,
956 1880 1025 1952 quia
1061 1880 1165 1942 debito
1193 1872 1394 1941 restitutionis
1427 1874 1551 1940 illatum
1576 1874 1719 1943 damnum
1744 1896 1826 1943 com·

259 1952 331 2019 sunt
352 1953 588 2035 consanguinei,
610 1975 663 2020 aut
689 1959 797 2033 amici,
821 1957 870 2020 vel
899 1960 931 2019 in
958 1977 1025 2034 gra·
1063 1958 1231 2038 pensando.

260 2038 340 2099 tiam
361 2034 487 2099 alicuius
507 2035 738 2115 consanguinei,
759 2039 865 2112 amici,
889 2035 939 2101 vel
957 2037 1025 2099 Ma·
1102 2040 1187 2102 Nota
1205 2056 1232 2100 i.
1250 2054 1347 2100 onera
1370 2034 1537 2103 &tributa
1559 2039 1602 2100 im
1623 2038 1674 2101 oni
1706 2037 1830 2117 possunt
1846 2026 1972 2105 ΨΜ·

262 2117 383 2207 gnatis.
399 2115 486 2202 Num
507 2136 600 2194 vero,
620 2116 654 2182 δι
673 2117 792 2192 quando
819 2117 889 2179 talis
912 2113 1027 2183 iniusti·
1063 2116 1121 2185 luis
1137 2116 1288 2183 subditisa
1306 2115 1490 2192 Principibus
1518 2058 1682 2197 omnibus,
1705 2122 1755 2197 qui
1775 2109 1895 2210 Swss,
1919 2107 1977 2213 “⁸12⁴

264 2212 327 2271 tia,
348 2193 396 2259 seu
417 2198 550 2270 personae
567 2200 706 2289 acceptio
722 2216 880 2273 peccatum
900 2195 967 2274 sit«,
993 2196 1026 2261 ἃ
1064 2204 1213 2277 periorem
1231 2218 1292 2260 non
1309 2192 1474 2274 agnoscunt
1513 2216 1548 2261 ut
1558 2197 1749 2280 Imperator,
1769 2199 1833 2265 Re·
1848 2173 1911 2274 diri:
1926 2221 1975 2275 in·

261 2276 386 2419 {nando
410 2277 498 2352 possit
520 2276 721 2340 reslitutionis
745 2276 962 2358 obligationem
982 2271 1028 2341 as·
1063 2299 1114 2359 ges
1128 2298 1253 2356 omnes,
1268 2274 1408 2353 quadam
1423 2245 1638 2357 Respublica,
1671 2300 1707 2345 ac
1725 2281 1833 2345 crateri
1849 2298 1946 2352 renen

293 2375 359 2433 ire,
376 2373 412 2420 ut
428 2353 547 2421 facilius
564 2355 826 2436 deprehendatur,
1064 2356 1269 2424 huiuscemodi
1286 2379 1292 2391 ·
1315 2375 1421 2421 omnes
1440 2356 1487 2420 illi
1506 2361 1556 2434 qui
1576 2356 1714 2425 seudaab
1729 2357 1836 2424 blsac·
1852 2346 1961 2417 ΝΜ

206 2472 247 2525 ,50
301 2434 538 2501 advertendum
552 2437 588 2502 ad
598 2454 756 2515 peccatum
766 2438 1027 2516 acceptionisper·
1063 2460 1172 2517 cepere
1187 2460 1256 2503 curn
1276 2404 1427 2501 sacultate
1451 2438 1627 2514 imponendi
1658 2437 1775 2505 tributa
1799 2438 1838 2505 ad

207 2529 244 2596 ’..,
262 2510 343 2582 sonae
364 2516 426 2581 duo
445 2520 574 2596 requiri,
596 2539 622 2581 r.
642 2536 676 2582 ut
696 2516 893 2597 officiorum,
922 2537 1028 2584 mune·
1065 2524 1213 2587 terminos
1233 2514 1451 2594 concessionis,
1471 2535 1507 2582 ut
1524 2518 1652 2598 Duces,
1678 2517 1837 2585 Marouio-

264 2620 332 2664 rum
351 2642 360 2677 ,
376 2596 650 2677 beneficiorumque
676 2599 854 2666 dislribiitor
882 2616 1029 2666 teneatur
1059 2624 1119 2668 nes
1141 2650 1150 2679 ,
1179 2600 1293 2674 aliique
1317 2598 1469 2673 Principes
1494 2645 1504 2676 ,
1540 2602 1591 2675 qui
1619 2599 1671 2664 vel
1701 2618 1736 2664 ut
1756 2597 1836 2665 dice·

217 2677 231 2743 s
263 2700 304 2744 ex
319 2675 437 2744 iustitia
454 2680 506 2743 vel
523 2699 594 2761 erga
614 2679 864 2758 Rempublicam‚
885 2682 937 2746 vel
957 2700 1029 2759 erga
1064 2683 1135 2748 bam
1152 2679 1332 2745 facultatem
1361 2696 1378 2740 a
1398 2674 1537 2753 supremo
1556 2681 1693 2754 Principe
1713 2697 1835 2757 recepe·

265 2760 398 2825 subditos
418 2754 620 2837 distribuere,
648 2765 720 2838 qnia
742 2762 823 2829 bona
843 2783 911 2841 quas
931 2760 1029 2823 distri·
1065 2785 1098 2829 re
1111 2806 1121 2842 ,
1133 2762 1232 2827 velex
1249 2759 1385 2837 legitima
1401 2754 1617 2821 consuetudine
1628 2759 1748 2824 tascius
1759 2779 1836 2835 prae·

233 2921 234 2924 Ἴ
260 2838 346 2916 buit,
367 2857 429 2904 non
449 2838 501 2904 sua
524 2839 592 2905 sunt
610 2889 619 2918 ,
640 2843 687 2903 led
710 2842 927 2919 Reipublicae,
955 2837 1029 2903 idest
1064 2842 1231 2920 scripsere·
1257 2838 1339 2900 ltem
1368 2856 1474 2901 omnes
1502 2838 1751 2904 communitates
1777 2858 1833 2915 pro
1864 2843 1866 2847 ’

258 2922 452 2998 corninunia;
472 2919 726 2984 &huiuscemodi
747 2923 850 2998 aliquo
863 2919 1028 2986 modofieri
1066 2922 1238 2989 necessariis
1257 2912 1395 2995 expensis
1420 2919 1450 2978 in
1466 2917 1696 2984 communitate
1717 2964 1727 2996 ,
1754 2934 1831 2995 puta

260 3002 384 3082 possunt
400 2999 483 3065 bona
497 3000 698 3066 distribuenda
719 3007 814 3066 etiam
842 3023 881 3067 ex
902 3001 1029 3065 deslina·
1066 3005 1101 3072 ad
1123 2998 1334 3069 restaurandos
1366 3019 1467 3061 muros
1487 3047 1496 3076 ,
1520 3017 1630 3076 pontes
1658 2996 1718 3065 &o
1748 2999 1835 3063 dum-

263 3084 350 3149 tione
369 3084 451 3157 eius,
472 3084 524 3157 qui
547 3083 600 3145 illa
620 3081 795 3159 distribuit,
814 3101 849 3147 ut
867 3083 888 3146 si
910 3080 1031 3158 quislu·
1066 3083 1157 3149 niodo
1175 3098 1279 3146 tamen
1298 3095 1353 3146 aut
1370 3099 1494 3158 omnes,
1510 3097 1564 3145 aut
1572 3080 1668 3145 maior
1685 3098 1837 3158 parscon·

262 3160 509 3228 dosinllitueret
530 3161 687 3240 propositis
710 3167 861 3241 praemiis,
882 3181 1032 3227 tiinccer·
1068 3167 1196 3230 veniat.
1218 3161 1269 3225 Sic
1286 3162 1364 3248 Papa
1383 3179 1436 3234 per
1457 3177 1556 3224 totam
1571 3157 1733 3225 Ecclesiam
1753 3206 1762 3235 ,
1784 3175 1838 3235 pei·
1915 3189 1926 3204 -

260 3257 295 3309 te
320 3264 360 3307 ex
388 3238 506 3306 iustitia
523 3245 645 3317 premii
675 3245 842 3309 viantibus
870 3243 966 3308 essent
988 3242 1032 3304 di·¹
1066 3264 1169 3311 totam
1189 3243 1352 3304 Dioscelim
1371 3237 1535 3317 Episcopus
1555 3287 1565 3318 ,
1593 3237 1613 3302 si
1640 3239 1671 3305 id
1698 3259 1775 3316 opus
1794 3236 1834 3304 sit

260 3320 445 3388 ssribuenda.
478 3340 506 3382 a.
530 3321 623 3386 Utin
648 3321 854 3390 dislribiiendo
884 3321 1032 3400 lpesletur
1067 3346 1121 3404 pro
1142 3321 1288 3401 spirituali
1309 3318 1562 3401 bonoEcclesiae,
1584 3341 1613 3386 v.
1635 3343 1664 3400 g.
1687 3319 1725 3384 ad
1745 3336 1834 3397 repa·

261 3405 367 3482 aliqua
388 3399 520 3480 personae
536 3405 674 3469 conditio
694 3406 770 3468 niliil
796 3404 834 3469 ad
849 3403 1032 3467 distributio·
1067 3397 1353 3477 randasEcclcsias,
1375 3401 1411 3463 ad
1428 3399 1579 3466 minissros
1599 3401 1740 3466 alendos.

260 3481 479 3558 nemsaciens,
503 3482 622 3560 &quar
644 3485 830 3549 nonreddat
849 3505 948 3561 eum,
982 3484 1031 3546 cui
1106 3485 1194 3548 Nota
1214 3501 1239 3542 a.
1259 3484 1381 3543 nomine
1400 3477 1509 3544 subditi
1520 3482 1593 3560 ,cui
1610 3494 1704 3545 onera
1721 3479 1839 3558 imponi

262 3561 462 3638 beneficium,
483 3567 533 3625 vel
556 3563 692 3628 officium
712 3565 803 3629 datur
827 3598 836 3642 i
862 3566 1032 3644 digniorem
1068 3565 1210 3642 possunt,
1225 3560 1388 3624 censentur
1404 3581 1465 3623 non
1483 3558 1578 3624 solnm
1600 3564 1620 3622 ii
1640 3608 1648 3636 ,
1665 3562 1716 3636 qui
1738 3559 1838 3622 domi-¹
1900 3562 1902 3567 '

262 3641 402 3709 Ecclesiae
418 3642 468 3707 vel
495 3643 684 3719 Reipublicae
706 3646 862 3709 utiliorem
881 3668 890 3714 ;
920 3645 970 3706 vel
999 3644 1032 3703 in
1066 3642 1173 3710 cisium
1192 3646 1224 3705 in
1244 3640 1364 3705 ditione
1385 3657 1514 3715 tenent,
1529 3639 1577 3704 sed
1598 3641 1643 3702 illi
1653 3642 1769 3714 etiam,
1784 3637 1839 3713 qui

261 3726 488 3802 provocatione
517 3723 657 3784 ludorum
687 3745 747 3787 non
777 3722 872 3789 suerit
894 3723 1030 3788 visirix·
1068 3730 1153 3791 intra
1174 3720 1307 3786 eiusdem
1325 3717 1459 3784 confinia
1479 3718 1558 3784 bona
1578 3715 1756 3794 possident,
1786 3714 1838 3780 vel

261 3804 369 3880 Quare
387 3807 417 3863 in
440 3802 541 3864 Deum
562 3821 625 3863 non
648 3802 743 3877 potest
765 3806 872 3868 cadere
893 3804 1034 3880 acceptio
1067 3801 1242 3874 contianus
1265 3805 1373 3863 ineunt
1393 3839 1402 3876 ,
1419 3800 1469 3865 vel
1497 3798 1570 3862 illuc
1592 3793 1837 3875 pertranseunt,

258 3882 484 3963 personarum,
508 3880 577 3944 litet
597 3901 636 3944 ex
659 3881 773 3945 duobus
794 3883 955 3959 aequaliter
976 3879 1033 3945 dis·
1067 3905 1138 3952 cum
1155 3883 1308 3949 tributum
1324 3881 1438 3958 imponi
1465 3896 1559 3954 queat
1591 3881 1713 3942 ratione
1740 3876 1839 3941 domi·

263 3962 391 4040 positis,
418 3962 480 4024 imo
495 3961 658 4040 indigniori
679 3957 818 4026 conserat
831 3966 950 4025 maiora
966 3978 1032 4040 gra·
1066 3966 1154 4043 cilii,
1170 3950 1353 4040 possessionis
1387 3955 1582 4036 contradus,
1599 3957 1633 4023 dc
1650 3952 1818 4022 transitus.

262 4047 315 4108 tiae
338 4038 477 4118 auxilia,
498 4061 525 4104 ii
544 4045 616 4118 quia
634 4041 921 4120 neminiqiiidquam
936 4043 1032 4117 deber,
1107 4044 1194 4108 Nota
1216 4057 1245 4122 3i
1270 4055 1306 4104 ut
1330 4039 1445 4104 rsibuta
1461 4038 1539 4102 iulle
1562 4040 1676 4115 imponi
1697 4053 1839 4113 queant,

259 4141 288 4184 a.
311 4125 386 4199 quia
415 4119 530 4201 semper
563 4119 654 4185 habet
685 4119 874 4187 iustissimam
902 4122 1034 4186 caussam
1068 4127 1165 4190 multa
1181 4141 1362 4186 concurrere
1383 4118 1522 4195 debent,
1547 4140 1574 4181 i.
1605 4137 1711 4196 nempe
1734 4114 1840 4181 caussa

265 4224 319 4266 cur
335 4201 428 4265 alteri
449 4223 545 4265 unum
563 4198 728 4281 praeferat,
748 4219 783 4267 ut
800 4207 931 4280 gratiam
951 4201 1034 4264 luam
1069 4203 1238 4281 sufficiens,
1255 4199 1327 4265 idest
1350 4199 1467 4276 publica
1489 4196 1667 4276 necessitas,
1683 4192 1839 4276 quaesem·
1925 4264 1928 4272 ,

265 4284 360 4361 magis
379 4282 573 4347 commendet
592 4331 601 4359 ,
622 4299 647 4360 3.
664 4287 732 4360 quia
751 4280 940 4360 praeserendo
958 4279 1034 4343 indi·
1069 4306 1122 4363 per
1144 4283 1215 4348 talis
1236 4281 1278 4345 ell
1294 4281 1413 4357 quando
1431 4295 1539 4358 agatur
1556 4280 1593 4343 de
1609 4276 1844 4361 publicobono,

265 4381 357 4441 gnum
373 4357 448 4425 facit
471 4364 558 4425 illum
575 4363 772 4441 digniorem:
802 4365 900 4427 maior
920 4364 1002 4426 enim
1027 4409 1036 4438 ,
1071 4382 1143 4443 puta
1164 4383 1217 4441 pro
1228 4360 1401 4438 reparandis
1415 4363 1558 4439 mimmii,
1579 4357 1762 4434 &urbibus,
1784 4376 1840 4433 pro

262 4442 314 4507 vel
330 4444 432 4505 minor
446 4441 568 4506 bonitas
593 4448 736 4521 provenit
762 4458 801 4510 ex
817 4446 955 4522 maiori,
983 4443 1032 4507 vel
1070 4443 1272 4509 retributione
1297 4439 1455 4504 tribuenda
1476 4442 1599 4518 Legatis
1627 4460 1646 4504 a
1675 4440 1839 4514 Principe,

266 4523 375 4585 minori
417 4528 514 4587 tatia.
1070 4522 1216 4602 iudicibus
1233 4521 1268 4583 ad
1288 4518 1383 4594 lites,
1410 4519 1525 4583 aliasve
1553 4517 1741 4584 subditorum
1764 4537 1841 4582 con-

303 4545 540 4667 Dislribuiiones
568 4625 647 4670 vero
666 4653 676 4683 ,
698 4604 730 4665 in
758 4603 865 4680 quibus
886 4605 1035 4682 precipue
1070 4600 1234 4672 troversias
1250 4598 1449 4674 dirimendas,
1464 4598 1731 4664 Gubernatoribus
1749 4599 1844 4660 inor*

262 4680 368 4747 sotum
395 4682 505 4747 babere
534 4683 634 4760 potest
664 4681 857 4765 personarum
894 4687 1035 4760 acceptio
1068 4685 1154 4750 bibus
1162 4726 1181 4824 e
1208 4678 1511 4758 defignrniducibur
1530 4680 1632 4758 belli,
1659 4679 1780 4742 militiae
1801 4673 1842 4738 ad

265 4759 332 4826 sunt
351 4760 591 4839 distributiones,
616 4787 643 4828 i.
664 4783 819 4839 onerum,
846 4765 896 4827 scii
917 4763 1036 4841 imposi·
1069 4763 1160 4827 dcsen
1173 4780 1275 4827 ionem
1291 4758 1386 4826 slatus
1407 4777 1518 4827 contra
1536 4759 1665 4825 bostium
1683 4779 1718 4836 ag
1739 4752 1841 4819 ressio·

266 4843 386 4936 tionum
407 4843 594 4921 Reipublicae
612 4861 663 4924 ,κ
682 4841 813 4909 eiusdem
833 4842 1004 4910 officiorum
1025 4889 1035 4921 ,
1070 4863 1151 4919 nes,
1176 4862 1230 4919 pro
1246 4840 1411 4907 honorifica
1440 4837 1529 4920 ipsius
1555 4840 1702 4933 Principis
1720 4780 1837 4927 sussen·

266 4933 295 5002 3.
315 4942 426 4986 iurium
445 4973 453 5002 ,
468 4947 497 5003 4.
513 4924 730 4991 beneficiorum
746 4923 1035 5004 ecclesiasticorum,
1070 4926 1208 4987 tatione.
1225 4941 1254 4982 a.
1276 4921 1385 4986 Debita
1395 4924 1573 5000 proportio,
1594 4917 1738 4985 ”desset
1750 4927 1841 5005 sum

267 5022 294 5081 5.
317 5003 350 5067 in
373 5003 497 5090 honori,
512 5007 722 5072 exhibitione,
1070 5001 1258 5066 subditorum
1279 5005 1362 5066 vires
1382 4999 1481 5080 ‚idesl
1500 4999 1662 5067 facultates
1682 5045 1690 5074 ,
1714 4993 1842 5137 'alim

301 5103 333 5148 s·
355 5082 392 5149 ln
407 5084 666 5156 distributionibus
692 5107 829 5158 onerum-
842 5084 1032 5168 scirnisca
1070 5081 1229 5151 tw&
1248 5081 1340 5152 utilia
1361 5080 1599 5162 suaeeoffident·
1620 5073 1783 5220 Ethums'

868 5204 871 5213 ,
1759 5171 1801 5219 ri·
