4425 6000
221 4016 242 4029 ..
334 3972 410 4033 ellet
438 3965 477 4031 ab
503 3970 587 4033 ornni
608 3989 628 4030 u

403 521 481 591 2²4
664 498 1598 587 Tarauna‚Cou.rrtaca.·Car.Vl.

347 596 448 663 dando
463 617 571 665 mutuo
586 594 692 664 deduci
713 597 799 675 possit
819 601 851 661 in
870 599 985 677 pastum
1000 600 1112 664 condo·
1148 605 1361 679 mutuatario,
1391 623 1427 669 ut
1450 610 1477 669 ei
1504 603 1661 683 conserat,
1689 611 1741 681 vel
1767 630 1919 689 procuret

347 685 436 744 natio
458 683 595 758 iniuriae,
617 676 653 742 ad
670 699 761 756 quam
774 677 1033 763 condonationem
1050 701 1111 744 non
1148 679 1301 758 officium,
1322 683 1502 757 beneficium
1517 684 1578 750 &o
1596 685 1629 748 in
1644 692 1918 764 consideratiorem

346 759 511 824 tenebatur
531 762 739 825 mutuatarius
762 779 818 825 nec
839 780 881 824 ex
897 759 1032 838 iustitia,
1054 781 1110 825 nec
1149 760 1333 827 solummodo
1354 767 1519 840 amicitiae,
1544 787 1633 840 quam
1654 770 1735 849 init,
1756 795 1813 839 nec
1835 774 1918 846 lacu,

345 860 385 905 ex
405 841 576 915 charitate,
601 841 649 904 sed
669 842 716 903 ius
735 838 864 906 habebat
884 839 1022 921 exigendi
1041 846 1111 907 vin·
1146 862 1187 905 ex
1209 841 1310 905 debito
1331 843 1454 907 iullitiae
1479 842 1518 908 ob
1542 866 1683 911 mutuum
1709 856 1788 927 qnod
1808 858 1838 917 ei
1860 862 1918 919 tri·

345 915 475 998 distam',
489 918 540 984 len
556 918 789 985 latislasiionem
806 940 858 997 per
880 920 1027 998 publicam
1052 923 1108 985 Po·
1147 920 1233 995 buit,
1253 918 1393 996 statuunt
1412 925 1474 995 tale
1491 924 1610 998 pallum
1626 945 1689 991 nnn
1700 932 1766 996 ‘eil'e
1783 931 1920 1009 specula·

345 1002 509 1066 teilatem:
537 1002 573 1069 dc
600 999 740 1076 equidem
758 996 780 1060 si
799 1003 866 1076 quis
888 1002 1110 1068 condemnatus
1147 1006 1214 1065 tite
1232 1003 1419 1079 ulutatium,
1438 1003 1507 1074 licet
1525 1009 1556 1066 in
1572 1011 1656 1081 praxi
1676 1013 1858 1089 regulariter
1874 1018 1919 1079 lo-

344 1082 473 1146 clsttin
491 1083 624 1159 pecuniis
640 1079 678 1143 ob
694 1082 837 1143 iniuriam
857 1080 949 1145 alteri
974 1081 1110 1160 illatam,
1145 1080 1263 1156 quendo
1283 1101 1406 1157 perraro
1430 1084 1564 1147 immune
1590 1083 1626 1150 lit
1648 1086 1686 1151 ab
1707 1089 1820 1158 usura:
1847 1095 1916 1162 ideo

344 1161 449 1242 procul
470 1162 561 1226 dubio
589 1156 679 1225 usura
699 1156 774 1222 esset
804 1160 929 1225 illarum
952 1160 1108 1227 condona·
1145 1161 1309 1224 admonent
1325 1158 1530 1226 abstinendum
1545 1165 1606 1230 else
1623 1166 1661 1231 ab
1677 1168 1847 1237 huiusmodi
1865 1196 1917 1250 9²·

344 1247 458 1307 tionem
479 1243 680 1305 obmutnum
696 1242 837 1317 eirigete,
858 1244 929 1316 quia
956 1239 1012 1306 hoc
1032 1242 1108 1306 esset
1144 1237 1220 1311 siis,
1241 1243 1311 1316 quia
1335 1239 1380 1303 his
1406 1237 1579 1317 frequentet
1605 1248 1771 1323 palliantur
1796 1248 1916 1335 usurae,

342 1324 425 1387 velle
446 1325 628 1400 extinguere
642 1317 778 1386 debitum
795 1324 1009 1397 pecuniarum,
1028 1320 1108 1397 quod
1144 1317 1177 1383 δι
1197 1320 1356 1390 simoniae;
1376 1322 1446 1395 quia
1466 1320 1584 1386 tametsi
1601 1334 1809 1395 mutuatarius
1826 1351 1916 1397 exre.

342 1404 431 1480 plane
450 1402 531 1465 idem
550 1400 626 1472 esset
647 1420 683 1464 ac
705 1397 786 1461 velle
807 1404 965 1474 pecuniam
985 1416 1108 1477 propter
1144 1401 1206 1464 tius
1226 1400 1307 1463 dicat
1329 1398 1357 1462 le
1375 1399 1565 1476 liberaliter,
1584 1403 1618 1468 ἀ
1637 1426 1676 1470 cx
1702 1413 1840 1476 amicitia
1860 1414 1915 1478 dor

342 1503 504 1557 mutuum,
521 1497 556 1547 ut
574 1496 665 1545 notat
673 1478 782 1555 Sotm,
798 1481 851 1554 qui
859 1478 947 1545 docet
963 1484 1058 1550 etiam
1070 1480 1106 1541 li·
1144 1499 1234 1547 nare.
1261 1499 1334 1543 vere
1353 1481 1402 1543 ιιι·
1416 1479 1580 1560 plurimum
1605 1505 1668 1549 non
1686 1486 1832 1568 confert,
1858 1483 1913 1556 nili

340 1567 437 1645 citum
457 1563 516 1626 elle
536 1560 631 1625 talem
658 1558 921 1624 condonationem
947 1579 1106 1636 procurate
1144 1556 1323 1626 necessitate
1332 1556 1455 1624 corilus
1466 1569 1801 1644 mutuumrecipiendi.
1819 1570 1913 1649 Quod

340 1665 404 1711 non
424 1642 545 1721 quidem
564 1638 739 1706 immediate
755 1638 796 1702 ob
816 1656 979 1717 mutuum,
1002 1637 1050 1714 sed
1068 1641 1106 1703 ti·
1142 1636 1164 1703 sl
1184 1660 1203 1701 e
1223 1656 1333 1702 contra
1357 1637 1495 1704 officium
1520 1640 1689 1722 iaculare,
1712 1648 1760 1711 vel
1788 1652 1914 1722 privile·

341 1724 410 1789 tulo
438 1722 608 1796 amicitiae,
633 1739 702 1795 quae
732 1718 854 1786 ratione
879 1721 976 1786 etiam
1004 1722 1104 1785 mutui
1161 1722 1225 1791 ium
1241 1736 1386 1795 petatur,
1416 1737 1453 1782 ut
1480 1725 1616 1797 pretium
1635 1728 1805 1803 mutui,&
1828 1736 1858 1794 vi
1876 1732 1913 1794 il.-

339 1799 616 1870 contrasla'suilset
630 1845 639 1877 ,
652 1797 687 1865 δι
705 1816 743 1862 eo
758 1796 850 1862 modo
871 1819 1034 1875 procurare
1058 1818 1105 1864 te·
1142 1739 1199 1864 sors
1216 1798 1392 1868 immediate
1408 1815 1445 1869 ut
1464 1797 1601 1866 debitum
1616 1823 1656 1867 ex
1678 1806 1813 1883 iustitia,
1836 1807 1910 1878 turre

340 1881 508 1947 militonem
536 1880 677 1956 iniuriae,
707 1875 926 1954 depositionem
956 1878 1019 1943 odii
1038 1927 1049 1956 ,
1070 1877 1105 1946 &
1140 1878 1326 1957 generaliter
1346 1876 1497 1952 loquendo
1513 1879 1629 1954 paslum
1647 1883 1721 1949 illnd
1740 1885 1783 1949 cil
1805 1888 1912 1956 usura·

341 1965 495 2036 rancoris,
514 1959 547 2026 δι
568 1958 608 2023 sic
626 1958 833 2026 conciliantur
855 1961 1023 2024 contratiae
1040 1959 1104 2023 l'en·
1141 1960 1238 2034 rium,
1254 1957 1394 2034 quidquid
1412 1960 1443 2019 in
1459 1964 1649 2026 contrarium
1668 1963 1773 2030 dicant
1801 1969 1924 2036 Petun-

340 2046 450 2110 tentiae
479 2038 630 2105 notiores
657 2041 689 2101 in
718 2037 773 2101 tali
798 2034 967 2116 pmpolito,
995 2058 1103 2116 nempe
1141 2037 1321 2115 Navattue,
1352 2036 1525 2114 Adrianus,
1548 2041 1662 2106 aliive.
1689 2046 1844 2111 Audiatur
1868 2050 1906 2112 D.

340 2122 418 2201 quod
438 2121 573 2200 obligate
593 2120 818 2184 mutuatarlum
839 2114 959 2194 precise
981 2116 1021 2183 ob
1039 2139 1103 2188 rnu-
1141 2116 1304 2196 Thomas,
1326 2118 1383 2194 ‚qui
1403 2138 1474 2181 cum
1497 2126 1651 2184 communi
1673 2125 1701 2186 id
1716 2127 1798 2189 clare
1817 2126 1909 2196 docet

337 2220 449 2278 tuum,
465 2200 537 2266 idell
554 2219 593 2264 ex
611 2199 696 2279 patto
711 2195 835 2286 inllitiae
851 2200 886 2263 ad
902 2197 1102 2268 condonatio·
1137 2196 1236 2279 Opust.
1254 2217 1303 2263 at·
1331 2194 1370 2263 ad
1386 2195 1542 2265 Duciisam
1561 2199 1736 2271 Brabantiae
1758 2209 1854 2287 qua-fl.
1879 2229 1905 2287 5.

339 2303 410 2348 nem
438 2285 583 2358 iniuriae,
611 2278 661 2348 seu
689 2275 917 2358 satissaiiionis,
943 2285 1102 2358 quamius
1137 2278 1204 2348 dab.
1231 2301 1259 2348 a.
1282 2278 1334 2347 ubi
1352 2275 1393 2372 fic
1413 2281 1484 2345 ait.-
1511 2283 1599 2365 Quod
1611 2287 1645 2364 ſs·
1659 2284 1709 2351 bat
1728 2290 1813 2366 paceio
1842 2310 1909 2353 ma·

339 2363 431 2430 habet
453 2363 593 2442 exigendi
609 2383 649 2427 ex
669 2360 791 2441 publica
810 2361 914 2428 iudicis
932 2360 1101 2445 potestate,
1137 2372 1222 2426 luam
1242 2362 1316 2429 dani
1335 2371 1370 2425 ai
1388 2359 1513 2441 efficium
1532 2363 1696 2445 accipiant,
1722 2367 1832 2448 aisque
1850 2371 1905 2444 dar

338 2443 372 2511 ἀ
389 2444 519 2520 iudicio,
536 2445 680 2508 illicitum
695 2439 754 2519 fit,
772 2438 806 2506 δι
823 2439 1010 2520 usurarium,
1028 2450 1101 2522 quia
1136 2439 1313 2532 bio-pessum
1329 2441 1367 2532 μβ
1386 2435 1575 2522 usurarium,
1590 2445 1661 2522 susa
1674 2465 1725 2525 pro
1742 2461 1846 2513 mutuo
1861 2470 1905 2524 eci

338 2524 543 2600 condonatio,
570 2544 659 2600 quam
685 2520 733 2584 hic
747 2539 894 2586 mutuans
912 2523 1045 2589 intendit
1069 2529 1100 2589 in
1136 2536 1248 2602 captant
1270 2523 1355 2601 affico
1377 2524 1559 2611 poagiatem,
1591 2527 1669 2590 unde
1687 2526 1720 2591 in
1745 2528 1796 2594 hoc
1815 2529 1907 2594 dritta

338 2604 437 2668 dando
453 2621 582 2680 mutuo,
604 2601 636 2668 ἃ
659 2604 757 2678 pretio
772 2599 975 2680 aestimabilir;
997 2625 1101 2679 procu·
1135 2607 1178 2667 eis
1194 2604 1294 2680 eccrfio
1310 2601 1447 2680 peccandi
1463 2649 1471 2677 ,
1486 2598 1527 2672 (a
1542 2606 1596 2682 ιρβ
1612 2605 1703 2670 etiam
1719 2620 1789 2673 tunc
1806 2621 1907 2673 tener·

338 2704 407 2748 rare
423 2703 500 2749 veto
522 2684 617 2748 talem
638 2679 840 2746 remissionem
855 2678 919 2747 solo
940 2683 1044 2761 pasto,
1065 2707 1100 2751 ac
1136 2695 1186 2747 iar
1207 2685 1349 2763 refigurare
1367 2681 1454 2761 officie
1475 2681 1578 2745 taliter
1603 2686 1757 2766 acquifiio,
1788 2686 1830 2764 <a
1851 2711 1908 2770 aaa

338 2761 453 2842 soedere
471 2766 613 2829 amicitia
634 2760 677 2826 eli
698 2762 911 2841 gratitudinis,
932 2767 978 2828 ita
1005 2783 1040 2830 ut
1060 2787 1098 2831 ex
1135 2767 1229 2839 relic,
1256 2760 1401 2852 precipue
1423 2765 1451 2841 ſs
1468 2764 1672 2827 mutuatarius
1686 2766 1811 2848 officiam
1832 2768 1910 2836 iliad

337 2843 392 2908 illa
421 2846 453 2907 in
479 2844 585 2909 eodem
611 2862 720 2921 genere
743 2844 902 2922 exigatur,
930 2846 1099 2922 amicitiam
1129 2842 1186 2924 fibi
1205 2842 1439 2923 retinueram,
1462 2856 1516 2907 aut
1531 2844 1684 2922 vendere,
1704 2847 1773 2925 qaia
1796 2848 1907 2929 cogitur

338 2926 554 3003 provocando,
582 2942 618 2989 ut
643 2921 751 2999 libere,
779 2921 962 2988 &libenter
987 2928 1099 2991 iniuria
1133 2937 1281 3004 acceptare
1307 2935 1422 3003 propter
1441 2936 1579 2988 mutuam
1603 2946 1717 2989 novum
1744 2951 1838 3006 onus,
1868 2926 1907 2996 Φ·

337 3005 545 3081 condonetur,
563 3005 683 3069 licitum
697 3002 760 3080 esi,
787 2993 822 3068 a‘c
839 3003 877 3067 ab
899 3002 996 3071 usura
1018 3010 1099 3083 vitio
1133 3005 1271 3083 quamvis
1299 3005 1389 3073 veliet
1413 3003 1492 3068 illud
1510 3004 1606 3085 gratis
1634 3006 1727 3071 elicui
1755 3008 1906 3090 conferre,

338 3088 492 3158 immune,
515 3088 586 3161 quia
611 3102 684 3149 tunc
708 3084 789 3150 licet·
808 3083 921 3163 honor,
940 3084 974 3151 ἃ
995 3084 1097 3162 sama,
1129 3083 1425 3163 privatoriarum
1444 3083 1501 3161 sua
1520 3086 1563 3161 ud
1587 3083 1671 3149 libere
1692 3086 1904 3166 conferenda

335 3169 422 3229 euius
438 3162 565 3228 laeiionis
582 3166 841 3229 condonationem
857 3165 1012 3246 intendit,
1032 3166 1098 3245 pos-
1132 3167 1180 3230 cut'
1203 3165 1318 3241 velut,
1345 3164 1427 3240 quod·
1439 3164 1567 3240 pariter
1584 3166 1622 3246 est
1648 3187 1791 3245 magnum
1810 3190 1901 3233 onas.

337 3243 396 3309 fint
418 3247 546 3322 pecunia
563 3243 720 3320 aellimati,
740 3262 844 3308 tamen
860 3264 898 3307 ex
915 3264 1025 3313 natura
1045 3244 1097 3314 sua
1132 3247 1180 3309 Sic
1201 3246 1310 3323 Lugo,
1330 3241 1463 3320 Ltilins,
1487 3244 1691 3327 Reginaldus,
1713 3267 1748 3313 ac
1768 3249 1905 3315 salman·

313 3327 403 3388 ‚iure
424 3326 568 3390 amicitia
588 3321 685 3388 solent
706 3323 890 3387 condonari.
911 3323 950 3390 Et
971 3326 1028 3391 hoc
1043 3349 1097 3392 va·
1133 3323 1277 3387 ticenses.

336 3406 381 3468 let
400 3402 516 3469 etiamst
532 3425 591 3481 pet
616 3404 721 3468 iudicis
738 3402 922 3470 sententiam
943 3405 1097 3472 adiudica·
1172 3402 1262 3468 Nota
1292 3404 1541 3480 1.·qu009st‘ln
1574 3424 1682 3473 mutuo
1701 3409 1760 3476 liat
1807 3410 1904 3477 aslum

336 3503 370 3550 ta
395 3483 496 3549 suillec
526 3485 595 3549 laeso
617 3485 789 3562 pecuniaria
818 3481 997 3563 satissaslio,
1026 3491 1096 3565 quia
1131 3482 1168 3548 de
1188 3481 1336 3553 beneficio
1356 3481 1543 3572 conserendo
1567 3494 1743 3568 mutuanti,
1765 3434 1809 3565 cll
1837 3513 1904 3568 pee-

334 3588 407 3631 tum
420 3562 543 3643 quisque
559 3562 771 3643 cederem&
794 3565 852 3627 iuti
874 3562 949 3641 suo,
966 3565 1005 3631 stc
1025 3589 1096 3631 nan·
1131 3581 1239 3631 catum
1257 3560 1356 3630 usurae
1384 3567 1488 3640 limus,
1510 3565 1543 3633 dt
1564 3565 1719 3645 simoniae‚·
1750 3568 1783 3635 ὃ(
1813 3571 1851 3635 de
1870 3568 1905 3632 st·

316 3646 491 3712 'tortarius
521 3645 619 3719 potest·
636 3646 681 3723 'ab
711 3645 768 3709 hoc
792 3663 912 3722 quoque
939 3644 1044 3712 debito
1058 3646 1097 3712 ob
1131 3647 1235 3711 monia
1258 3638 1367 3709 ueium
1390 3642 1453 3722 est,
1478 3643 1551 3713 live¹
1567 3667 1712 3713 mutuum
1733 3648 1769 3715 stt
1791 3646 1903 3727 aliqui

335 3730 478 3792 amicitia
501 3724 657 3803 affcstuma
673 3726 734 3790 uel
754 3726 846 3788 animi
872 3725 1096 3802 gtatitudioem
1133 3727 1231 3799 pretio
1248 3723 1446 3812 aestimabile,
1470 3722 1532 3787 sive
1557 3747 1639 3801 non,
1667 3748 1739 3804 cum
1753 3731 1796 3801 ‚ad
1817 3726 1903 3793 fimo·

335 3825 529 3873 mrituantesn
537 3807 732 3880 liberaliter,
755 3803 788 3869 de
809 3801 940 3881 gratiose
961 3805 1097 3873 absolve·
1132 3807 1217 3874 niam
1236 3803 1366 3872 sufficiat
1383 3821 1443 3882 ,ut
1462 3805 1571 3881 aliquid
1590 3808 1760 3883 temporale
1781 3807 1903 3887 srt,pr0

336 3911 387 3967 te,
406 3886 440 3953 δι
460 3900 648 4028 exonerate(
662 3890 711 3962 qui
730 3884 841 3947 idcirco
858 3903 1004 3949 mutuans
1020 3887 1096 3951 libet
1131 3905 1190 3961 quo
1215 3884 1308 3947 datur
1336 3881 1537 3960 beneficium,
1564 3883 1599 3950 δι
1629 3904 1705 3959 tunc
1722 3884 1901 3970 beneficium

642 3963 831 4038 urae-culpa.
863 3962 1004 4033 haeum
1025 3963 1096 4031 bes-
1131 3985 1200 4027 cum
1217 3962 1360 4052 srusiibus
1378 3964 1609 4052 relinquendum
1625 3964 1900 4044 eil,coquiacol·

256 4080 259 4087 ·
291 4074 294 4079 ·
334 4044 1096 4129 iio,aliisveSalmapticenl'es,quitamenadvet-
1132 4044 1209 4108 latio
1229 4043 1392 4106 simoniaca
1413 4044 1498 4117 nulla
1515 4045 1578 4106 iit.

335 4145 409 4193 tunt
436 4148 498 4191 non
524 4132 570 4190 ita
599 4122 689 4191 facila
717 4118 932 4189 resumendum
962 4125 999 4190 ad
1030 4127 1095 4191 haec
1172 4123 1260 4209 Nota
1280 4140 1308 4184 2.
1328 4123 1391 4186 else
1418 4126 1513 4186 ctiam
1539 4120 1657 4189 usuram
1684 4148 1754 4191 cum
1782 4125 1897 4206 patio,

332 4211 480 4273 amicitiai
509 4204 612 4285 pasta,
633 4206 707 4281 'quia
732 4198 771 4267 fic
792 4199 927 4267 faciliter
953 4205 1096 4282 palliatur
1132 4220 1167 4266 ut
1185 4203 1264 4279 alter
1278 4222 1389 4271 munus
1406 4201 1548 4280 praestet,
1570 4203 1780 4270 aut‘officium
1798 4230 1820 4269 a
1838 4207 1898 4270 lin·

315 4287 445 4366 'usura,
470 4288 504 4354 dc
529 4284 674 4358 simonia,
698 4282 821 4347 acideo
848 4286 883 4369 in·
903 4275 971 4356 soro
987 4297 1094 4352 exter·
1127 4303 1199 4362 gua,
1219 4280 1404 4363 adesseque,
1421 4306 1440 4344 a
1456 4304 1566 4345 manu:
1588 4287 1724 4365 elingua
1742 4336 1750 4361 ,
1770 4305 1807 4351 ut
1831 4288 1901 4350 allo·

332 4391 375 4434 no
411 4362 760 4442 huiusmodip'aslionea
794 4380 830 4428 ut
867 4360 1006 4440 luspesiae
1043 4388 1096 4443 pu·
1151 4367 1182 4424 ui
1215 4366 1383 4439 Principem
1409 4374 1464 4436 pro
1489 4382 1548 4452 eo,
1567 4364 1719 4443 ipsumque
1749 4367 1924 4440 laudare‚·

332 4453 479 4514 niuntut.
1181 4441 1355 4520 extollere,
1376 4440 1411 4509 ab
1433 4440 1586 4521 obsequio,
1608 4463 1642 4514 ut
1663 4445 1809 4511 exhibere
1834 4445 1900 4515 effi·

372 4521 1094 4606 insuperinquirisoletintetTheologoe,num
1131 4525 1179 4588 cia
1203 4523 1255 4585 vel
1288 4519 1368 4601 signa
1398 4524 1596 4606 particularia
1618 4527 1904 4603 amicitiae,.comi·

353 4610 453 4674 adium
469 4611 502 4669 in
525 4607 623 4670 dando
640 4621 750 4669 mutuo
767 4620 803 4667 ut
816 4606 845 4666 ei
860 4602 1017 4688 officium,
1042 4605 1093 4669 vel
1133 4604 1193 4664 tati
1212 4603 1353 4678 domum,
1376 4601 1578 4675 discooperire
1597 4624 1712 4682 caput,
1740 4603 1902 4683 salutare,

370 4687 512 4759 neficium
529 4681 723 4759 conseratur,
738 4680 919 4751 censendum
936 4681 972 4747 sit
994 4680 1094 4747 usura·
1131 4679 1192 4747 &c
1214 4703 1234 4746 a
1262 4703 1373 4758 mana,
1405 4699 1439 4745 ut
1464 4684 1564 4746 colere
1588 4686 1669 4748 illius
1690 4705 1823 4765 agrum,
1839 4687 1901 4749 luat

332 4775 429 4847 rium,
455 4762 490 4835 dt
520 4763 606 4829 sicuti
632 4765 672 4835 de
692 4765 810 4829 iniuriae
841 4762 1093 4840 condonatione,
1131 4782 1239 4837 operas
1261 4763 1306 4824 illi
1328 4761 1449 4826 dicare.
1478 4761 1526 4826 lta
1553 4760 1672 4828 usuram
1696 4769 1867 4833 commitit
1895 4811 1905 4841 ‚

330 4853 369 4913 de
390 4846 562 4915 hocetiam
582 4844 751 4922 definiunt,
781 4840 855 4906 idesl
879 4841 959 4921 quod
984 4842 1094 4907 sroffi·
1131 4842 1336 4916 qui-“drittun
1369 4838 1487 4905 medico
1516 4841 1571 4909 hoc
1601 4843 1711 4922 padio,
1732 4864 1768 4911 ut
1797 4849 1815 4911 d
1872 4860 1904 4925 at

330 4935 429 5003 aium,
451 4920 653 5002 beneficium,
679 4922 731 4988 seu
761 4922 954 5000 privilegium
975 4921 1100 5067 aliquoa
1132 4943 1267 4999 curare,
1291 4921 1324 4986 de
1355 4921 1491 4998 mederi,
1514 4925 1663 4988 advocato
1696 4944 1740 4990 ut.
1762 4942 1905 4996 tencatur

332 5016 365 5071 in
385 5005 483 5071 dando
503 5021 616 5070 minuo
632 5005 800 5069 deducatur
819 5005 851 5071 in
868 5001 1075 5079 paetum-ide
1133 4998 1297 5071 defendere
1313 5049 1322 5080 ,
1354 5001 1466 5072 tullico
1494 5020 1529 5065 ut
1553 5022 1698 5068 teneatur
1720 5011 1780 5071 iter
1812 5004 1906 5073 iacere

331 5103 477 5161 mutuant
500 5087 533 5150 in
559 5083 658 5152 dando
693 5100 804 5149 mutuo
834 5079 1003 5161 paciscatur
1029 5103 1100 5163 cum
1131 5084 1231 5152 etiarn
1250 5082 1329 5147 iuilo
1354 5085 1474 5171 pretio,
1506 5081 1586 5151 iad
1606 5083 1809 5232 haecobliglet
1828 5087 1905 5159 civi·

311 5174 314 5184 '
500 5184 503 5190 '
566 5221 576 5238 ι
1112 5190 1118 5227 :
1787 5170 1868 5249 iter,
