<?xml version="1.0" encoding="UTF-8"?>
<!DOCTYPE html PUBLIC "-//W3C//DTD XHTML 1.0 Transitional//EN"
    "http://www.w3.org/TR/xhtml1/DTD/xhtml1-transitional.dtd">
<html xmlns="http://www.w3.org/1999/xhtml" xml:lang="en" lang="en">
 <head>
  <title>
</title>
<meta http-equiv="Content-Type" content="text/html;charset=utf-8" />
  <meta name='ocr-system' content='tesseract 3.04.00' />
  <meta name='ocr-capabilities' content='ocr_page ocr_carea ocr_par ocr_line ocrx_word'/>
</head>
<body>
  <div class='ocr_page' id='page_1' title='image "./institutionesth00boragoog_0358.png"; bbox 0 0 4425 6000; ppageno 0'>
   <div class='ocr_carea' id='block_1_1' title="bbox 280 532 1969 5246">
    <p class='ocr_par' dir='ltr' id='par_1_1' title="bbox 326 532 1916 2224">
     <span class='ocr_line' id='line_1_1' title="bbox 402 532 1656 633; baseline 0.004 -28"><span class='ocrx_word' id='word_1_1' title='bbox 402 555 478 633; x_wconf 68' lang='lat'>344</span> <span class='ocrx_word' id='word_1_2' title='bbox 641 534 812 609; x_wconf 79' lang='lat' dir='ltr'>Tnacr.</span> <span class='ocrx_word' id='word_1_3' title='bbox 842 556 903 608; x_wconf 75' lang='lat' dir='ltr'>na</span> <span class='ocrx_word' id='word_1_4' title='bbox 930 535 1194 618; x_wconf 66' lang='lat' dir='ltr'>trecenis</span> <span class='ocrx_word' id='word_1_5' title='bbox 1226 532 1457 613; x_wconf 77' lang='lat' dir='ltr'>Decttoor</span> <span class='ocrx_word' id='word_1_6' title='bbox 1479 535 1584 610; x_wconf 69' lang='lat' dir='ltr'>Cae.</span> <span class='ocrx_word' id='word_1_7' title='bbox 1609 534 1656 610; x_wconf 81' lang='lat' dir='ltr'>V.</span> 
     </span>
     <span class='ocr_line' id='line_1_2' title="bbox 338 630 1914 715; baseline 0.002 -16"><span class='ocrx_word' id='word_1_8' title='bbox 338 633 445 701; x_wconf 87' lang='lat' dir='ltr'>diebus</span> <span class='ocrx_word' id='word_1_9' title='bbox 464 651 525 698; x_wconf 90' lang='lat' dir='ltr'>non</span> <span class='ocrx_word' id='word_1_10' title='bbox 545 634 721 710; x_wconf 85' lang='lat' dir='ltr'>contingit,</span> <span class='ocrx_word' id='word_1_11' title='bbox 749 630 940 698; x_wconf 85' lang='lat' dir='ltr'>interficiunt</span> <span class='ocrx_word' id='word_1_12' title='bbox 958 632 1039 699; x_wconf 81' lang='lat' dir='ltr'>besso</span> <span class='ocrx_word' id='word_1_13' title='bbox 1058 652 1108 699; x_wconf 87' lang='lat' dir='ltr'>ct·</span> <span class='ocrx_word' id='word_1_14' title='bbox 1142 650 1194 698; x_wconf 92' lang='lat' dir='ltr'>tur</span> <span class='ocrx_word' id='word_1_15' title='bbox 1222 653 1343 697; x_wconf 89' lang='lat' dir='ltr'>omnem</span> <span class='ocrx_word' id='word_1_16' title='bbox 1371 633 1487 702; x_wconf 85' lang='lat' dir='ltr'>licitam</span> <span class='ocrx_word' id='word_1_17' title='bbox 1518 638 1601 699; x_wconf 84' lang='lat' dir='ltr'>viam</span> <span class='ocrx_word' id='word_1_18' title='bbox 1631 631 1843 715; x_wconf 78' lang='lat' dir='ltr'>investigate,</span> <span class='ocrx_word' id='word_1_19' title='bbox 1869 653 1914 703; x_wconf 89' lang='lat' dir='ltr'>ut·</span> 
     </span>
     <span class='ocr_line' id='line_1_3' title="bbox 338 710 1908 798; baseline -0.002 -18"><span class='ocrx_word' id='word_1_20' title='bbox 338 715 402 780; x_wconf 81' lang='lat' dir='ltr'>iam</span> <span class='ocrx_word' id='word_1_21' title='bbox 417 714 497 780; x_wconf 87' lang='lat' dir='ltr'>iuiio</span> <span class='ocrx_word' id='word_1_22' title='bbox 512 714 708 786; x_wconf 81' lang='lat' dir='ltr'>innocentes,</span> <span class='ocrx_word' id='word_1_23' title='bbox 729 729 764 775; x_wconf 89' lang='lat' dir='ltr'>ut</span> <span class='ocrx_word' id='word_1_24' title='bbox 784 710 854 776; x_wconf 91' lang='lat' dir='ltr'>sunt</span> <span class='ocrx_word' id='word_1_25' title='bbox 871 714 991 787; x_wconf 79' lang='lat' dir='ltr'>parvuli</span> <span class='ocrx_word' id='word_1_26' title='bbox 1010 757 1021 792; x_wconf 92' lang='lat'>,</span> <span class='ocrx_word' id='word_1_27' title='bbox 1039 736 1109 780; x_wconf 90' lang='lat' dir='ltr'>mu·</span> <span class='ocrx_word' id='word_1_28' title='bbox 1140 733 1211 798; x_wconf 81' lang='lat' dir='ltr'>eum</span> <span class='ocrx_word' id='word_1_29' title='bbox 1228 731 1296 777; x_wconf 89' lang='lat' dir='ltr'>tum</span> <span class='ocrx_word' id='word_1_30' title='bbox 1311 718 1402 779; x_wconf 90' lang='lat' dir='ltr'>morti</span> <span class='ocrx_word' id='word_1_31' title='bbox 1421 762 1430 792; x_wconf 94' lang='lat'>,</span> <span class='ocrx_word' id='word_1_32' title='bbox 1454 731 1522 779; x_wconf 86' lang='lat' dir='ltr'>tum</span> <span class='ocrx_word' id='word_1_33' title='bbox 1550 718 1728 792; x_wconf 89' lang='lat' dir='ltr'>cuicumque</span> <span class='ocrx_word' id='word_1_34' title='bbox 1746 719 1908 781; x_wconf 81' lang='lat' dir='ltr'>vexationi</span> 
     </span>
     <span class='ocr_line' id='line_1_4' title="bbox 337 789 1909 874; baseline 0.003 -19"><span class='ocrx_word' id='word_1_35' title='bbox 337 789 450 874; x_wconf 84' lang='lat' dir='ltr'>lieres,</span> <span class='ocrx_word' id='word_1_36' title='bbox 473 793 637 869; x_wconf 78' lang='lat' dir='ltr'>agricolae,</span> <span class='ocrx_word' id='word_1_37' title='bbox 657 793 833 870; x_wconf 86' lang='lat' dir='ltr'>peregrini,</span> <span class='ocrx_word' id='word_1_38' title='bbox 854 792 1015 872; x_wconf 77' lang='lat' dir='ltr'>Religiosr,</span> <span class='ocrx_word' id='word_1_39' title='bbox 1034 793 1105 856; x_wconf 86' lang='lat' dir='ltr'>Mo·</span> <span class='ocrx_word' id='word_1_40' title='bbox 1140 792 1319 868; x_wconf 85' lang='lat' dir='ltr'>subtrahat;</span> <span class='ocrx_word' id='word_1_41' title='bbox 1338 797 1383 857; x_wconf 87' lang='lat' dir='ltr'>ita</span> <span class='ocrx_word' id='word_1_42' title='bbox 1403 814 1438 859; x_wconf 90' lang='lat' dir='ltr'>ut</span> <span class='ocrx_word' id='word_1_43' title='bbox 1460 792 1480 856; x_wconf 87' lang='lat' dir='ltr'>sr</span> <span class='ocrx_word' id='word_1_44' title='bbox 1503 794 1539 858; x_wconf 86' lang='lat' dir='ltr'>iit</span> <span class='ocrx_word' id='word_1_45' title='bbox 1555 791 1707 872; x_wconf 89' lang='lat' dir='ltr'>supremus</span> <span class='ocrx_word' id='word_1_46' title='bbox 1728 794 1840 872; x_wconf 82' lang='lat' dir='ltr'>iudex,</span> <span class='ocrx_word' id='word_1_47' title='bbox 1862 814 1909 859; x_wconf 87' lang='lat' dir='ltr'>te·</span> 
     </span>
     <span class='ocr_line' id='line_1_5' title="bbox 339 870 1906 952; baseline 0.002 -14"><span class='ocrx_word' id='word_1_48' title='bbox 339 876 457 952; x_wconf 87' lang='lat' dir='ltr'>niases,</span> <span class='ocrx_word' id='word_1_49' title='bbox 476 873 584 935; x_wconf 78' lang='lat' dir='ltr'>Clerici</span> <span class='ocrx_word' id='word_1_50' title='bbox 603 893 616 947; x_wconf 87' lang='lat'>,·</span> <span class='ocrx_word' id='word_1_51' title='bbox 640 870 662 933; x_wconf 89' lang='lat' dir='ltr'>sr</span> <span class='ocrx_word' id='word_1_52' title='bbox 688 890 762 935; x_wconf 89' lang='lat' dir='ltr'>vero</span> <span class='ocrx_word' id='word_1_53' title='bbox 794 873 970 935; x_wconf 87' lang='lat' dir='ltr'>innocentes</span> <span class='ocrx_word' id='word_1_54' title='bbox 987 876 1032 937; x_wconf 80' lang='lat' dir='ltr'>itd</span> <span class='ocrx_word' id='word_1_55' title='bbox 1050 893 1107 936; x_wconf 89' lang='lat' dir='ltr'>no·</span> <span class='ocrx_word' id='word_1_56' title='bbox 1141 890 1233 936; x_wconf 88' lang='lat' dir='ltr'>netur</span> <span class='ocrx_word' id='word_1_57' title='bbox 1247 875 1278 933; x_wconf 90' lang='lat' dir='ltr'>in</span> <span class='ocrx_word' id='word_1_58' title='bbox 1300 871 1439 937; x_wconf 81' lang='lat' dir='ltr'>tasicasu</span> <span class='ocrx_word' id='word_1_59' title='bbox 1462 874 1604 951; x_wconf 90' lang='lat' dir='ltr'>impedire</span> <span class='ocrx_word' id='word_1_60' title='bbox 1621 870 1844 951; x_wconf 85' lang='lat' dir='ltr'>accusatores,-</span> <span class='ocrx_word' id='word_1_61' title='bbox 1871 874 1906 941; x_wconf 67' lang='grc' dir='ltr'><strong>ἅ</strong></span> 
     </span>
     <span class='ocr_line' id='line_1_6' title="bbox 339 948 1910 1033; baseline -0.001 -14"><span class='ocrx_word' id='word_1_62' title='bbox 339 953 479 1019; x_wconf 81' lang='lat' dir='ltr'>centibus</span> <span class='ocrx_word' id='word_1_63' title='bbox 496 951 553 1015; x_wconf 79' lang='lat' dir='ltr'>sint</span> <span class='ocrx_word' id='word_1_64' title='bbox 570 953 714 1028; x_wconf 80' lang='lat' dir='ltr'>permixti</span> <span class='ocrx_word' id='word_1_65' title='bbox 731 996 740 1025; x_wconf 93' lang='lat'>,</span> <span class='ocrx_word' id='word_1_66' title='bbox 756 966 793 1014; x_wconf 90' lang='lat' dir='ltr'>ut</span> <span class='ocrx_word' id='word_1_67' title='bbox 815 948 905 1014; x_wconf 84' lang='lat' dir='ltr'>facile</span> <span class='ocrx_word' id='word_1_68' title='bbox 920 950 1046 1017; x_wconf 89' lang='lat' dir='ltr'>discerni</span> <span class='ocrx_word' id='word_1_69' title='bbox 1054 973 1106 1016; x_wconf 91' lang='lat' dir='ltr'>ne·</span> <span class='ocrx_word' id='word_1_70' title='bbox 1141 953 1230 1015; x_wconf 83' lang='lat' dir='ltr'>tesies</span> <span class='ocrx_word' id='word_1_71' title='bbox 1253 949 1383 1029; x_wconf 82' lang='lat' dir='ltr'>rigorose</span> <span class='ocrx_word' id='word_1_72' title='bbox 1406 956 1576 1033; x_wconf 85' lang='lat' dir='ltr'>inquirere,</span> <span class='ocrx_word' id='word_1_73' title='bbox 1597 972 1632 1017; x_wconf 91' lang='lat' dir='ltr'>ut</span> <span class='ocrx_word' id='word_1_74' title='bbox 1648 973 1753 1016; x_wconf 84' lang='lat' dir='ltr'>eurum</span> <span class='ocrx_word' id='word_1_75' title='bbox 1769 952 1910 1019; x_wconf 80' lang='lat' dir='ltr'>testimo·</span> 
     </span>
     <span class='ocr_line' id='line_1_7' title="bbox 326 1028 1908 1110; baseline 0.001 -13"><span class='ocrx_word' id='word_1_76' title='bbox 326 1052 472 1109; x_wconf 65' lang='lat' dir='ltr'>nocant,</span> <span class='ocrx_word' id='word_1_77' title='bbox 494 1032 566 1110; x_wconf 84' lang='lat' dir='ltr'>iicet</span> <span class='ocrx_word' id='word_1_78' title='bbox 586 1045 690 1093; x_wconf 90' lang='lat' dir='ltr'>omnes</span> <span class='ocrx_word' id='word_1_79' title='bbox 710 1028 795 1093; x_wconf 80' lang='lat' dir='ltr'>samu}</span> <span class='ocrx_word' id='word_1_80' title='bbox 814 1031 996 1109; x_wconf 83' lang='lat' dir='ltr'>involvere,</span> <span class='ocrx_word' id='word_1_81' title='bbox 1010 1052 1106 1108; x_wconf 84' lang='lat' dir='ltr'>quan·</span> <span class='ocrx_word' id='word_1_82' title='bbox 1141 1034 1192 1094; x_wconf 90' lang='lat' dir='ltr'>nia</span> <span class='ocrx_word' id='word_1_83' title='bbox 1210 1032 1406 1095; x_wconf 82' lang='lat' dir='ltr'>infirmentur</span> <span class='ocrx_word' id='word_1_84' title='bbox 1425 1078 1434 1110; x_wconf 88' lang='lat'>,</span> <span class='ocrx_word' id='word_1_85' title='bbox 1456 1033 1507 1095; x_wconf 86' lang='lat' dir='ltr'>ves</span> <span class='ocrx_word' id='word_1_86' title='bbox 1524 1031 1545 1094; x_wconf 88' lang='lat' dir='ltr'>sr</span> <span class='ocrx_word' id='word_1_87' title='bbox 1563 1030 1656 1110; x_wconf 82' lang='lat' dir='ltr'>poffit</span> <span class='ocrx_word' id='word_1_88' title='bbox 1678 1031 1740 1093; x_wconf 82' lang='lat' dir='ltr'>sure</span> <span class='ocrx_word' id='word_1_89' title='bbox 1759 1029 1908 1098; x_wconf 81' lang='lat' dir='ltr'>scandalo</span> 
     </span>
     <span class='ocr_line' id='line_1_8' title="bbox 341 1108 1910 1195; baseline -0.001 -18"><span class='ocrx_word' id='word_1_90' title='bbox 341 1114 381 1177; x_wconf 89' lang='lat' dir='ltr'>do</span> <span class='ocrx_word' id='word_1_91' title='bbox 398 1131 504 1177; x_wconf 86' lang='lat' dir='ltr'>tamen</span> <span class='ocrx_word' id='word_1_92' title='bbox 522 1109 576 1172; x_wconf 85' lang='lat' dir='ltr'>nisi</span> <span class='ocrx_word' id='word_1_93' title='bbox 597 1114 642 1174; x_wconf 91' lang='lat' dir='ltr'>ita</span> <span class='ocrx_word' id='word_1_94' title='bbox 666 1156 678 1195; x_wconf 28' lang='lat'>,¹</span> <span class='ocrx_word' id='word_1_95' title='bbox 702 1108 816 1173; x_wconf 86' lang='lat' dir='ltr'>bellurn</span> <span class='ocrx_word' id='word_1_96' title='bbox 844 1109 954 1174; x_wconf 83' lang='lat' dir='ltr'>iustum</span> <span class='ocrx_word' id='word_1_97' title='bbox 970 1112 1105 1185; x_wconf 75' lang='lat' dir='ltr'>expediri</span> <span class='ocrx_word' id='word_1_98' title='bbox 1141 1131 1294 1195; x_wconf 81' lang='lat' dir='ltr'>carcerem</span> <span class='ocrx_word' id='word_1_99' title='bbox 1314 1115 1454 1187; x_wconf 88' lang='lat' dir='ltr'>aperire,</span> <span class='ocrx_word' id='word_1_100' title='bbox 1482 1112 1533 1175; x_wconf 88' lang='lat' dir='ltr'>ves</span> <span class='ocrx_word' id='word_1_101' title='bbox 1553 1158 1562 1187; x_wconf 89' lang='lat'>,</span> <span class='ocrx_word' id='word_1_102' title='bbox 1586 1115 1630 1174; x_wconf 88' lang='lat' dir='ltr'>ait</span> <span class='ocrx_word' id='word_1_103' title='bbox 1647 1114 1678 1175; x_wconf 85' lang='lat' dir='ltr'>P.</span> <span class='ocrx_word' id='word_1_104' title='bbox 1701 1111 1910 1191; x_wconf 84' lang='lat' dir='ltr'>Cunisiatus,</span> 
     </span>
     <span class='ocr_line' id='line_1_9' title="bbox 342 1186 1911 1269; baseline 0.001 -15"><span class='ocrx_word' id='word_1_105' title='bbox 342 1211 404 1255; x_wconf 91' lang='lat' dir='ltr'>nnn</span> <span class='ocrx_word' id='word_1_106' title='bbox 424 1190 530 1269; x_wconf 76' lang='lat' dir='ltr'>possit.</span> <span class='ocrx_word' id='word_1_107' title='bbox 552 1188 642 1253; x_wconf 85' lang='lat' dir='ltr'>Unde</span> <span class='ocrx_word' id='word_1_108' title='bbox 663 1190 797 1263; x_wconf 82' lang='lat' dir='ltr'>sequitur</span> <span class='ocrx_word' id='word_1_109' title='bbox 820 1186 951 1253; x_wconf 82' lang='lat' dir='ltr'>rabiosos</span> <span class='ocrx_word' id='word_1_110' title='bbox 966 1211 1027 1255; x_wconf 88' lang='lat' dir='ltr'>non</span> <span class='ocrx_word' id='word_1_111' title='bbox 1046 1190 1107 1254; x_wconf 82' lang='lat' dir='ltr'>etse</span> <span class='ocrx_word' id='word_1_112' title='bbox 1142 1186 1308 1266; x_wconf 84' lang='lat' dir='ltr'>dispensare</span> <span class='ocrx_word' id='word_1_113' title='bbox 1332 1196 1362 1253; x_wconf 91' lang='lat' dir='ltr'>in</span> <span class='ocrx_word' id='word_1_114' title='bbox 1391 1192 1457 1256; x_wconf 71' lang='lat' dir='ltr'>seve</span> <span class='ocrx_word' id='word_1_115' title='bbox 1485 1191 1584 1268; x_wconf 85' lang='lat' dir='ltr'>quoad</span> <span class='ocrx_word' id='word_1_116' title='bbox 1613 1191 1810 1255; x_wconf 86' lang='lat' dir='ltr'>iudicandum</span> <span class='ocrx_word' id='word_1_117' title='bbox 1840 1194 1911 1255; x_wconf 69' lang='lat' dir='ltr'>iu1³</span> 
     </span>
     <span class='ocr_line' id='line_1_10' title="bbox 340 1241 1916 1348; baseline 0 -14"><span class='ocrx_word' id='word_1_118' title='bbox 340 1268 560 1347; x_wconf 81' lang='lat' dir='ltr'>suffocandos,</span> <span class='ocrx_word' id='word_1_119' title='bbox 581 1288 619 1331; x_wconf 93' lang='lat' dir='ltr'>ne</span> <span class='ocrx_word' id='word_1_120' title='bbox 641 1268 710 1331; x_wconf 84' lang='lat' dir='ltr'>aliis</span> <span class='ocrx_word' id='word_1_121' title='bbox 732 1285 861 1332; x_wconf 81' lang='lat' dir='ltr'>noceant</span> <span class='ocrx_word' id='word_1_122' title='bbox 883 1268 954 1347; x_wconf 89' lang='lat' dir='ltr'>,sed</span> <span class='ocrx_word' id='word_1_123' title='bbox 973 1271 1107 1345; x_wconf 76' lang='lat' dir='ltr'>includi,</span> <span class='ocrx_word' id='word_1_124' title='bbox 1143 1287 1176 1332; x_wconf 86' lang='lat' dir='ltr'>ta</span> <span class='ocrx_word' id='word_1_125' title='bbox 1212 1270 1346 1347; x_wconf 84' lang='lat' dir='ltr'>aisegata</span> <span class='ocrx_word' id='word_1_126' title='bbox 1376 1318 1385 1348; x_wconf 90' lang='lat'>,</span> <span class='ocrx_word' id='word_1_127' title='bbox 1412 1241 1445 1340; x_wconf 62' lang='lat' dir='ltr'>st</span> <span class='ocrx_word' id='word_1_128' title='bbox 1474 1272 1626 1347; x_wconf 85' lang='lat' dir='ltr'>probata,</span> <span class='ocrx_word' id='word_1_129' title='bbox 1652 1268 1686 1334; x_wconf 66' lang='grc' dir='ltr'><strong>ἃ</strong></span> <span class='ocrx_word' id='word_1_130' title='bbox 1715 1288 1750 1333; x_wconf 91' lang='lat' dir='ltr'>ut</span> <span class='ocrx_word' id='word_1_131' title='bbox 1780 1273 1812 1332; x_wconf 91' lang='lat' dir='ltr'>in</span> <span class='ocrx_word' id='word_1_132' title='bbox 1855 1272 1916 1334; x_wconf 85' lang='lat' dir='ltr'>hoe·</span> 
     </span>
     <span class='ocr_line' id='line_1_11' title="bbox 341 1347 1908 1427; baseline 0 -12"><span class='ocrx_word' id='word_1_133' title='bbox 341 1351 377 1415; x_wconf 76' lang='lat' dir='ltr'>dt</span> <span class='ocrx_word' id='word_1_134' title='bbox 398 1352 530 1427; x_wconf 80' lang='lat' dir='ltr'>alligari.</span> <span class='ocrx_word' id='word_1_135' title='bbox 553 1348 696 1411; x_wconf 83' lang='lat' dir='ltr'>Diximus</span> <span class='ocrx_word' id='word_1_136' title='bbox 712 1367 739 1407; x_wconf 90' lang='lat'>2.</span> <span class='ocrx_word' id='word_1_137' title='bbox 759 1365 904 1412; x_wconf 81' lang='lat' dir='ltr'>notanter</span> <span class='ocrx_word' id='word_1_138' title='bbox 924 1348 1031 1414; x_wconf 60' lang='lat' dir='ltr'>dircite</span> <span class='ocrx_word' id='word_1_139' title='bbox 1044 1398 1053 1425; x_wconf 95' lang='lat'>,</span> <span class='ocrx_word' id='word_1_140' title='bbox 1067 1358 1107 1415; x_wconf 58' lang='grc' dir='ltr'>ΕΤ</span> <span class='ocrx_word' id='word_1_141' title='bbox 1142 1368 1261 1426; x_wconf 87' lang='lat' dir='ltr'>quoque</span> <span class='ocrx_word' id='word_1_142' title='bbox 1278 1348 1618 1426; x_wconf 80' lang='lat' dir='ltr'>scandalumevitetur,</span> <span class='ocrx_word' id='word_1_143' title='bbox 1639 1353 1742 1412; x_wconf 87' lang='lat' dir='ltr'>iurare</span> <span class='ocrx_word' id='word_1_144' title='bbox 1758 1347 1908 1415; x_wconf 85' lang='lat' dir='ltr'>debetco·</span> 
     </span>
     <span class='ocr_line' id='line_1_12' title="bbox 339 1425 1911 1512; baseline 0 -19"><span class='ocrx_word' id='word_1_145' title='bbox 339 1448 392 1509; x_wconf 70' lang='lat' dir='ltr'>prr</span> <span class='ocrx_word' id='word_1_146' title='bbox 407 1428 467 1510; x_wconf 76' lang='lat' dir='ltr'>se,</span> <span class='ocrx_word' id='word_1_147' title='bbox 493 1434 563 1505; x_wconf 85' lang='lat' dir='ltr'>quia</span> <span class='ocrx_word' id='word_1_148' title='bbox 578 1425 720 1491; x_wconf 73' lang='lat' dir='ltr'>indiredie</span> <span class='ocrx_word' id='word_1_149' title='bbox 739 1475 747 1502; x_wconf 92' lang='lat'>,</span> <span class='ocrx_word' id='word_1_150' title='bbox 769 1425 802 1491; x_wconf 80' lang='lat' dir='ltr'>dc</span> <span class='ocrx_word' id='word_1_151' title='bbox 821 1447 871 1503; x_wconf 88' lang='lat' dir='ltr'>per</span> <span class='ocrx_word' id='word_1_152' title='bbox 892 1429 1029 1492; x_wconf 87' lang='lat' dir='ltr'>accidens</span> <span class='ocrx_word' id='word_1_153' title='bbox 1051 1430 1104 1491; x_wconf 87' lang='lat' dir='ltr'>ali·</span> <span class='ocrx_word' id='word_1_154' title='bbox 1143 1448 1206 1512; x_wconf 79' lang='lat' dir='ltr'>ram</span> <span class='ocrx_word' id='word_1_155' title='bbox 1229 1429 1293 1507; x_wconf 84' lang='lat' dir='ltr'>ipso</span> <span class='ocrx_word' id='word_1_156' title='bbox 1310 1434 1491 1502; x_wconf 80' lang='lat' dir='ltr'>innocente,</span> <span class='ocrx_word' id='word_1_157' title='bbox 1511 1429 1545 1493; x_wconf 82' lang='lat' dir='ltr'>dc</span> <span class='ocrx_word' id='word_1_158' title='bbox 1561 1427 1759 1505; x_wconf 74' lang='lat' dir='ltr'>optimatibus</span> <span class='ocrx_word' id='word_1_159' title='bbox 1775 1426 1805 1492; x_wconf 83' lang='lat' dir='ltr'>se</span> <span class='ocrx_word' id='word_1_160' title='bbox 1823 1445 1911 1496; x_wconf 87' lang='lat' dir='ltr'>cetto</span> 
     </span>
     <span class='ocr_line' id='line_1_13' title="bbox 344 1505 1911 1586; baseline -0.003 -13"><span class='ocrx_word' id='word_1_161' title='bbox 344 1510 468 1586; x_wconf 83' lang='lat' dir='ltr'>quando</span> <span class='ocrx_word' id='word_1_162' title='bbox 481 1509 552 1573; x_wconf 88' lang='lat' dir='ltr'>licet</span> <span class='ocrx_word' id='word_1_163' title='bbox 567 1525 618 1583; x_wconf 90' lang='lat' dir='ltr'>,ut</span> <span class='ocrx_word' id='word_1_164' title='bbox 630 1506 751 1583; x_wconf 90' lang='lat' dir='ltr'>quando</span> <span class='ocrx_word' id='word_1_165' title='bbox 762 1506 880 1569; x_wconf 87' lang='lat' dir='ltr'>inbeslo</span> <span class='ocrx_word' id='word_1_166' title='bbox 896 1505 993 1583; x_wconf 76' lang='lat' dir='ltr'>iusso,</span> <span class='ocrx_word' id='word_1_167' title='bbox 1004 1510 1109 1572; x_wconf 87' lang='lat' dir='ltr'>utiam</span> <span class='ocrx_word' id='word_1_168' title='bbox 1144 1505 1217 1572; x_wconf 85' lang='lat' dir='ltr'>scire</span> <span class='ocrx_word' id='word_1_169' title='bbox 1239 1509 1326 1572; x_wconf 87' lang='lat' dir='ltr'>risum</span> <span class='ocrx_word' id='word_1_170' title='bbox 1341 1508 1402 1572; x_wconf 83' lang='lat' dir='ltr'>esse</span> <span class='ocrx_word' id='word_1_171' title='bbox 1419 1513 1629 1573; x_wconf 83' lang='lat' dir='ltr'>innocentem.</span> <span class='ocrx_word' id='word_1_172' title='bbox 1656 1507 1686 1570; x_wconf 83' lang='lat' dir='ltr'>Si</span> <span class='ocrx_word' id='word_1_173' title='bbox 1714 1528 1793 1570; x_wconf 90' lang='lat' dir='ltr'>vero</span> <span class='ocrx_word' id='word_1_174' title='bbox 1818 1506 1911 1574; x_wconf 77' lang='lat' dir='ltr'>iudex·</span> 
     </span>
     <span class='ocr_line' id='line_1_14' title="bbox 341 1583 1911 1667; baseline -0.002 -14"><span class='ocrx_word' id='word_1_175' title='bbox 341 1590 645 1665; x_wconf 86' lang='lat' dir='ltr'>notavimus,alitet</span> <span class='ocrx_word' id='word_1_176' title='bbox 665 1585 791 1651; x_wconf 76' lang='lat' dir='ltr'>vidioria</span> <span class='ocrx_word' id='word_1_177' title='bbox 809 1584 908 1648; x_wconf 88' lang='lat' dir='ltr'>haberi</span> <span class='ocrx_word' id='word_1_178' title='bbox 921 1606 982 1651; x_wconf 91' lang='lat' dir='ltr'>nnn</span> <span class='ocrx_word' id='word_1_179' title='bbox 993 1585 1110 1667; x_wconf 83' lang='lat' dir='ltr'>potest,</span> <span class='ocrx_word' id='word_1_180' title='bbox 1144 1583 1260 1652; x_wconf 82' lang='lat' dir='ltr'>nonsit</span> <span class='ocrx_word' id='word_1_181' title='bbox 1281 1588 1453 1665; x_wconf 86' lang='lat' dir='ltr'>supremus,</span> <span class='ocrx_word' id='word_1_182' title='bbox 1472 1585 1517 1649; x_wconf 90' lang='lat' dir='ltr'>sed</span> <span class='ocrx_word' id='word_1_183' title='bbox 1538 1586 1693 1665; x_wconf 83' lang='lat' dir='ltr'>delegatus</span> <span class='ocrx_word' id='word_1_184' title='bbox 1711 1630 1720 1659; x_wconf 85' lang='lat'>,</span> <span class='ocrx_word' id='word_1_185' title='bbox 1737 1606 1848 1650; x_wconf 91' lang='lat' dir='ltr'>curare</span> <span class='ocrx_word' id='word_1_186' title='bbox 1861 1586 1911 1651; x_wconf 89' lang='lat' dir='ltr'>de·</span> 
     </span>
     <span class='ocr_line' id='line_1_15' title="bbox 343 1663 1910 1746; baseline -0.001 -13"><span class='ocrx_word' id='word_1_187' title='bbox 343 1667 507 1746; x_wconf 85' lang='lat' dir='ltr'>&amp;quando</span> <span class='ocrx_word' id='word_1_188' title='bbox 521 1664 711 1744; x_wconf 77' lang='lat' dir='ltr'>equovesius</span> <span class='ocrx_word' id='word_1_189' title='bbox 732 1665 822 1729; x_wconf 76' lang='lat' dir='ltr'>aliter</span> <span class='ocrx_word' id='word_1_190' title='bbox 832 1669 986 1730; x_wconf 87' lang='lat' dir='ltr'>inimicum</span> <span class='ocrx_word' id='word_1_191' title='bbox 1007 1664 1111 1746; x_wconf 88' lang='lat' dir='ltr'>sugere</span> <span class='ocrx_word' id='word_1_192' title='bbox 1143 1663 1194 1730; x_wconf 90' lang='lat' dir='ltr'>bet</span> <span class='ocrx_word' id='word_1_193' title='bbox 1214 1682 1249 1730; x_wconf 91' lang='lat' dir='ltr'>ut</span> <span class='ocrx_word' id='word_1_194' title='bbox 1267 1668 1344 1731; x_wconf 88' lang='lat' dir='ltr'>aiter</span> <span class='ocrx_word' id='word_1_195' title='bbox 1360 1667 1451 1730; x_wconf 84' lang='lat' dir='ltr'>iudex</span> <span class='ocrx_word' id='word_1_196' title='bbox 1467 1664 1520 1730; x_wconf 91' lang='lat' dir='ltr'>suo</span> <span class='ocrx_word' id='word_1_197' title='bbox 1537 1665 1605 1731; x_wconf 86' lang='lat' dir='ltr'>ioco</span> <span class='ocrx_word' id='word_1_198' title='bbox 1623 1663 1826 1730; x_wconf 80' lang='lat' dir='ltr'>substituatur</span> <span class='ocrx_word' id='word_1_199' title='bbox 1847 1710 1857 1738; x_wconf 82' lang='grc'><em>,</em></span> <span class='ocrx_word' id='word_1_200' title='bbox 1878 1667 1910 1732; x_wconf 75' lang='lat' dir='ltr'>tt</span> 
     </span>
     <span class='ocr_line' id='line_1_16' title="bbox 343 1739 1911 1826; baseline -0.002 -15"><span class='ocrx_word' id='word_1_201' title='bbox 343 1753 449 1825; x_wconf 87' lang='lat' dir='ltr'>nequit</span> <span class='ocrx_word' id='word_1_202' title='bbox 469 1746 544 1823; x_wconf 82' lang='lat' dir='ltr'>nisi,</span> <span class='ocrx_word' id='word_1_203' title='bbox 565 1749 685 1810; x_wconf 87' lang='lat' dir='ltr'>ratione</span> <span class='ocrx_word' id='word_1_204' title='bbox 708 1748 768 1809; x_wconf 82' lang='lat' dir='ltr'>viae</span> <span class='ocrx_word' id='word_1_205' title='bbox 790 1744 943 1823; x_wconf 78' lang='lat' dir='ltr'>angustae,</span> <span class='ocrx_word' id='word_1_206' title='bbox 958 1747 993 1811; x_wconf 85' lang='lat' dir='ltr'>dt</span> <span class='ocrx_word' id='word_1_207' title='bbox 1009 1746 1111 1823; x_wconf 81' lang='lat' dir='ltr'>arsiae,</span> <span class='ocrx_word' id='word_1_208' title='bbox 1144 1743 1205 1823; x_wconf 87' lang='lat' dir='ltr'>ipse</span> <span class='ocrx_word' id='word_1_209' title='bbox 1228 1747 1328 1810; x_wconf 88' lang='lat' dir='ltr'>vicem</span> <span class='ocrx_word' id='word_1_210' title='bbox 1345 1744 1427 1810; x_wconf 80' lang='lat' dir='ltr'>testis</span> <span class='ocrx_word' id='word_1_211' title='bbox 1446 1765 1551 1826; x_wconf 80' lang='lat' dir='ltr'>gerere</span> <span class='ocrx_word' id='word_1_212' title='bbox 1573 1767 1581 1809; x_wconf 91' lang='lat'>:</span> <span class='ocrx_word' id='word_1_213' title='bbox 1603 1739 1680 1811; x_wconf 82' lang='lat' dir='ltr'>&amp;st</span> <span class='ocrx_word' id='word_1_214' title='bbox 1701 1746 1758 1809; x_wconf 90' lang='lat' dir='ltr'>hoc</span> <span class='ocrx_word' id='word_1_215' title='bbox 1774 1744 1840 1809; x_wconf 87' lang='lat' dir='ltr'>fieri</span> <span class='ocrx_word' id='word_1_216' title='bbox 1861 1766 1911 1809; x_wconf 80' lang='lat' dir='ltr'>ne-</span> 
     </span>
     <span class='ocr_line' id='line_1_17' title="bbox 343 1821 1912 1906; baseline -0.001 -15"><span class='ocrx_word' id='word_1_217' title='bbox 343 1829 553 1906; x_wconf 86' lang='lat' dir='ltr'>proculcando</span> <span class='ocrx_word' id='word_1_218' title='bbox 570 1821 938 1902; x_wconf 50' lang='lat' dir='ltr'>vinnocentemrnsantcm</span> <span class='ocrx_word' id='word_1_219' title='bbox 957 1827 1107 1890; x_wconf 90' lang='lat' dir='ltr'>dormien-</span> <span class='ocrx_word' id='word_1_220' title='bbox 1146 1842 1263 1901; x_wconf 85' lang='lat' dir='ltr'>queat,</span> <span class='ocrx_word' id='word_1_221' title='bbox 1290 1843 1414 1890; x_wconf 89' lang='lat' dir='ltr'>tenetur</span> <span class='ocrx_word' id='word_1_222' title='bbox 1449 1824 1587 1890; x_wconf 84' lang='lat' dir='ltr'>officium</span> <span class='ocrx_word' id='word_1_223' title='bbox 1620 1826 1779 1888; x_wconf 85' lang='lat' dir='ltr'>dimittere</span> <span class='ocrx_word' id='word_1_224' title='bbox 1811 1828 1912 1903; x_wconf 76' lang='lat' dir='ltr'>potius</span> 
     </span>
     <span class='ocr_line' id='line_1_18' title="bbox 344 1902 1906 1984; baseline -0.002 -14"><span class='ocrx_word' id='word_1_225' title='bbox 344 1923 440 1984; x_wconf 86' lang='lat' dir='ltr'>tem,</span> <span class='ocrx_word' id='word_1_226' title='bbox 466 1904 607 1970; x_wconf 84' lang='lat' dir='ltr'>claudum</span> <span class='ocrx_word' id='word_1_227' title='bbox 627 1905 685 1968; x_wconf 82' lang='lat' dir='ltr'>&amp;c</span> <span class='ocrx_word' id='word_1_228' title='bbox 716 1903 767 1967; x_wconf 87' lang='lat' dir='ltr'>vei</span> <span class='ocrx_word' id='word_1_229' title='bbox 788 1902 907 1979; x_wconf 87' lang='lat' dir='ltr'>quando</span> <span class='ocrx_word' id='word_1_230' title='bbox 925 1908 1039 1969; x_wconf 87' lang='lat' dir='ltr'>evitari</span> <span class='ocrx_word' id='word_1_231' title='bbox 1061 1926 1111 1968; x_wconf 79' lang='lat' dir='ltr'>ne.</span> <span class='ocrx_word' id='word_1_232' title='bbox 1143 1924 1234 1981; x_wconf 83' lang='lat' dir='ltr'>quam</span> <span class='ocrx_word' id='word_1_233' title='bbox 1256 1910 1453 1968; x_wconf 87' lang='lat' dir='ltr'>innocentem</span> <span class='ocrx_word' id='word_1_234' title='bbox 1469 1906 1689 1979; x_wconf 77' lang='lat' dir='ltr'>condemnare,</span> <span class='ocrx_word' id='word_1_235' title='bbox 1708 1904 1785 1967; x_wconf 90' lang='lat' dir='ltr'>alias</span> <span class='ocrx_word' id='word_1_236' title='bbox 1807 1920 1906 1982; x_wconf 80' lang='lat' dir='ltr'>ageret</span> 
     </span>
     <span class='ocr_line' id='line_1_19' title="bbox 344 1979 1911 2063; baseline -0.004 -12"><span class='ocrx_word' id='word_1_237' title='bbox 344 2002 438 2061; x_wconf 76' lang='lat' dir='ltr'>queat</span> <span class='ocrx_word' id='word_1_238' title='bbox 458 1985 549 2049; x_wconf 88' lang='lat' dir='ltr'>Urbis</span> <span class='ocrx_word' id='word_1_239' title='bbox 564 1986 745 2059; x_wconf 82' lang='lat' dir='ltr'>excidium,</span> <span class='ocrx_word' id='word_1_240' title='bbox 776 1979 830 2045; x_wconf 90' lang='lat' dir='ltr'>nisr</span> <span class='ocrx_word' id='word_1_241' title='bbox 860 1983 928 2047; x_wconf 88' lang='lat' dir='ltr'>adt</span> <span class='ocrx_word' id='word_1_242' title='bbox 954 2005 1111 2062; x_wconf 85' lang='lat' dir='ltr'>rannnm,</span> <span class='ocrx_word' id='word_1_243' title='bbox 1144 2002 1254 2048; x_wconf 85' lang='lat' dir='ltr'>contra</span> <span class='ocrx_word' id='word_1_244' title='bbox 1270 1985 1508 2059; x_wconf 88' lang='lat' dir='ltr'>conscientiam,</span> <span class='ocrx_word' id='word_1_245' title='bbox 1528 1982 1562 2048; x_wconf 80' lang='grc' dir='ltr'>δι</span> <span class='ocrx_word' id='word_1_246' title='bbox 1583 1984 1725 2047; x_wconf 90' lang='lat' dir='ltr'>iudicium</span> <span class='ocrx_word' id='word_1_247' title='bbox 1747 1984 1911 2063; x_wconf 73' lang='lat' dir='ltr'>practicam</span> 
     </span>
     <span class='ocr_line' id='line_1_20' title="bbox 346 2063 1910 2140; baseline -0.003 -11"><span class='ocrx_word' id='word_1_248' title='bbox 346 2067 398 2130; x_wconf 88' lang='lat' dir='ltr'>vel</span> <span class='ocrx_word' id='word_1_249' title='bbox 425 2063 541 2129; x_wconf 85' lang='lat' dir='ltr'>hosiem</span> <span class='ocrx_word' id='word_1_250' title='bbox 565 2065 709 2127; x_wconf 81' lang='lat' dir='ltr'>mittatur</span> <span class='ocrx_word' id='word_1_251' title='bbox 735 2066 896 2129; x_wconf 82' lang='lat' dir='ltr'>innocens.</span> <span class='ocrx_word' id='word_1_252' title='bbox 956 2068 1112 2130; x_wconf 86' lang='lat' dir='ltr'>unceuim</span> <span class='ocrx_word' id='word_1_253' title='bbox 1145 2064 1181 2127; x_wconf 89' lang='lat' dir='ltr'>de</span> <span class='ocrx_word' id='word_1_254' title='bbox 1206 2082 1280 2128; x_wconf 85' lang='lat' dir='ltr'>vera</span> <span class='ocrx_word' id='word_1_255' title='bbox 1305 2066 1429 2128; x_wconf 83' lang='lat' dir='ltr'>alterius</span> <span class='ocrx_word' id='word_1_256' title='bbox 1452 2067 1654 2140; x_wconf 85' lang='lat' dir='ltr'>innocentia,</span> <span class='ocrx_word' id='word_1_257' title='bbox 1681 2082 1794 2140; x_wconf 81' lang='lat' dir='ltr'>praeter</span> <span class='ocrx_word' id='word_1_258' title='bbox 1821 2083 1910 2138; x_wconf 88' lang='lat' dir='ltr'>quam</span> 
     </span>
     <span class='ocr_line' id='line_1_21' title="bbox 346 2137 1912 2224; baseline -0.002 -15"><span class='ocrx_word' id='word_1_259' title='bbox 346 2146 445 2223; x_wconf 81' lang='lat' dir='ltr'>potest</span> <span class='ocrx_word' id='word_1_260' title='bbox 463 2143 623 2221; x_wconf 79' lang='lat' dir='ltr'>respublica</span> <span class='ocrx_word' id='word_1_261' title='bbox 645 2142 738 2206; x_wconf 85' lang='lat' dir='ltr'>talem</span> <span class='ocrx_word' id='word_1_262' title='bbox 754 2143 948 2206; x_wconf 86' lang='lat' dir='ltr'>innocentem</span> <span class='ocrx_word' id='word_1_263' title='bbox 974 2163 1112 2224; x_wconf 88' lang='lat' dir='ltr'>cogere,</span> <span class='ocrx_word' id='word_1_264' title='bbox 1144 2143 1222 2222; x_wconf 85' lang='lat' dir='ltr'>quod</span> <span class='ocrx_word' id='word_1_265' title='bbox 1239 2142 1370 2207; x_wconf 89' lang='lat' dir='ltr'>iudicare</span> <span class='ocrx_word' id='word_1_266' title='bbox 1385 2137 1547 2206; x_wconf 80' lang='lat' dir='ltr'>sec&#39;undunr</span> <span class='ocrx_word' id='word_1_267' title='bbox 1572 2142 1702 2221; x_wconf 81' lang='lat' dir='ltr'>allegata</span> <span class='ocrx_word' id='word_1_268' title='bbox 1729 2140 1765 2207; x_wconf 75' lang='grc' dir='ltr'>ἀ</span> <span class='ocrx_word' id='word_1_269' title='bbox 1787 2140 1912 2217; x_wconf 82' lang='lat' dir='ltr'>probata</span> 
     </span>
    </p>

    <p class='ocr_par' dir='ltr' id='par_1_2' title="bbox 292 2220 1969 3410">
     <span class='ocr_line' id='line_1_22' title="bbox 292 2220 1908 2306; baseline 0.001 -22"><span class='ocrx_word' id='word_1_270' title='bbox 292 2279 295 2284; x_wconf 23' lang='lat' dir='ltr'>r</span> <span class='ocrx_word' id='word_1_271' title='bbox 346 2242 384 2290; x_wconf 90' lang='lat' dir='ltr'>ut</span> <span class='ocrx_word' id='word_1_272' title='bbox 402 2242 568 2306; x_wconf 85' lang='lat' dir='ltr'>tyrannum</span> <span class='ocrx_word' id='word_1_273' title='bbox 589 2223 678 2286; x_wconf 84' lang='lat' dir='ltr'>adeat</span> <span class='ocrx_word' id='word_1_274' title='bbox 702 2244 798 2298; x_wconf 90' lang='lat' dir='ltr'>,cum</span> <span class='ocrx_word' id='word_1_275' title='bbox 814 2243 853 2285; x_wconf 88' lang='lat' dir='ltr'>ex</span> <span class='ocrx_word' id='word_1_276' title='bbox 872 2222 1025 2289; x_wconf 84' lang='lat' dir='ltr'>charitate</span> <span class='ocrx_word' id='word_1_277' title='bbox 1045 2268 1053 2303; x_wconf 82' lang='lat'>,</span> <span class='ocrx_word' id='word_1_278' title='bbox 1077 2222 1112 2288; x_wconf 71' lang='grc' dir='ltr'>ἀ</span> <span class='ocrx_word' id='word_1_279' title='bbox 1145 2222 1187 2290; x_wconf 78' lang='grc' dir='ltr'>ιιι</span> <span class='ocrx_word' id='word_1_280' title='bbox 1204 2224 1240 2286; x_wconf 90' lang='lat' dir='ltr'>de</span> <span class='ocrx_word' id='word_1_281' title='bbox 1257 2224 1322 2287; x_wconf 88' lang='lat' dir='ltr'>iure</span> <span class='ocrx_word' id='word_1_282' title='bbox 1343 2220 1494 2303; x_wconf 84' lang='lat' dir='ltr'>positivo,</span> <span class='ocrx_word' id='word_1_283' title='bbox 1513 2223 1650 2287; x_wconf 88' lang='lat' dir='ltr'>occidere</span> <span class='ocrx_word' id='word_1_284' title='bbox 1671 2242 1746 2286; x_wconf 91' lang='lat' dir='ltr'>vero</span> <span class='ocrx_word' id='word_1_285' title='bbox 1764 2226 1908 2287; x_wconf 90' lang='lat' dir='ltr'>innocen·</span> 
     </span>
     <span class='ocr_line' id='line_1_23' title="bbox 347 2298 1641 2383; baseline -0.003 -17"><span class='ocrx_word' id='word_1_286' title='bbox 347 2302 464 2369; x_wconf 82' lang='lat' dir='ltr'>iustitia</span> <span class='ocrx_word' id='word_1_287' title='bbox 485 2304 574 2383; x_wconf 78' lang='lat' dir='ltr'>legali</span> <span class='ocrx_word' id='word_1_288' title='bbox 604 2320 745 2366; x_wconf 80' lang='lat' dir='ltr'>teneatur</span> <span class='ocrx_word' id='word_1_289' title='bbox 765 2304 909 2367; x_wconf 85' lang='lat' dir='ltr'>innocens</span> <span class='ocrx_word' id='word_1_290' title='bbox 939 2308 1037 2367; x_wconf 87' lang='lat' dir='ltr'>vitam</span> <span class='ocrx_word' id='word_1_291' title='bbox 1056 2325 1112 2367; x_wconf 90' lang='lat' dir='ltr'>ex·</span> <span class='ocrx_word' id='word_1_292' title='bbox 1147 2321 1211 2367; x_wconf 87' lang='lat' dir='ltr'>tem</span> <span class='ocrx_word' id='word_1_293' title='bbox 1232 2298 1273 2365; x_wconf 86' lang='lat' dir='ltr'>est</span> <span class='ocrx_word' id='word_1_294' title='bbox 1290 2322 1400 2368; x_wconf 85' lang='lat' dir='ltr'>contra</span> <span class='ocrx_word' id='word_1_295' title='bbox 1418 2306 1464 2367; x_wconf 85' lang='lat' dir='ltr'>ius</span> <span class='ocrx_word' id='word_1_296' title='bbox 1481 2301 1641 2371; x_wconf 86' lang='lat' dir='ltr'>naturale.</span> 
     </span>
     <span class='ocr_line' id='line_1_24' title="bbox 348 2380 1527 2461; baseline -0.002 -14"><span class='ocrx_word' id='word_1_297' title='bbox 348 2404 458 2460; x_wconf 88' lang='lat' dir='ltr'>ponere</span> <span class='ocrx_word' id='word_1_298' title='bbox 481 2380 713 2461; x_wconf 87' lang='lat' dir='ltr'>prorepublica,</span> <span class='ocrx_word' id='word_1_299' title='bbox 734 2383 1111 2460; x_wconf 84' lang='lat' dir='ltr'>nechocessetcooperari</span> <span class='ocrx_word' id='word_1_300' title='bbox 1442 2442 1444 2446; x_wconf 82' lang='lat'>.</span> <span class='ocrx_word' id='word_1_301' title='bbox 1525 2396 1527 2400; x_wconf 86' lang='grc'><em>·</em></span> 
     </span>
     <span class='ocr_line' id='line_1_25' title="bbox 348 2456 1580 2540; baseline 0.001 -15"><span class='ocrx_word' id='word_1_302' title='bbox 348 2460 1110 2540; x_wconf 75' lang='lat' dir='ltr'>diresieeinsmorti,sedtantumindiresie,&amp;</span> <span class='ocrx_word' id='word_1_303' title='bbox 1159 2483 1161 2488; x_wconf 78' lang='grc'>’</span> <span class='ocrx_word' id='word_1_304' title='bbox 1473 2470 1499 2529; x_wconf 72' lang='lat'>5.</span> <span class='ocrx_word' id='word_1_305' title='bbox 1542 2456 1580 2525; x_wconf 69' lang='lat' dir='ltr'>Vr</span> 
     </span>
     <span class='ocr_line' id='line_1_26' title="bbox 350 2538 1113 2617; baseline 0.001 -12"><span class='ocrx_word' id='word_1_306' title='bbox 350 2562 404 2617; x_wconf 89' lang='lat' dir='ltr'>per</span> <span class='ocrx_word' id='word_1_307' title='bbox 424 2543 582 2616; x_wconf 83' lang='lat' dir='ltr'>accidens,</span> <span class='ocrx_word' id='word_1_308' title='bbox 600 2562 670 2604; x_wconf 88' lang='lat' dir='ltr'>cum</span> <span class='ocrx_word' id='word_1_309' title='bbox 688 2538 816 2602; x_wconf 87' lang='lat' dir='ltr'>traditio</span> <span class='ocrx_word' id='word_1_310' title='bbox 836 2539 874 2602; x_wconf 88' lang='lat' dir='ltr'>de</span> <span class='ocrx_word' id='word_1_311' title='bbox 894 2542 922 2603; x_wconf 87' lang='lat' dir='ltr'>ie</span> <span class='ocrx_word' id='word_1_312' title='bbox 942 2539 1113 2606; x_wconf 82' lang='lat' dir='ltr'>srtindiffe·</span> 
     </span>
     <span class='ocr_line' id='line_1_27' title="bbox 349 2617 1113 2699; baseline 0.003 -17"><span class='ocrx_word' id='word_1_313' title='bbox 349 2640 419 2684; x_wconf 82' lang='lat' dir='ltr'>rens</span> <span class='ocrx_word' id='word_1_314' title='bbox 439 2669 448 2699; x_wconf 96' lang='lat'>,</span> <span class='ocrx_word' id='word_1_315' title='bbox 472 2621 506 2687; x_wconf 78' lang='lat' dir='ltr'>dc</span> <span class='ocrx_word' id='word_1_316' title='bbox 527 2640 607 2684; x_wconf 88' lang='lat' dir='ltr'>mors</span> <span class='ocrx_word' id='word_1_317' title='bbox 638 2636 760 2681; x_wconf 80' lang='lat' dir='ltr'>tantum</span> <span class='ocrx_word' id='word_1_318' title='bbox 782 2617 921 2697; x_wconf 87' lang='lat' dir='ltr'>sequatur</span> <span class='ocrx_word' id='word_1_319' title='bbox 941 2621 1082 2686; x_wconf 72' lang='lat' dir='ltr'>indiresie</span> <span class='ocrx_word' id='word_1_320' title='bbox 1104 2668 1113 2699; x_wconf 97' lang='lat'>,</span> 
     </span>
     <span class='ocr_line' id='line_1_28' title="bbox 349 2689 1969 2779; baseline -0.006 -13"><span class='ocrx_word' id='word_1_321' title='bbox 349 2700 385 2766; x_wconf 77' lang='grc' dir='ltr'>δι</span> <span class='ocrx_word' id='word_1_322' title='bbox 406 2719 520 2778; x_wconf 83' lang='lat' dir='ltr'>praetcr</span> <span class='ocrx_word' id='word_1_323' title='bbox 543 2700 747 2762; x_wconf 88' lang='lat' dir='ltr'>intentionem</span> <span class='ocrx_word' id='word_1_324' title='bbox 776 2700 963 2775; x_wconf 74' lang='lat' dir='ltr'>reipublicae.</span> <span class='ocrx_word' id='word_1_325' title='bbox 992 2703 1113 2779; x_wconf 79' lang='lat' dir='ltr'>Neqm-</span> <span class='ocrx_word' id='word_1_326' title='bbox 1186 2691 1290 2758; x_wconf 89' lang='lat' dir='ltr'>Nemo</span> <span class='ocrx_word' id='word_1_327' title='bbox 1322 2691 1421 2771; x_wconf 82' lang='lat' dir='ltr'>potest</span> <span class='ocrx_word' id='word_1_328' title='bbox 1450 2692 1511 2758; x_wconf 81' lang='lat' dir='ltr'>sine</span> <span class='ocrx_word' id='word_1_329' title='bbox 1537 2694 1626 2769; x_wconf 82' lang='lat' dir='ltr'>culpa</span> <span class='ocrx_word' id='word_1_330' title='bbox 1662 2689 1772 2761; x_wconf 83' lang='lat' dir='ltr'>ietbasi</span> <span class='ocrx_word' id='word_1_331' title='bbox 1800 2689 1969 2757; x_wconf 68' lang='lat' dir='ltr'>timueris</span> 
     </span>
     <span class='ocr_line' id='line_1_29' title="bbox 349 2760 1969 2874; baseline 0.002 -30"><span class='ocrx_word' id='word_1_332' title='bbox 349 2799 441 2855; x_wconf 80' lang='lat' dir='ltr'>quam</span> <span class='ocrx_word' id='word_1_333' title='bbox 458 2796 561 2844; x_wconf 88' lang='lat' dir='ltr'>tamen</span> <span class='ocrx_word' id='word_1_334' title='bbox 579 2778 696 2854; x_wconf 82' lang='lat' dir='ltr'>possunt</span> <span class='ocrx_word' id='word_1_335' title='bbox 718 2781 860 2841; x_wconf 82' lang='lat' dir='ltr'>concives</span> <span class='ocrx_word' id='word_1_336' title='bbox 881 2781 971 2844; x_wconf 88' lang='lat' dir='ltr'>iilum</span> <span class='ocrx_word' id='word_1_337' title='bbox 995 2781 1112 2846; x_wconf 92' lang='lat' dir='ltr'>occide·</span> <span class='ocrx_word' id='word_1_338' title='bbox 1148 2792 1310 2850; x_wconf 59' lang='lat' dir='ltr'>promtis?</span> <span class='ocrx_word' id='word_1_339' title='bbox 1328 2817 1337 2849; x_wconf 71' lang='grc' dir='ltr'>ι</span> <span class='ocrx_word' id='word_1_340' title='bbox 1356 2793 1394 2836; x_wconf 70' lang='lat' dir='ltr'>sse</span> <span class='ocrx_word' id='word_1_341' title='bbox 1409 2771 1501 2866; x_wconf 49' lang='lat'><strong>&amp;1¹1⁵</strong></span> <span class='ocrx_word' id='word_1_342' title='bbox 1524 2773 1671 2836; x_wconf 62' lang='lat' dir='ltr'>humanus</span> <span class='ocrx_word' id='word_1_343' title='bbox 1688 2774 1882 2865; x_wconf 55' lang='grc' dir='ltr'>,θοῠίῑβῑῑῐῑῑῐ</span> <span class='ocrx_word' id='word_1_344' title='bbox 1898 2760 1969 2874; x_wconf 40' lang='grc' dir='ltr'>ιζιη,</span> 
     </span>
     <span class='ocr_line' id='line_1_30' title="bbox 352 2849 1969 2949; baseline -0.008 -26"><span class='ocrx_word' id='word_1_345' title='bbox 352 2881 384 2923; x_wconf 92' lang='lat' dir='ltr'>re</span> <span class='ocrx_word' id='word_1_346' title='bbox 404 2861 442 2923; x_wconf 81' lang='lat' dir='ltr'>a&#39;d</span> <span class='ocrx_word' id='word_1_347' title='bbox 463 2862 644 2936; x_wconf 86' lang='lat' dir='ltr'>petitionem</span> <span class='ocrx_word' id='word_1_348' title='bbox 662 2862 789 2940; x_wconf 82' lang='lat' dir='ltr'>tyranni</span> <span class='ocrx_word' id='word_1_349' title='bbox 812 2905 820 2935; x_wconf 96' lang='lat'>,</span> <span class='ocrx_word' id='word_1_350' title='bbox 852 2879 952 2936; x_wconf 85' lang='lat' dir='ltr'>neque</span> <span class='ocrx_word' id='word_1_351' title='bbox 974 2861 1021 2925; x_wconf 83' lang='lat' dir='ltr'>hic</span> <span class='ocrx_word' id='word_1_352' title='bbox 1043 2880 1112 2941; x_wconf 93' lang='lat' dir='ltr'>pot·</span> <span class='ocrx_word' id='word_1_353' title='bbox 1149 2873 1203 2917; x_wconf 88' lang='lat' dir='ltr'>aut</span> <span class='ocrx_word' id='word_1_354' title='bbox 1212 2869 1377 2926; x_wconf 88' lang='lat' dir='ltr'>conceptus</span> <span class='ocrx_word' id='word_1_355' title='bbox 1387 2872 1558 2930; x_wconf 81' lang='lat' dir='ltr'>animetur,</span> <span class='ocrx_word' id='word_1_356' title='bbox 1573 2849 1969 2949; x_wconf 21' lang='lat' dir='ltr'>stveanrtmatuseiiciacw„</span> 
     </span>
     <span class='ocr_line' id='line_1_31' title="bbox 353 2932 1969 3017; baseline -0.009 -13"><span class='ocrx_word' id='word_1_357' title='bbox 353 2940 395 3005; x_wconf 83' lang='lat' dir='ltr'>est</span> <span class='ocrx_word' id='word_1_358' title='bbox 422 2936 549 3016; x_wconf 87' lang='lat' dir='ltr'>seipsum</span> <span class='ocrx_word' id='word_1_359' title='bbox 577 2938 741 3017; x_wconf 71' lang='lat' dir='ltr'>iugulando</span> <span class='ocrx_word' id='word_1_360' title='bbox 762 2937 961 3006; x_wconf 86' lang='lat' dir='ltr'>interficere.</span> <span class='ocrx_word' id='word_1_361' title='bbox 991 2942 1112 3006; x_wconf 83' lang='lat' dir='ltr'>Volunt</span> <span class='ocrx_word' id='word_1_362' title='bbox 1149 2951 1216 2998; x_wconf 87' lang='lat' dir='ltr'>tur.</span> <span class='ocrx_word' id='word_1_363' title='bbox 1248 2934 1369 2996; x_wconf 82' lang='lat' dir='ltr'>Veritas</span> <span class='ocrx_word' id='word_1_364' title='bbox 1393 2932 1480 2996; x_wconf 74' lang='lat' dir='ltr'>huius</span> <span class='ocrx_word' id='word_1_365' title='bbox 1500 2935 1711 3011; x_wconf 81' lang='lat' dir='ltr'>propositionis</span> <span class='ocrx_word' id='word_1_366' title='bbox 1736 2950 1824 3010; x_wconf 90' lang='lat' dir='ltr'>patet</span> <span class='ocrx_word' id='word_1_367' title='bbox 1843 2942 1969 3016; x_wconf 53' lang='lat' dir='ltr'>tumpu</span> 
     </span>
     <span class='ocr_line' id='line_1_32' title="bbox 353 3009 1909 3097; baseline -0.009 -12"><span class='ocrx_word' id='word_1_368' title='bbox 353 3038 454 3085; x_wconf 83' lang='lat' dir='ltr'>tamen</span> <span class='ocrx_word' id='word_1_369' title='bbox 473 3018 590 3096; x_wconf 82' lang='lat' dir='ltr'>aliqui,</span> <span class='ocrx_word' id='word_1_370' title='bbox 610 3019 691 3093; x_wconf 84' lang='lat' dir='ltr'>quod</span> <span class='ocrx_word' id='word_1_371' title='bbox 712 3020 907 3096; x_wconf 79' lang='lat' dir='ltr'>repugnando</span> <span class='ocrx_word' id='word_1_372' title='bbox 917 3025 1114 3097; x_wconf 89' lang='lat' dir='ltr'>pertinaciter</span> <span class='ocrx_word' id='word_1_373' title='bbox 1148 3035 1188 3078; x_wconf 84' lang='lat' dir='ltr'>ex</span> <span class='ocrx_word' id='word_1_374' title='bbox 1207 3009 1296 3078; x_wconf 88' lang='lat' dir='ltr'>sacris</span> <span class='ocrx_word' id='word_1_375' title='bbox 1315 3012 1480 3075; x_wconf 85' lang='lat' dir='ltr'>canonibus</span> <span class='ocrx_word' id='word_1_376' title='bbox 1500 3061 1509 3088; x_wconf 87' lang='lat'>,</span> <span class='ocrx_word' id='word_1_377' title='bbox 1526 3034 1593 3076; x_wconf 88' lang='lat' dir='ltr'>tum</span> <span class='ocrx_word' id='word_1_378' title='bbox 1613 3035 1652 3077; x_wconf 81' lang='lat' dir='ltr'>ex</span> <span class='ocrx_word' id='word_1_379' title='bbox 1668 3009 1909 3077; x_wconf 76' lang='lat' dir='ltr'>constitutioni-</span> 
     </span>
     <span class='ocr_line' id='line_1_33' title="bbox 351 3089 1910 3171; baseline -0.004 -10"><span class='ocrx_word' id='word_1_380' title='bbox 351 3097 412 3161; x_wconf 84' lang='lat' dir='ltr'>suae</span> <span class='ocrx_word' id='word_1_381' title='bbox 434 3095 611 3170; x_wconf 87' lang='lat' dir='ltr'>traditioni,</span> <span class='ocrx_word' id='word_1_382' title='bbox 631 3096 718 3161; x_wconf 84' lang='lat' dir='ltr'>fieret</span> <span class='ocrx_word' id='word_1_383' title='bbox 740 3119 851 3161; x_wconf 82' lang='lat' dir='ltr'>nocens</span> <span class='ocrx_word' id='word_1_384' title='bbox 873 3103 994 3164; x_wconf 88' lang='lat' dir='ltr'>ratione</span> <span class='ocrx_word' id='word_1_385' title='bbox 1014 3099 1114 3164; x_wconf 90' lang='lat' dir='ltr'>inobe-</span> <span class='ocrx_word' id='word_1_386' title='bbox 1149 3097 1202 3158; x_wconf 83' lang='lat' dir='ltr'>bus</span> <span class='ocrx_word' id='word_1_387' title='bbox 1217 3089 1401 3161; x_wconf 85' lang='lat' dir='ltr'>summorum</span> <span class='ocrx_word' id='word_1_388' title='bbox 1421 3091 1621 3171; x_wconf 82' lang='lat' dir='ltr'>Pontificum.</span> <span class='ocrx_word' id='word_1_389' title='bbox 1639 3091 1762 3155; x_wconf 86' lang='lat' dir='ltr'>Etenim</span> <span class='ocrx_word' id='word_1_390' title='bbox 1778 3093 1813 3154; x_wconf 92' lang='lat' dir='ltr'>in</span> <span class='ocrx_word' id='word_1_391' title='bbox 1831 3091 1910 3155; x_wconf 89' lang='lat' dir='ltr'>Con·</span> 
     </span>
     <span class='ocr_line' id='line_1_34' title="bbox 351 3168 1911 3259; baseline -0.003 -21"><span class='ocrx_word' id='word_1_392' title='bbox 351 3175 478 3239; x_wconf 80' lang='lat' dir='ltr'>dientiae</span> <span class='ocrx_word' id='word_1_393' title='bbox 499 3179 530 3236; x_wconf 91' lang='lat' dir='ltr'>in</span> <span class='ocrx_word' id='word_1_394' title='bbox 551 3175 693 3252; x_wconf 86' lang='lat' dir='ltr'>reiuiia,</span> <span class='ocrx_word' id='word_1_395' title='bbox 712 3174 932 3253; x_wconf 76' lang='lat' dir='ltr'>&amp;gravissima</span> <span class='ocrx_word' id='word_1_396' title='bbox 954 3228 962 3257; x_wconf 96' lang='lat'>,</span> <span class='ocrx_word' id='word_1_397' title='bbox 985 3180 1020 3244; x_wconf 85' lang='lat' dir='ltr'>dt</span> <span class='ocrx_word' id='word_1_398' title='bbox 1041 3198 1114 3245; x_wconf 88' lang='lat' dir='ltr'>tnnc</span> <span class='ocrx_word' id='word_1_399' title='bbox 1149 3175 1228 3238; x_wconf 86' lang='lat' dir='ltr'>ciliis</span> <span class='ocrx_word' id='word_1_400' title='bbox 1254 3173 1466 3248; x_wconf 83' lang='lat' dir='ltr'>Eliberitan0,</span> <span class='ocrx_word' id='word_1_401' title='bbox 1505 3173 1692 3250; x_wconf 82' lang='lat' dir='ltr'>Moguntino</span> <span class='ocrx_word' id='word_1_402' title='bbox 1716 3218 1724 3259; x_wconf 77' lang='lat'>,</span> <span class='ocrx_word' id='word_1_403' title='bbox 1745 3168 1911 3259; x_wconf 67' lang='lat' dir='ltr'>¹Worrnae</span> 
     </span>
     <span class='ocr_line' id='line_1_35' title="bbox 354 3248 1912 3331; baseline -0.002 -17"><span class='ocrx_word' id='word_1_404' title='bbox 354 3252 431 3317; x_wconf 81' lang='lat' dir='ltr'>iuste</span> <span class='ocrx_word' id='word_1_405' title='bbox 447 3274 507 3318; x_wconf 89' lang='lat' dir='ltr'>non</span> <span class='ocrx_word' id='word_1_406' title='bbox 529 3255 658 3331; x_wconf 85' lang='lat' dir='ltr'>amplius</span> <span class='ocrx_word' id='word_1_407' title='bbox 676 3273 711 3316; x_wconf 92' lang='lat' dir='ltr'>ut</span> <span class='ocrx_word' id='word_1_408' title='bbox 732 3258 876 3319; x_wconf 85' lang='lat' dir='ltr'>innocens</span> <span class='ocrx_word' id='word_1_409' title='bbox 898 3304 906 3331; x_wconf 95' lang='lat'>,</span> <span class='ocrx_word' id='word_1_410' title='bbox 933 3257 979 3321; x_wconf 88' lang='lat' dir='ltr'>sed</span> <span class='ocrx_word' id='word_1_411' title='bbox 1001 3274 1037 3322; x_wconf 91' lang='lat' dir='ltr'>ut</span> <span class='ocrx_word' id='word_1_412' title='bbox 1056 3280 1113 3322; x_wconf 89' lang='lat' dir='ltr'>no·</span> <span class='ocrx_word' id='word_1_413' title='bbox 1149 3248 1238 3318; x_wconf 86' lang='lat' dir='ltr'>cienst</span> <span class='ocrx_word' id='word_1_414' title='bbox 1264 3300 1273 3328; x_wconf 93' lang='lat'>,</span> <span class='ocrx_word' id='word_1_415' title='bbox 1297 3268 1417 3314; x_wconf 90' lang='lat' dir='ltr'>necnon</span> <span class='ocrx_word' id='word_1_416' title='bbox 1446 3272 1511 3326; x_wconf 89' lang='lat' dir='ltr'>cap.</span> <span class='ocrx_word' id='word_1_417' title='bbox 1534 3272 1561 3327; x_wconf 87' lang='lat'>5.</span> <span class='ocrx_word' id='word_1_418' title='bbox 1588 3251 1626 3314; x_wconf 86' lang='lat' dir='ltr'>dc</span> <span class='ocrx_word' id='word_1_419' title='bbox 1644 3249 1798 3315; x_wconf 69' lang='grc' dir='ltr'>ιοιιιιειᾶιο</span> <span class='ocrx_word' id='word_1_420' title='bbox 1818 3249 1912 3313; x_wconf 65' lang='lat' dir='ltr'>distri⁴</span> 
     </span>
     <span class='ocr_line' id='line_1_36' title="bbox 354 3324 1915 3410; baseline -0.003 -13"><span class='ocrx_word' id='word_1_421' title='bbox 354 3352 447 3408; x_wconf 83' lang='lat' dir='ltr'>cens,</span> <span class='ocrx_word' id='word_1_422' title='bbox 463 3331 497 3397; x_wconf 73' lang='grc' dir='ltr'>ἀ</span> <span class='ocrx_word' id='word_1_423' title='bbox 514 3352 603 3410; x_wconf 79' lang='lat' dir='ltr'>reus,</span> <span class='ocrx_word' id='word_1_424' title='bbox 623 3334 719 3405; x_wconf 84' lang='lat' dir='ltr'>puiset</span> <span class='ocrx_word' id='word_1_425' title='bbox 742 3354 758 3395; x_wconf 91' lang='lat' dir='ltr'>a</span> <span class='ocrx_word' id='word_1_426' title='bbox 776 3335 930 3408; x_wconf 89' lang='lat' dir='ltr'>republica</span> <span class='ocrx_word' id='word_1_427' title='bbox 950 3335 1065 3401; x_wconf 89' lang='lat' dir='ltr'>occidi.</span> <span class='ocrx_word' id='word_1_428' title='bbox 1150 3324 1271 3396; x_wconf 64' lang='lat' dir='ltr'>dissime</span> <span class='ocrx_word' id='word_1_429' title='bbox 1292 3332 1321 3393; x_wconf 90' lang='lat' dir='ltr'>id</span> <span class='ocrx_word' id='word_1_430' title='bbox 1344 3329 1538 3408; x_wconf 85' lang='lat' dir='ltr'>prohibetur.</span> <span class='ocrx_word' id='word_1_431' title='bbox 1568 3329 1655 3395; x_wconf 84' lang='lat' dir='ltr'>inter</span> <span class='ocrx_word' id='word_1_432' title='bbox 1684 3326 1815 3392; x_wconf 82' lang='lat' dir='ltr'>summos</span> <span class='ocrx_word' id='word_1_433' title='bbox 1841 3348 1915 3393; x_wconf 85' lang='lat' dir='ltr'>vtro</span> 
     </span>
    </p>

    <p class='ocr_par' dir='ltr' id='par_1_3' title="bbox 355 3408 1920 4443">
     <span class='ocr_line' id='line_1_37' title="bbox 395 3408 1914 3498; baseline -0.003 -25"><span class='ocrx_word' id='word_1_434' title='bbox 395 3410 499 3474; x_wconf 89' lang='lat' dir='ltr'>Obiici</span> <span class='ocrx_word' id='word_1_435' title='bbox 524 3409 572 3474; x_wconf 87' lang='lat' dir='ltr'>hic</span> <span class='ocrx_word' id='word_1_436' title='bbox 603 3409 699 3485; x_wconf 79' lang='lat' dir='ltr'>posset</span> <span class='ocrx_word' id='word_1_437' title='bbox 727 3431 788 3477; x_wconf 90' lang='grc' dir='ltr'>ιιοιι</span> <span class='ocrx_word' id='word_1_438' title='bbox 807 3414 898 3478; x_wconf 83' lang='lat' dir='ltr'>licere</span> <span class='ocrx_word' id='word_1_439' title='bbox 927 3417 1046 3480; x_wconf 86' lang='lat' dir='ltr'>tradere</span> <span class='ocrx_word' id='word_1_440' title='bbox 1068 3436 1117 3498; x_wconf 89' lang='lat' dir='ltr'>ty·</span> <span class='ocrx_word' id='word_1_441' title='bbox 1153 3408 1334 3486; x_wconf 81' lang='lat' dir='ltr'>Pontifices,</span> <span class='ocrx_word' id='word_1_442' title='bbox 1353 3411 1404 3485; x_wconf 90' lang='lat' dir='ltr'>qui</span> <span class='ocrx_word' id='word_1_443' title='bbox 1427 3409 1605 3486; x_wconf 85' lang='lat' dir='ltr'>superhanc</span> <span class='ocrx_word' id='word_1_444' title='bbox 1623 3411 1786 3474; x_wconf 80' lang='lat' dir='ltr'>materiam</span> <span class='ocrx_word' id='word_1_445' title='bbox 1802 3408 1914 3474; x_wconf 73' lang='lat' dir='ltr'>versati</span> 
     </span>
     <span class='ocr_line' id='line_1_38' title="bbox 356 3486 1914 3573; baseline -0.002 -22"><span class='ocrx_word' id='word_1_446' title='bbox 356 3490 455 3552; x_wconf 79' lang='lat' dir='ltr'>ranno</span> <span class='ocrx_word' id='word_1_447' title='bbox 479 3489 637 3554; x_wconf 89' lang='lat' dir='ltr'>mulierem</span> <span class='ocrx_word' id='word_1_448' title='bbox 659 3490 835 3555; x_wconf 83' lang='lat' dir='ltr'>violandam</span> <span class='ocrx_word' id='word_1_449' title='bbox 857 3542 865 3570; x_wconf 92' lang='lat'>,</span> <span class='ocrx_word' id='word_1_450' title='bbox 887 3491 950 3559; x_wconf 80' lang='lat' dir='ltr'>sive</span> <span class='ocrx_word' id='word_1_451' title='bbox 967 3499 1117 3573; x_wconf 85' lang='lat' dir='ltr'>virginem</span> <span class='ocrx_word' id='word_1_452' title='bbox 1154 3490 1353 3567; x_wconf 85' lang='lat' dir='ltr'>iunt,edidit</span> <span class='ocrx_word' id='word_1_453' title='bbox 1375 3486 1457 3552; x_wconf 76' lang='lat' dir='ltr'>suam</span> <span class='ocrx_word' id='word_1_454' title='bbox 1474 3488 1860 3554; x_wconf 80' lang='lat' dir='ltr'>Constitutionem&#39;Sixtus</span> <span class='ocrx_word' id='word_1_455' title='bbox 1879 3487 1914 3548; x_wconf 85' lang='lat' dir='ltr'>V.</span> 
     </span>
     <span class='ocr_line' id='line_1_39' title="bbox 355 3564 1912 3654; baseline -0.004 -21"><span class='ocrx_word' id='word_1_456' title='bbox 355 3564 592 3645; x_wconf 84' lang='lat' dir='ltr'>deflorandam,</span> <span class='ocrx_word' id='word_1_457' title='bbox 619 3573 689 3643; x_wconf 80' lang='lat' dir='ltr'>quia</span> <span class='ocrx_word' id='word_1_458' title='bbox 715 3569 771 3635; x_wconf 90' lang='lat' dir='ltr'>hoc</span> <span class='ocrx_word' id='word_1_459' title='bbox 795 3573 872 3637; x_wconf 82' lang='lat' dir='ltr'>esset</span> <span class='ocrx_word' id='word_1_460' title='bbox 898 3595 983 3638; x_wconf 85' lang='lat' dir='ltr'>ease</span> <span class='ocrx_word' id='word_1_461' title='bbox 1047 3595 1118 3639; x_wconf 87' lang='lat' dir='ltr'>nere</span> <span class='ocrx_word' id='word_1_462' title='bbox 1152 3592 1219 3648; x_wconf 79' lang='lat' dir='ltr'>qnae</span> <span class='ocrx_word' id='word_1_463' title='bbox 1236 3570 1364 3653; x_wconf 88' lang='lat' dir='ltr'>incipit:</span> <span class='ocrx_word' id='word_1_464' title='bbox 1386 3570 1595 3649; x_wconf 70' lang='lat' dir='ltr'>Efflaenatm,</span> <span class='ocrx_word' id='word_1_465' title='bbox 1610 3565 1912 3654; x_wconf 67' lang='lat' dir='ltr'>qurcgoriuaXiV.</span> 
     </span>
     <span class='ocr_line' id='line_1_40' title="bbox 357 3641 1914 3732; baseline 0.001 -24"><span class='ocrx_word' id='word_1_466' title='bbox 357 3649 492 3725; x_wconf 87' lang='lat' dir='ltr'>periculo</span> <span class='ocrx_word' id='word_1_467' title='bbox 511 3641 685 3728; x_wconf 81' lang='lat' dir='ltr'>gravissimo</span> <span class='ocrx_word' id='word_1_468' title='bbox 706 3653 865 3727; x_wconf 84' lang='lat' dir='ltr'>peccandi.</span> <span class='ocrx_word' id='word_1_469' title='bbox 886 3653 941 3716; x_wconf 82' lang='lat' dir='ltr'>Sed</span> <span class='ocrx_word' id='word_1_470' title='bbox 965 3675 996 3718; x_wconf 89' lang='lat' dir='ltr'>rc</span> <span class='ocrx_word' id='word_1_471' title='bbox 1010 3655 1119 3732; x_wconf 87' lang='lat' dir='ltr'>ponde·</span> <span class='ocrx_word' id='word_1_472' title='bbox 1154 3671 1218 3727; x_wconf 71' lang='lat' dir='ltr'>que</span> <span class='ocrx_word' id='word_1_473' title='bbox 1245 3653 1351 3727; x_wconf 89' lang='lat' dir='ltr'>incipit</span> <span class='ocrx_word' id='word_1_474' title='bbox 1370 3652 1454 3713; x_wconf 67' lang='lat' dir='ltr'>Sedes</span> <span class='ocrx_word' id='word_1_475' title='bbox 1472 3651 1635 3729; x_wconf 69' lang='lat' dir='ltr'>Apostmca</span> <span class='ocrx_word' id='word_1_476' title='bbox 1651 3693 1660 3725; x_wconf 89' lang='lat'>,</span> <span class='ocrx_word' id='word_1_477' title='bbox 1679 3653 1713 3712; x_wconf 93' lang='lat' dir='ltr'>in</span> <span class='ocrx_word' id='word_1_478' title='bbox 1733 3646 1844 3723; x_wconf 79' lang='lat' dir='ltr'>quibus</span> <span class='ocrx_word' id='word_1_479' title='bbox 1862 3665 1914 3709; x_wconf 86' lang='lat' dir='ltr'>ex·</span> 
     </span>
     <span class='ocr_line' id='line_1_41' title="bbox 357 3724 1917 3812; baseline -0.002 -20"><span class='ocrx_word' id='word_1_480' title='bbox 357 3724 476 3792; x_wconf 88' lang='lat' dir='ltr'>turhoc</span> <span class='ocrx_word' id='word_1_481' title='bbox 493 3744 554 3791; x_wconf 88' lang='grc' dir='ltr'>ιιοιι</span> <span class='ocrx_word' id='word_1_482' title='bbox 574 3732 752 3808; x_wconf 88' lang='lat' dir='ltr'>contingere</span> <span class='ocrx_word' id='word_1_483' title='bbox 781 3732 812 3794; x_wconf 92' lang='lat' dir='ltr'>in</span> <span class='ocrx_word' id='word_1_484' title='bbox 835 3729 906 3795; x_wconf 88' lang='lat' dir='ltr'>casu</span> <span class='ocrx_word' id='word_1_485' title='bbox 931 3732 1060 3812; x_wconf 81' lang='lat' dir='ltr'>nostro,</span> <span class='ocrx_word' id='word_1_486' title='bbox 1087 3738 1120 3796; x_wconf 95' lang='lat' dir='ltr'>in</span> <span class='ocrx_word' id='word_1_487' title='bbox 1154 3731 1421 3794; x_wconf 88' lang='lat' dir='ltr'>communicantur</span> <span class='ocrx_word' id='word_1_488' title='bbox 1437 3734 1755 3793; x_wconf 78' lang='lat' dir='ltr'>excommunicatione</span> <span class='ocrx_word' id='word_1_489' title='bbox 1783 3724 1917 3805; x_wconf 78' lang='lat' dir='ltr'>speciali·</span> 
     </span>
     <span class='ocr_line' id='line_1_42' title="bbox 355 3802 1917 3885; baseline 0 -16"><span class='ocrx_word' id='word_1_490' title='bbox 355 3826 418 3884; x_wconf 82' lang='lat' dir='ltr'>quo</span> <span class='ocrx_word' id='word_1_491' title='bbox 442 3811 545 3880; x_wconf 85' lang='lat' dir='ltr'>potius</span> <span class='ocrx_word' id='word_1_492' title='bbox 573 3807 686 3884; x_wconf 83' lang='lat' dir='ltr'>grande</span> <span class='ocrx_word' id='word_1_493' title='bbox 710 3812 857 3873; x_wconf 81' lang='lat' dir='ltr'>meritum</span> <span class='ocrx_word' id='word_1_494' title='bbox 882 3813 1007 3878; x_wconf 81' lang='lat' dir='ltr'>resultat</span> <span class='ocrx_word' id='word_1_495' title='bbox 1032 3818 1121 3878; x_wconf 90' lang='lat' dir='ltr'>inno·</span> <span class='ocrx_word' id='word_1_496' title='bbox 1157 3827 1204 3872; x_wconf 91' lang='lat' dir='ltr'>tet</span> <span class='ocrx_word' id='word_1_497' title='bbox 1220 3806 1368 3885; x_wconf 83' lang='lat' dir='ltr'>Episcopo</span> <span class='ocrx_word' id='word_1_498' title='bbox 1387 3808 1543 3873; x_wconf 84' lang='lat' dir='ltr'>reservata</span> <span class='ocrx_word' id='word_1_499' title='bbox 1563 3811 1606 3884; x_wconf 90' lang='lat' dir='ltr'>ii,</span> <span class='ocrx_word' id='word_1_500' title='bbox 1624 3809 1676 3883; x_wconf 85' lang='lat' dir='ltr'>qui</span> <span class='ocrx_word' id='word_1_501' title='bbox 1692 3802 1917 3884; x_wconf 84' lang='lat' dir='ltr'>procurantab·</span> 
     </span>
     <span class='ocr_line' id='line_1_43' title="bbox 355 3881 1918 3974; baseline -0.001 -26"><span class='ocrx_word' id='word_1_502' title='bbox 355 3887 440 3953; x_wconf 87' lang='lat' dir='ltr'>cenci</span> <span class='ocrx_word' id='word_1_503' title='bbox 461 3885 541 3959; x_wconf 88' lang='lat' dir='ltr'>apud</span> <span class='ocrx_word' id='word_1_504' title='bbox 563 3887 687 3964; x_wconf 87' lang='lat' dir='ltr'>Deum,</span> <span class='ocrx_word' id='word_1_505' title='bbox 712 3886 745 3951; x_wconf 88' lang='lat'>&amp;</span> <span class='ocrx_word' id='word_1_506' title='bbox 774 3893 857 3953; x_wconf 87' lang='lat' dir='ltr'>cives</span> <span class='ocrx_word' id='word_1_507' title='bbox 882 3891 940 3955; x_wconf 89' lang='lat' dir='ltr'>dici</span> <span class='ocrx_word' id='word_1_508' title='bbox 966 3908 1121 3970; x_wconf 88' lang='lat' dir='ltr'>nequeunt</span> <span class='ocrx_word' id='word_1_509' title='bbox 1155 3903 1258 3952; x_wconf 90' lang='lat' dir='ltr'>ortum</span> <span class='ocrx_word' id='word_1_510' title='bbox 1277 3936 1285 3961; x_wconf 95' lang='lat'>,</span> <span class='ocrx_word' id='word_1_511' title='bbox 1301 3885 1411 3952; x_wconf 81' lang='lat' dir='ltr'>effesiu</span> <span class='ocrx_word' id='word_1_512' title='bbox 1431 3903 1535 3953; x_wconf 88' lang='lat' dir='ltr'>tamen</span> <span class='ocrx_word' id='word_1_513' title='bbox 1555 3885 1673 3953; x_wconf 86' lang='lat' dir='ltr'>secuto.</span> <span class='ocrx_word' id='word_1_514' title='bbox 1709 3885 1749 3950; x_wconf 84' lang='lat' dir='ltr'>Et</span> <span class='ocrx_word' id='word_1_515' title='bbox 1770 3881 1918 3974; x_wconf 24' lang='lat' dir='ltr'>stuprocu·</span> 
     </span>
     <span class='ocr_line' id='line_1_44' title="bbox 358 3963 1915 4046; baseline -0.001 -20"><span class='ocrx_word' id='word_1_516' title='bbox 358 3967 517 4041; x_wconf 87' lang='lat' dir='ltr'>cooperari</span> <span class='ocrx_word' id='word_1_517' title='bbox 543 3965 641 4029; x_wconf 84' lang='lat' dir='ltr'>iilius</span> <span class='ocrx_word' id='word_1_518' title='bbox 669 3967 810 4030; x_wconf 79' lang='lat' dir='ltr'>occisioni</span> <span class='ocrx_word' id='word_1_519' title='bbox 841 3989 910 4032; x_wconf 91' lang='lat' dir='ltr'>eum</span> <span class='ocrx_word' id='word_1_520' title='bbox 941 3970 1091 4036; x_wconf 88' lang='lat' dir='ltr'>tradendo</span> <span class='ocrx_word' id='word_1_521' title='bbox 1113 4019 1122 4046; x_wconf 96' lang='lat'>,</span> <span class='ocrx_word' id='word_1_522' title='bbox 1157 3987 1225 4030; x_wconf 82' lang='lat' dir='ltr'>rans</span> <span class='ocrx_word' id='word_1_523' title='bbox 1246 3966 1283 4030; x_wconf 87' lang='lat' dir='ltr'>iit</span> <span class='ocrx_word' id='word_1_524' title='bbox 1303 3966 1439 4043; x_wconf 81' lang='lat' dir='ltr'>Clericus</span> <span class='ocrx_word' id='word_1_525' title='bbox 1459 4016 1468 4043; x_wconf 93' lang='lat'>,</span> <span class='ocrx_word' id='word_1_526' title='bbox 1487 3967 1566 4032; x_wconf 76' lang='lat' dir='ltr'>omni</span> <span class='ocrx_word' id='word_1_527' title='bbox 1584 3964 1711 4032; x_wconf 80' lang='lat' dir='ltr'>clericali</span> <span class='ocrx_word' id='word_1_528' title='bbox 1722 3963 1915 4044; x_wconf 79' lang='lat' dir='ltr'>privilegio,</span> 
     </span>
     <span class='ocr_line' id='line_1_45' title="bbox 358 4039 1918 4126; baseline 0.003 -24"><span class='ocrx_word' id='word_1_529' title='bbox 358 4039 554 4107; x_wconf 86' lang='lat' dir='ltr'>dum-eorum</span> <span class='ocrx_word' id='word_1_530' title='bbox 576 4047 711 4107; x_wconf 91' lang='lat' dir='ltr'>intentio</span> <span class='ocrx_word' id='word_1_531' title='bbox 730 4047 870 4111; x_wconf 75' lang='lat' dir='ltr'>venatur</span> <span class='ocrx_word' id='word_1_532' title='bbox 891 4051 1121 4124; x_wconf 85' lang='lat' dir='ltr'>tantummodo,</span> <span class='ocrx_word' id='word_1_533' title='bbox 1155 4045 1271 4126; x_wconf 72' lang='lat' dir='ltr'>officiis,</span> <span class='ocrx_word' id='word_1_534' title='bbox 1291 4044 1497 4126; x_wconf 74' lang='lat' dir='ltr'>dignitatibus,</span> <span class='ocrx_word' id='word_1_535' title='bbox 1513 4046 1679 4124; x_wconf 79' lang='lat' dir='ltr'>beneficiis.</span> <span class='ocrx_word' id='word_1_536' title='bbox 1695 4090 1703 4107; x_wconf 94' lang='lat'>.</span> <span class='ocrx_word' id='word_1_537' title='bbox 1720 4083 1728 4107; x_wconf 82' lang='grc'><strong>.</strong></span> <span class='ocrx_word' id='word_1_538' title='bbox 1744 4089 1753 4105; x_wconf 92' lang='grc'><strong>.</strong></span> <span class='ocrx_word' id='word_1_539' title='bbox 1772 4041 1830 4123; x_wconf 78' lang='lat' dir='ltr'>ipso</span> <span class='ocrx_word' id='word_1_540' title='bbox 1838 4041 1918 4118; x_wconf 71' lang='lat' dir='ltr'>fads</span> 
     </span>
     <span class='ocr_line' id='line_1_46' title="bbox 360 4121 1916 4207; baseline 0 -23"><span class='ocrx_word' id='word_1_541' title='bbox 360 4136 398 4184; x_wconf 90' lang='lat' dir='ltr'>ut</span> <span class='ocrx_word' id='word_1_542' title='bbox 416 4121 570 4185; x_wconf 76' lang='lat' dir='ltr'>excidium</span> <span class='ocrx_word' id='word_1_543' title='bbox 586 4124 703 4187; x_wconf 88' lang='lat' dir='ltr'>civium</span> <span class='ocrx_word' id='word_1_544' title='bbox 724 4124 921 4200; x_wconf 83' lang='lat' dir='ltr'>impediatur:</span> <span class='ocrx_word' id='word_1_545' title='bbox 939 4132 1001 4194; x_wconf 82' lang='lat' dir='ltr'>irno</span> <span class='ocrx_word' id='word_1_546' title='bbox 1016 4128 1050 4195; x_wconf 79' lang='lat' dir='ltr'>dt</span> <span class='ocrx_word' id='word_1_547' title='bbox 1070 4128 1121 4206; x_wconf 88' lang='lat' dir='ltr'>ipsr</span> <span class='ocrx_word' id='word_1_548' title='bbox 1154 4124 1297 4204; x_wconf 75' lang='lat' dir='ltr'>privatur</span> <span class='ocrx_word' id='word_1_549' title='bbox 1318 4172 1327 4201; x_wconf 89' lang='lat'>,</span> <span class='ocrx_word' id='word_1_550' title='bbox 1356 4123 1398 4192; x_wconf 70' lang='lat' dir='ltr'>(ff</span> <span class='ocrx_word' id='word_1_551' title='bbox 1408 4130 1447 4206; x_wconf 76' lang='lat' dir='ltr'>fii</span> <span class='ocrx_word' id='word_1_552' title='bbox 1462 4129 1494 4190; x_wconf 81' lang='lat' dir='ltr'>in</span> <span class='ocrx_word' id='word_1_553' title='bbox 1509 4126 1651 4207; x_wconf 78' lang='lat' dir='ltr'>futurum</span> <span class='ocrx_word' id='word_1_554' title='bbox 1670 4122 1810 4189; x_wconf 65' lang='lat' dir='ltr'>snhbilis</span> <span class='ocrx_word' id='word_1_555' title='bbox 1832 4123 1916 4187; x_wconf 75' lang='lat' dir='ltr'>adea</span> 
     </span>
     <span class='ocr_line' id='line_1_47' title="bbox 360 4199 1918 4289; baseline 0.002 -26"><span class='ocrx_word' id='word_1_556' title='bbox 360 4200 467 4276; x_wconf 81' lang='lat' dir='ltr'>cives,</span> <span class='ocrx_word' id='word_1_557' title='bbox 489 4199 523 4265; x_wconf 84' lang='lat' dir='ltr'>dt</span> <span class='ocrx_word' id='word_1_558' title='bbox 539 4203 681 4266; x_wconf 85' lang='lat' dir='ltr'>innocens</span> <span class='ocrx_word' id='word_1_559' title='bbox 700 4200 845 4281; x_wconf 85' lang='lat' dir='ltr'>supplices</span> <span class='ocrx_word' id='word_1_560' title='bbox 864 4206 944 4271; x_wconf 84' lang='lat' dir='ltr'>fiunt</span> <span class='ocrx_word' id='word_1_561' title='bbox 965 4224 1121 4289; x_wconf 87' lang='lat' dir='ltr'>tyranno,</span> <span class='ocrx_word' id='word_1_562' title='bbox 1150 4204 1349 4284; x_wconf 79' lang='lat' dir='ltr'>suscipienda.</span> <span class='ocrx_word' id='word_1_563' title='bbox 1382 4207 1429 4270; x_wconf 83' lang='lat' dir='ltr'>Sic</span> <span class='ocrx_word' id='word_1_564' title='bbox 1451 4206 1577 4271; x_wconf 72' lang='lat' dir='ltr'>habetur</span> <span class='ocrx_word' id='word_1_565' title='bbox 1597 4210 1627 4268; x_wconf 87' lang='lat' dir='ltr'>in</span> <span class='ocrx_word' id='word_1_566' title='bbox 1648 4205 1782 4269; x_wconf 84' lang='lat' dir='ltr'>laudatis</span> <span class='ocrx_word' id='word_1_567' title='bbox 1801 4200 1918 4267; x_wconf 69' lang='lat' dir='ltr'>Gtrnsii·</span> 
     </span>
     <span class='ocr_line' id='line_1_48' title="bbox 358 4279 1919 4366; baseline 0.002 -26"><span class='ocrx_word' id='word_1_568' title='bbox 358 4294 398 4343; x_wconf 91' lang='lat' dir='ltr'>nt</span> <span class='ocrx_word' id='word_1_569' title='bbox 426 4279 504 4344; x_wconf 87' lang='lat' dir='ltr'>velit</span> <span class='ocrx_word' id='word_1_570' title='bbox 521 4290 583 4345; x_wconf 65' lang='lat' dir='ltr'>non·</span> <span class='ocrx_word' id='word_1_571' title='bbox 607 4280 716 4346; x_wconf 84' lang='lat' dir='ltr'>toliere</span> <span class='ocrx_word' id='word_1_572' title='bbox 740 4289 839 4349; x_wconf 89' lang='lat' dir='ltr'>vitam</span> <span class='ocrx_word' id='word_1_573' title='bbox 872 4289 1058 4366; x_wconf 87' lang='lat' dir='ltr'>innocenti,</span> <span class='ocrx_word' id='word_1_574' title='bbox 1086 4288 1121 4354; x_wconf 80' lang='lat' dir='ltr'>dt</span> <span class='ocrx_word' id='word_1_575' title='bbox 1159 4287 1357 4363; x_wconf 88' lang='lat' dir='ltr'>tutionibus,</span> <span class='ocrx_word' id='word_1_576' title='bbox 1386 4306 1456 4349; x_wconf 88' lang='lat' dir='ltr'>cum</span> <span class='ocrx_word' id='word_1_577' title='bbox 1474 4286 1639 4364; x_wconf 83' lang='lat' dir='ltr'>Gregorius</span> <span class='ocrx_word' id='word_1_578' title='bbox 1666 4285 1751 4347; x_wconf 87' lang='lat' dir='ltr'><strong>XIV.</strong></span> <span class='ocrx_word' id='word_1_579' title='bbox 1783 4283 1860 4346; x_wconf 83' lang='lat' dir='ltr'>nihii</span> <span class='ocrx_word' id='word_1_580' title='bbox 1888 4284 1919 4344; x_wconf 92' lang='lat' dir='ltr'>in</span> 
     </span>
     <span class='ocr_line' id='line_1_49' title="bbox 361 4361 1920 4443; baseline 0.002 -21"><span class='ocrx_word' id='word_1_581' title='bbox 361 4376 486 4434; x_wconf 88' lang='lat' dir='ltr'>parcere</span> <span class='ocrx_word' id='word_1_582' title='bbox 506 4363 647 4424; x_wconf 82' lang='lat' dir='ltr'>civitati.</span> <span class='ocrx_word' id='word_1_583' title='bbox 1159 4363 1211 4428; x_wconf 88' lang='lat' dir='ltr'>sua</span> <span class='ocrx_word' id='word_1_584' title='bbox 1230 4370 1309 4429; x_wconf 89' lang='lat' dir='ltr'>circa</span> <span class='ocrx_word' id='word_1_585' title='bbox 1326 4365 1381 4428; x_wconf 89' lang='lat' dir='ltr'>hoc</span> <span class='ocrx_word' id='word_1_586' title='bbox 1402 4367 1624 4443; x_wconf 86' lang='lat' dir='ltr'>innovavcrit,</span> <span class='ocrx_word' id='word_1_587' title='bbox 1644 4361 1697 4427; x_wconf 82' lang='lat' dir='ltr'>nist</span> <span class='ocrx_word' id='word_1_588' title='bbox 1718 4364 1798 4440; x_wconf 87' lang='lat' dir='ltr'>quod</span> <span class='ocrx_word' id='word_1_589' title='bbox 1814 4367 1848 4425; x_wconf 94' lang='lat' dir='ltr'>in</span> <span class='ocrx_word' id='word_1_590' title='bbox 1868 4382 1920 4425; x_wconf 84' lang='lat' dir='ltr'>ert·</span> 
     </span>
    </p>

    <p class='ocr_par' dir='ltr' id='par_1_4' title="bbox 400 4437 1921 4521">
     <span class='ocr_line' id='line_1_50' title="bbox 400 4437 1921 4521; baseline 0.002 -20"><span class='ocrx_word' id='word_1_591' title='bbox 400 4438 503 4502; x_wconf 86' lang='lat' dir='ltr'>Maior</span> <span class='ocrx_word' id='word_1_592' title='bbox 521 4437 715 4519; x_wconf 80' lang='lat' dir='ltr'>difficultas,</span> <span class='ocrx_word' id='word_1_593' title='bbox 742 4465 808 4518; x_wconf 69' lang='lat' dir='ltr'>qua</span> <span class='ocrx_word' id='word_1_594' title='bbox 825 4447 907 4510; x_wconf 88' lang='lat' dir='ltr'>eirca</span> <span class='ocrx_word' id='word_1_595' title='bbox 927 4443 984 4511; x_wconf 88' lang='lat' dir='ltr'>boc</span> <span class='ocrx_word' id='word_1_596' title='bbox 1009 4444 1122 4512; x_wconf 79' lang='lat' dir='ltr'>versari</span> <span class='ocrx_word' id='word_1_597' title='bbox 1157 4445 1434 4514; x_wconf 83' lang='lat' dir='ltr'>conrnunicatione</span> <span class='ocrx_word' id='word_1_598' title='bbox 1465 4466 1528 4507; x_wconf 91' lang='lat' dir='ltr'>non</span> <span class='ocrx_word' id='word_1_599' title='bbox 1550 4444 1921 4521; x_wconf 77' lang='lat' dir='ltr'>comprehendaturpro·</span> 
     </span>
    </p>

    <p class='ocr_par' dir='ltr' id='par_1_5' title="bbox 374 4515 1923 4682">
     <span class='ocr_line' id='line_1_51' title="bbox 415 4515 1921 4604; baseline 0.001 -23"><span class='ocrx_word' id='word_1_600' title='bbox 415 4515 490 4598; x_wconf 87' lang='lat' dir='ltr'>est,</span> <span class='ocrx_word' id='word_1_601' title='bbox 526 4517 569 4583; x_wconf 88' lang='lat' dir='ltr'>est</span> <span class='ocrx_word' id='word_1_602' title='bbox 601 4542 674 4584; x_wconf 91' lang='lat' dir='ltr'>num</span> <span class='ocrx_word' id='word_1_603' title='bbox 697 4522 789 4586; x_wconf 82' lang='lat' dir='ltr'>ludet</span> <span class='ocrx_word' id='word_1_604' title='bbox 813 4528 1124 4604; x_wconf 86' lang='lat' dir='ltr'>queminnocentem</span> <span class='ocrx_word' id='word_1_605' title='bbox 1158 4544 1269 4587; x_wconf 85' lang='lat' dir='ltr'>curans</span> <span class='ocrx_word' id='word_1_606' title='bbox 1294 4524 1435 4588; x_wconf 89' lang='lat' dir='ltr'>abortum</span> <span class='ocrx_word' id='word_1_607' title='bbox 1459 4522 1553 4588; x_wconf 79' lang='lat' dir='ltr'>fretus</span> <span class='ocrx_word' id='word_1_608' title='bbox 1578 4524 1770 4599; x_wconf 80' lang='lat' dir='ltr'>inanimati,</span> <span class='ocrx_word' id='word_1_609' title='bbox 1807 4525 1861 4598; x_wconf 87' lang='lat' dir='ltr'>qui</span> <span class='ocrx_word' id='word_1_610' title='bbox 1890 4523 1921 4583; x_wconf 87' lang='lat' dir='ltr'>in</span> 
     </span>
     <span class='ocr_line' id='line_1_52' title="bbox 374 4598 1923 4682; baseline 0.002 -23"><span class='ocrx_word' id='word_1_611' title='bbox 374 4598 490 4663; x_wconf 87' lang='lat' dir='ltr'>cientia</span> <span class='ocrx_word' id='word_1_612' title='bbox 506 4601 630 4680; x_wconf 83' lang='lat' dir='ltr'>privata</span> <span class='ocrx_word' id='word_1_613' title='bbox 651 4599 806 4681; x_wconf 79' lang='lat' dir='ltr'>agnoscit,</span> <span class='ocrx_word' id='word_1_614' title='bbox 833 4605 904 4670; x_wconf 90' lang='lat' dir='ltr'>dum</span> <span class='ocrx_word' id='word_1_615' title='bbox 917 4621 1020 4669; x_wconf 88' lang='lat' dir='ltr'>tamen</span> <span class='ocrx_word' id='word_1_616' title='bbox 1038 4608 1124 4669; x_wconf 84' lang='lat' dir='ltr'>iuxta</span> <span class='ocrx_word' id='word_1_617' title='bbox 1158 4602 1278 4666; x_wconf 80' lang='lat' dir='ltr'>Sirtina</span> <span class='ocrx_word' id='word_1_618' title='bbox 1288 4605 1619 4682; x_wconf 87' lang='lat' dir='ltr'>comprehendebatur:</span> <span class='ocrx_word' id='word_1_619' title='bbox 1643 4603 1842 4668; x_wconf 81' lang='lat' dir='ltr'>innocentius</span> <span class='ocrx_word' id='word_1_620' title='bbox 1854 4618 1923 4665; x_wconf 86' lang='lat' dir='ltr'>tan·</span> 
     </span>
    </p>

    <p class='ocr_par' dir='ltr' id='par_1_6' title="bbox 280 4674 1924 4840">
     <span class='ocr_line' id='line_1_53' title="bbox 280 4674 1923 4767; baseline 0.004 -29"><span class='ocrx_word' id='word_1_621' title='bbox 280 4684 283 4689; x_wconf 86' lang='lat'>&#39;</span> <span class='ocrx_word' id='word_1_622' title='bbox 360 4674 548 4767; x_wconf 74' lang='lat' dir='ltr'>allegata&amp;</span> <span class='ocrx_word' id='word_1_623' title='bbox 568 4679 692 4754; x_wconf 82' lang='lat' dir='ltr'>probata</span> <span class='ocrx_word' id='word_1_624' title='bbox 718 4698 787 4747; x_wconf 87' lang='lat' dir='ltr'>reus</span> <span class='ocrx_word' id='word_1_625' title='bbox 815 4687 922 4749; x_wconf 83' lang='lat' dir='ltr'>mortis</span> <span class='ocrx_word' id='word_1_626' title='bbox 950 4703 1125 4762; x_wconf 82' lang='lat' dir='ltr'>appareat,</span> <span class='ocrx_word' id='word_1_627' title='bbox 1159 4682 1227 4744; x_wconf 92' lang='lat' dir='ltr'>dern</span> <span class='ocrx_word' id='word_1_628' title='bbox 1244 4681 1299 4746; x_wconf 82' lang='lat' dir='ltr'>XI.</span> <span class='ocrx_word' id='word_1_629' title='bbox 1322 4682 1455 4748; x_wconf 84' lang='lat' dir='ltr'>consone</span> <span class='ocrx_word' id='word_1_630' title='bbox 1472 4685 1561 4748; x_wconf 83' lang='lat' dir='ltr'>sacris</span> <span class='ocrx_word' id='word_1_631' title='bbox 1576 4683 1772 4759; x_wconf 86' lang='lat' dir='ltr'>canonibus,</span> <span class='ocrx_word' id='word_1_632' title='bbox 1800 4680 1923 4746; x_wconf 75' lang='lat' dir='ltr'>&amp;tari-</span> 
     </span>
     <span class='ocr_line' id='line_1_54' title="bbox 362 4751 1924 4840; baseline 0.005 -23"><span class='ocrx_word' id='word_1_633' title='bbox 362 4751 450 4818; x_wconf 87' lang='lat' dir='ltr'>ircite</span> <span class='ocrx_word' id='word_1_634' title='bbox 469 4758 577 4818; x_wconf 84' lang='lat' dir='ltr'>nrortis</span> <span class='ocrx_word' id='word_1_635' title='bbox 596 4758 740 4823; x_wconf 85' lang='lat' dir='ltr'>damnare</span> <span class='ocrx_word' id='word_1_636' title='bbox 759 4783 873 4840; x_wconf 70' lang='lat' dir='ltr'>queatr</span> <span class='ocrx_word' id='word_1_637' title='bbox 895 4763 929 4828; x_wconf 78' lang='lat' dir='ltr'>dt</span> <span class='ocrx_word' id='word_1_638' title='bbox 948 4765 984 4828; x_wconf 92' lang='lat' dir='ltr'>de</span> <span class='ocrx_word' id='word_1_639' title='bbox 994 4763 1050 4826; x_wconf 87' lang='lat' dir='ltr'>hnc</span> <span class='ocrx_word' id='word_1_640' title='bbox 1060 4761 1124 4827; x_wconf 89' lang='lat' dir='ltr'>sen·</span> <span class='ocrx_word' id='word_1_641' title='bbox 1160 4761 1237 4824; x_wconf 84' lang='lat' dir='ltr'>datis</span> <span class='ocrx_word' id='word_1_642' title='bbox 1260 4761 1427 4835; x_wconf 86' lang='lat' dir='ltr'>apostolicis</span> <span class='ocrx_word' id='word_1_643' title='bbox 1456 4760 1578 4828; x_wconf 89' lang='lat' dir='ltr'>suorum</span> <span class='ocrx_word' id='word_1_644' title='bbox 1609 4763 1820 4840; x_wconf 72' lang='lat' dir='ltr'>praecessorum</span> <span class='ocrx_word' id='word_1_645' title='bbox 1840 4759 1924 4824; x_wconf 87' lang='lat' dir='ltr'>Gon·</span> 
     </span>
    </p>

    <p class='ocr_par' dir='ltr' id='par_1_7' title="bbox 292 4832 1923 5246">
     <span class='ocr_line' id='line_1_55' title="bbox 292 4832 1921 4926; baseline 0.009 -34"><span class='ocrx_word' id='word_1_646' title='bbox 292 4881 299 4892; x_wconf 85' lang='lat'><strong>.</strong></span> <span class='ocrx_word' id='word_1_647' title='bbox 364 4835 447 4926; x_wconf 68' lang='lat' dir='ltr'>ciunt</span> <span class='ocrx_word' id='word_1_648' title='bbox 465 4832 618 4926; x_wconf 79' lang='lat' dir='ltr'>tbeoiogi,</span> <span class='ocrx_word' id='word_1_649' title='bbox 633 4838 712 4915; x_wconf 89' lang='lat' dir='ltr'>quod</span> <span class='ocrx_word' id='word_1_650' title='bbox 733 4838 754 4900; x_wconf 89' lang='lat' dir='ltr'>sr</span> <span class='ocrx_word' id='word_1_651' title='bbox 776 4843 866 4907; x_wconf 90' lang='lat' dir='ltr'>iudici</span> <span class='ocrx_word' id='word_1_652' title='bbox 888 4844 972 4907; x_wconf 89' lang='lat' dir='ltr'>nulla</span> <span class='ocrx_word' id='word_1_653' title='bbox 993 4842 1055 4907; x_wconf 86' lang='lat' dir='ltr'>alia</span> <span class='ocrx_word' id='word_1_654' title='bbox 1073 4844 1124 4906; x_wconf 91' lang='lat' dir='ltr'>via</span> <span class='ocrx_word' id='word_1_655' title='bbox 1160 4837 1369 4908; x_wconf 80' lang='lat' dir='ltr'>stitutionibus</span> <span class='ocrx_word' id='word_1_656' title='bbox 1393 4841 1560 4921; x_wconf 87' lang='lat' dir='ltr'>proscripsit</span> <span class='ocrx_word' id='word_1_657' title='bbox 1587 4844 1660 4907; x_wconf 79' lang='lat' dir='ltr'>hanc</span> <span class='ocrx_word' id='word_1_658' title='bbox 1682 4841 1921 4922; x_wconf 82' lang='lat' dir='ltr'>propositionem</span> 
     </span>
     <span class='ocr_line' id='line_1_56' title="bbox 362 4910 1922 5007; baseline 0.008 -34"><span class='ocrx_word' id='word_1_659' title='bbox 362 4910 455 4976; x_wconf 82' lang='lat' dir='ltr'>illum</span> <span class='ocrx_word' id='word_1_660' title='bbox 468 4911 613 5007; x_wconf 81' lang='lat' dir='ltr'>liberandi</span> <span class='ocrx_word' id='word_1_661' title='bbox 629 4921 806 4998; x_wconf 84' lang='lat' dir='ltr'>aperiatur,</span> <span class='ocrx_word' id='word_1_662' title='bbox 827 4921 1016 4986; x_wconf 89' lang='lat' dir='ltr'>debeateum</span> <span class='ocrx_word' id='word_1_663' title='bbox 1032 4926 1122 4987; x_wconf 88' lang='lat' dir='ltr'>morti</span> <span class='ocrx_word' id='word_1_664' title='bbox 1159 4942 1227 4997; x_wconf 80' lang='lat' dir='ltr'>quae</span> <span class='ocrx_word' id='word_1_665' title='bbox 1249 4943 1377 4988; x_wconf 87' lang='lat' dir='ltr'>numero</span> <span class='ocrx_word' id='word_1_666' title='bbox 1403 4922 1445 4986; x_wconf 86' lang='lat' dir='ltr'>esi</span> <span class='ocrx_word' id='word_1_667' title='bbox 1469 4939 1517 5004; x_wconf 83' lang='lat'>34.</span> <span class='ocrx_word' id='word_1_668' title='bbox 1548 4924 1633 4989; x_wconf 74' lang='lat' dir='ltr'>Licet</span> <span class='ocrx_word' id='word_1_669' title='bbox 1654 4941 1810 5002; x_wconf 77' lang='lat' dir='ltr'>procurare</span> <span class='ocrx_word' id='word_1_670' title='bbox 1841 4921 1922 4986; x_wconf 76' lang='lat' dir='ltr'>abor·</span> 
     </span>
     <span class='ocr_line' id='line_1_57' title="bbox 363 4991 1923 5087; baseline 0.013 -36"><span class='ocrx_word' id='word_1_671' title='bbox 363 4991 504 5081; x_wconf 32' lang='lat' dir='ltr'>tradere..</span> <span class='ocrx_word' id='word_1_672' title='bbox 526 4992 647 5086; x_wconf 80' lang='lat' dir='ltr'>Dicinrr</span> <span class='ocrx_word' id='word_1_673' title='bbox 665 4995 806 5087; x_wconf 82' lang='lat' dir='ltr'>consulto</span> <span class='ocrx_word' id='word_1_674' title='bbox 834 5001 891 5080; x_wconf 80' lang='lat' dir='ltr'>nr&#39;fi</span> <span class='ocrx_word' id='word_1_675' title='bbox 916 5001 1124 5067; x_wconf 69' lang='lat' dir='ltr'>vilcasinum</span> <span class='ocrx_word' id='word_1_676' title='bbox 1159 5012 1224 5064; x_wconf 80' lang='lat' dir='ltr'>ium</span> <span class='ocrx_word' id='word_1_677' title='bbox 1238 5015 1308 5066; x_wconf 80' lang='lat' dir='ltr'>ante</span> <span class='ocrx_word' id='word_1_678' title='bbox 1335 5004 1540 5068; x_wconf 74' lang='lat' dir='ltr'>animationem</span> <span class='ocrx_word' id='word_1_679' title='bbox 1568 5002 1657 5086; x_wconf 74' lang='lat' dir='ltr'>scetus</span> <span class='ocrx_word' id='word_1_680' title='bbox 1686 5025 1725 5068; x_wconf 85' lang='lat' dir='ltr'>nr</span> <span class='ocrx_word' id='word_1_681' title='bbox 1752 5005 1852 5084; x_wconf 74' lang='lat' dir='ltr'>puella</span> <span class='ocrx_word' id='word_1_682' title='bbox 1873 5006 1923 5071; x_wconf 80' lang='lat' dir='ltr'>dc·</span> 
     </span>
     <span class='ocr_line' id='line_1_58' title="bbox 355 5070 1922 5246; baseline 0.015 -113"><span class='ocrx_word' id='word_1_683' title='bbox 355 5070 451 5135; x_wconf 69' lang='lat' dir='ltr'>alium</span> <span class='ocrx_word' id='word_1_684' title='bbox 466 5070 609 5153; x_wconf 73' lang='lat' dir='ltr'>liberandi</span> <span class='ocrx_word' id='word_1_685' title='bbox 628 5091 801 5161; x_wconf 78' lang='lat' dir='ltr'>aperiatur,</span> <span class='ocrx_word' id='word_1_686' title='bbox 828 5087 901 5160; x_wconf 84' lang='lat' dir='ltr'>quia</span> <span class='ocrx_word' id='word_1_687' title='bbox 921 5081 1013 5149; x_wconf 83' lang='lat' dir='ltr'>iudex</span> <span class='ocrx_word' id='word_1_688' title='bbox 1035 5099 1123 5151; x_wconf 88' lang='lat' dir='ltr'>tene·</span> <span class='ocrx_word' id='word_1_689' title='bbox 1156 5079 1297 5162; x_wconf 57' lang='lat' dir='ltr'>prehensa</span> <span class='ocrx_word' id='word_1_690' title='bbox 1311 5084 1442 5166; x_wconf 79' lang='lat' dir='ltr'>gravida</span> <span class='ocrx_word' id='word_1_691' title='bbox 1457 5083 1631 5166; x_wconf 79' lang='lat' dir='ltr'>occidatur,</span> <span class='ocrx_word' id='word_1_692' title='bbox 1659 5101 1713 5164; x_wconf 68' lang='lat' dir='ltr'>rut</span> <span class='ocrx_word' id='word_1_693' title='bbox 1736 5085 1922 5246; x_wconf 45' lang='lat' dir='ltr'>injiciamus.</span> 
     </span>
    </p>

    <p class='ocr_par' dir='ltr' id='par_1_8' title="bbox 391 5186 1887 5237">
     <span class='ocr_line' id='line_1_59' title="bbox 391 5186 1887 5237; baseline 0.003 -4"><span class='ocrx_word' id='word_1_694' title='bbox 391 5186 397 5195; x_wconf 88' lang='lat'><strong>·</strong></span> <span class='ocrx_word' id='word_1_695' title='bbox 693 5226 699 5235; x_wconf 87' lang='lat'>.</span> <span class='ocrx_word' id='word_1_696' title='bbox 1838 5191 1887 5237; x_wconf 82' lang='lat' dir='ltr'>urs</span> 
     </span>
    </p>
   </div>
   <div class='ocr_carea' id='block_1_2' title="bbox 1441 2574 1622 2642">
    <p class='ocr_par' dir='ltr' id='par_1_9' title="bbox 1441 2574 1622 2642">
     <span class='ocr_line' id='line_1_60' title="bbox 1441 2574 1622 2642; baseline 0 -3"><span class='ocrx_word' id='word_1_697' title='bbox 1441 2581 1485 2640; x_wconf 87' lang='lat' dir='ltr'>De</span> <span class='ocrx_word' id='word_1_698' title='bbox 1504 2574 1622 2642; x_wconf 77' lang='lat' dir='ltr'>abortu.</span> 
     </span>
    </p>
   </div>
   <div class='ocr_carea' id='block_1_3' title="bbox 0 0 2251 6000">
    <p class='ocr_par' dir='ltr' id='par_1_10' title="bbox 0 0 2251 6000">
     <span class='ocr_line' id='line_1_61' title="bbox 0 0 2251 6000; baseline 0 0"><span class='ocrx_word' id='word_1_699' title='bbox 0 0 2251 6000; x_wconf 95' lang='lat' dir='ltr'> </span> 
     </span>
    </p>
   </div>
  </div>
 </body>
</html>
