4425 6000
465 548 512 623 32
714 511 1276 589 hinnulorum
1316 509 1642 587 quenali.

400 645 462 691 nou
478 620 560 685 frunt
585 615 682 686 primo
701 616 901 690 occupantis,
922 631 984 676 aut·
1004 611 1090 687 fisci,
1110 610 1160 673 fed
1196 611 1227 673 iu
1247 609 1333 674 bonis
1359 610 1499 676 omuibus
1529 615 1653 678 incertia
1673 629 1714 677 tx
1748 607 1881 694 delirio,
1896 610 1971 684 fin-

392 705 519 769 domino
538 692 726 762 restituenda
743 690 831 773 funt,
848 693 884 759 l..
904 692 1039 772 Navigia
1057 690 1158 755 rodda
1193 707 1283 753 extet
1302 691 1405 767 aliqua
1427 692 1476 755 lex
1498 689 1648 770 pofitiva,
1666 691 1730 756 five
1753 712 1835 756 non.

387 781 511 866 funis,
540 776 574 843 δι
594 775 636 841 cll
659 778 846 840 rotumunis.
865 774 1073 850 Quamobrem
1094 774 1159 833 ini·
1232 770 1317 833 bona
1335 791 1411 835 vero
1429 774 1572 850 incerta,
1600 792 1667 847 quae
1695 789 1821 837 tantum
1840 770 1964 840 conflat

394 883 465 940 quae
484 858 557 922 funt
580 856 658 936 leges
677 853 874 926 municipales
905 855 1076 929 aliquorum
1114 852 1157 912 lo·
1194 847 1232 912 ad
1252 870 1347 913 unum
1367 852 1501 926 aliquem
1517 853 1669 939 pertinere
1689 854 1915 928 expaucis,v.

392 960 521 1015 corum,
542 956 610 1012 quae
631 935 709 997 bona
725 930 970 1008 naufragantium
1000 931 1154 1008 applicant
1194 949 1232 990 ex
1251 930 1384 1007 duobus,
1401 930 1453 994 vel
1470 931 1591 1008 tribus,
1618 930 1806 996 rellitutuda
1828 873 1963 995 lentilli
1984 987 1987 992 .

394 1020 517 1084 domino
534 1017 613 1090 loci,
635 1013 671 1076 ad
692 1033 780 1089 quem
797 1019 1002 1089 appu'eruut.
1030 1011 1105 1075 ldeo
1122 1015 1156 1070 in
1195 1007 1419 1074 communitati
1437 1056 1446 1086 ,
1475 1009 1512 1072 ad
1530 1032 1619 1086 quam
1637 1011 1804 1075 creduntur
1826 1012 1961 1087 pertiue-

391 1099 484 1164 Bulla
506 1095 615 1160 Cornu
641 1093 969 1186 excommunicantur,
996 1096 1050 1167 qui
1078 1092 1158 1153 buna
1196 1106 1253 1165 re,
1277 1107 1313 1152 ut
1335 1088 1385 1152 vel
1408 1087 1459 1164 ipfr
1479 1109 1517 1152 ea
1548 1089 1676 1154 interfe
1696 1089 1838 1175 dividant
1869 1090 1961 1158 iuxta

394 1179 636 1242 Chrillianorum
670 1169 917 1251 naufragantium
956 1185 1091 1236 inventa
1125 1174 1157 1231 in
1196 1167 1440 1242 probabilitatem
1451 1170 1547 1244 iuris,
1567 1169 1644 1245 quod
1655 1168 1892 1247 quilquehabet,
1908 1169 1961 1235 vel

396 1258 506 1322 littore
531 1251 711 1329 surripiant,
727 1250 847 1328 quando
866 1250 894 1313 id
917 1246 1033 1315 faciant
1051 1251 1158 1312 auimo
1196 1265 1295 1311 rotam
1322 1267 1386 1312 rem
1412 1245 1486 1313 forti
1512 1253 1743 1323 committant,
1771 1266 1862 1325 prout
1895 1247 1965 1327 ipsas

396 1356 433 1401 ea
458 1331 510 1398 fibi
542 1332 716 1397 retinendi.
743 1331 815 1394 Nou
848 1331 1018 1394 incurreret
1049 1345 1157 1392 tamen
1196 1325 1360 1400 placuerit.
1389 1325 1530 1404 idemque
1551 1326 1711 1390 dicendum
1727 1328 1764 1390 de
1780 1328 1866 1392 bonit
1896 1349 1960 1406 per·

396 1415 515 1492 culpam
541 1460 548 1490 ,
576 1431 633 1475 nec
661 1410 1010 1475 excommunicationem
1035 1409 1089 1486 qui
1120 1426 1158 1470 ea
1196 1407 1364 1470 tinentibus
1380 1406 1416 1469 ad
1442 1405 1573 1483 aliquam
1592 1405 1860 1471 communitatem
1916 1413 1960 1474 ita

397 1495 535 1559 lervaret
557 1494 658 1554 animo
677 1490 848 1566 inquirendi
870 1488 1051 1565 dominum,
1072 1486 1105 1550 ἃ
1126 1505 1160 1549 ea
1195 1502 1231 1551 ut
1247 1503 1350 1577 tamen
1376 1488 1534 1565 ignoretur
1560 1503 1709 1563 quantum
1739 1486 1776 1550 ad
1793 1456 1961 1563 quemlibet

396 1594 459 1641 non
478 1585 676 1648 comparente
699 1569 826 1633 haberet
842 1585 877 1632 ut
893 1563 1160 1640 derelifla.Quod
1196 1569 1226 1626 in
1260 1568 1438 1641 particulari
1484 1568 1676 1642 pertineat,
1712 1583 1748 1629 ut
1778 1564 1799 1627 fr
1836 1568 1905 1643 quir
1929 1571 1961 1632 ia

394 1670 499 1720 autem
520 1650 633 1715 dicitur
653 1647 689 1712 de
715 1651 895 1730 inveniente
917 1648 949 1710 in
967 1643 1075 1711 littore
1096 1666 1159 1708 ma·
1194 1643 1274 1707 bello
1301 1641 1412 1707 iniullo
1451 1664 1559 1722 pagum
1593 1649 1745 1723 integrum
1781 1640 1798 1706 f
1835 1643 1965 1728 lialfet,

392 1734 434 1798 ris
450 1728 541 1809 spolia
559 1722 830 1806 naufragantium,
851 1726 930 1788 idem
950 1724 1048 1790 dicito
1069 1725 1106 1789 de
1124 1724 1161 1786 il·
1196 1741 1268 1811 tunc
1288 1725 1371 1786 enim
1389 1724 1464 1788 talia
1485 1725 1565 1786 bona
1586 1724 1728 1788 rellituta
1758 1724 1786 1786 di
1816 1723 1963 1794 ribuenda

394 1812 423 1876 la
442 1803 691 1888 expiscantibus',
714 1805 751 1890 dt
777 1803 975 1884 eripientibus
996 1826 1035 1869 ex
1059 1807 1161 1868 incen·
1195 1802 1292 1865 elleut
1315 1821 1332 1865 a
1355 1800 1572 1878 prarfedloloci
1603 1803 1690 1867 iuxta
1721 1803 1963 1886 equalitatem,

393 1890 464 1967 dio,
479 1909 514 1953 ac
535 1884 778 1971 vallatiouibus,
799 1882 862 1949 sive
882 1887 1018 1963 peritura
1043 1886 1160 1958 client,
1196 1900 1251 1945 atat
1274 1880 1521 1976 probabilitatem
1538 1883 1630 1945 iuris.
1653 1883 1702 1946 Sic
1717 1881 1853 1959 dellius,
1875 1884 1963 1968 largo

394 1970 459 2033 frve
481 1986 543 2031 nou
559 2008 567 2034 .
583 1964 717 2041 Quilque
734 1981 839 2029 tamen
861 1964 957 2042 potest
987 1980 1061 2030 tuta
1088 1982 1160 2032 cou-
1194 1982 1265 2025 cum
1283 1962 1373 2026 alus.

395 2045 524 2113 scientia
543 2042 594 2107 fibi
620 2041 656 2105 dt
681 2042 768 2108 rebus
792 2044 837 2107 his
863 2045 996 2108 retinere
1012 2061 1161 2120 quantum
1235 2042 1297 2115 Qui
1318 2040 1398 2106 bona
1419 2042 1510 2108 habet
1533 2047 1677 2110 vacantia
1709 2043 1743 2110 δι
1774 2045 1894 2112 incerta
1924 2063 1965 2110 ex

396 2126 509 2191 iudicio
531 2122 686 2199 prudentis
702 2172 711 2201 ‚
730 2120 765 2187 dt
785 2123 909 2187 discreti
933 2124 994 2188 viri
1020 2120 1091 2187 latis
1119 2120 1155 2184 frt
1195 2119 1303 2183 delrflo
1323 2168 1332 2198 ,
1353 2118 1417 2184 sive
1436 2143 1476 2186 ex
1496 2122 1607 2186 iuiulla
1635 2127 1835 2204 acceptione,
1863 2121 1964 2204 perse

395 2203 434 2271 ad
453 2201 713 2281 compensandum
734 2201 870 2267 laborem
886 2202 1060 2280 fuum,aut
1081 2204 1160 2280 peri·
1197 2200 1348 2286 loquendo
1371 2202 1467 2277 pollet
1489 2222 1526 2265 ea
1554 2201 1604 2266 fibi
1633 2204 1810 2280 applicare,
1840 2204 1964 2281 quando

297 2345 300 2349 .
396 2284 516 2360 culum,
537 2282 619 2357 quod
643 2283 675 2345 in
704 2301 738 2345 re
758 2284 886 2348 alterius
907 2303 925 2346 a
946 2282 1082 2359 periculo
1106 2301 1160 2344 err·
1197 2281 1320 2356 iplamtt
1338 2299 1411 2343 vere
1426 2281 1501 2344 elfet
1524 2302 1655 2358 pauper,
1674 2281 1708 2346 dt
1729 2283 1849 2358 quidem
1869 2286 1965 2349 etiam

398 2360 570 2438 trahenda,
588 2355 843 2432 &conservanda
865 2364 1013 2425 incurrit.
1042 2361 1161 2424 Merces
1196 2379 1236 2424 err
1255 2357 1447 2423 authoritate
1464 2363 1605 2436 propria,
1627 2361 1788 2426 dummodo
1808 2358 1885 2428 abfrt
1913 2379 1966 2439 pt·

399 2461 476 2508 vero
495 2436 646 2517 bostium,
665 2439 699 2506 ἀ
721 2439 917 2516 praedouum,
934 2457 989 2504 aut
1005 2440 1161 2515 illaqua-
1198 2437 1328 2502 ticulum
1357 2436 1496 2512 fraudis,
1524 2459 1586 2501 non
1613 2440 1733 2528 quidem
1762 2441 1859 2506 ritulo
1888 2442 1963 2506 boni

396 2544 466 2587 rama
487 2521 623 2597 vetitus,
642 2518 882 2584 ellcommeatus
896 2567 905 2589 .
921 2520 1015 2597 vulgo
1033 2518 1150 2584 contrad
1197 2515 1348 2593 derelidli,
1363 2513 1413 2579 fed
1435 2517 1530 2582 titulo
1547 2520 1603 2591 οἰκ
1623 2520 1748 2584 caullae.
1778 2520 1827 2584 Sic
1849 2521 1966 2588 dotent

400 2600 514 2676 bando,
535 2618 588 2677 per
609 2599 690 2678 leges
709 2597 831 2670 addatur
851 2597 1028 2664 funtfifco.
1056 2596 1160 2662 Tour-
1196 2618 1266 2661 cum
1303 2596 1342 2658 D.
1379 2595 1502 2660 Thoma
1536 2597 1689 2676 Theologi
1725 2604 1965 2664 communiret.

397 2683 534 2748 neleius.
1197 2678 1278 2746 Nam
1301 2674 1321 2737 li
1344 2673 1404 2751 ipfa
1433 2695 1596 2752 paupertas
1617 2677 1658 2740 eli
1688 2675 1838 2743 sufficiens
1859 2685 1968 2760 ratio,

256 2760 319 2822 Qu*
334 2753 385 2808 θ’*
440 2760 527 2826 Runa
545 2762 688 2826 vacantia
709 2780 745 2824 ea
765 2762 811 2825 ita
832 2759 1026 2839 appellantur
1036 2779 1104 2838 quae
1116 2777 1163 2821 re·
1196 2774 1233 2821 ιιι
1253 2776 1290 2820 ta
1309 2753 1388 2820 bona
1409 2753 1459 2819 fibi
1478 2757 1514 2818 ab
1530 2757 1591 2819 alio
1610 2757 1753 2834 applicari
1770 2758 1899 2839 poffint,
1922 2757 1967 2824 fe-

255 2823 385 2935 ⁵⁰:52⁹}
402 2840 517 2918 linquit
551 2839 657 2916 aliquis
686 2837 725 2903 ab
752 2839 904 2905 intestato
931 2840 1076 2903 decedens
1100 2837 1163 2900 fine
1197 2839 1303 2913 quitur
1326 2834 1405 2914 quod
1424 2838 1521 2901 eriam
1537 2835 1892 2916 poteruntalemeripso
1913 2837 1966 2904 sabi

254 2899 352 3013 {lagu}
401 2916 588 2996 haeredibus,
604 2921 655 2992 qui
678 2923 706 2981 ei
725 2922 812 2983 iuxta
835 2920 931 2998 legem
953 2918 991 2982 ab
1020 2915 1164 2982 intellato
1198 2916 1357 2993 applicari.

254 3011 380 3070 applicat·
399 2996 581 3064 succedant.
603 2998 682 3062 Haec
700 2998 782 3062 bona
803 3019 840 3062 rx
859 3016 921 3078 cap.
941 2995 1081 3064 vacantia
1100 2998 1162 3061 cod.
1236 2996 1266 3059 Si
1289 3015 1367 3061 vero
1390 2991 1441 3062 fur
1467 2996 1615 3077 lludiofe,
1637 3016 1692 3064 aut
1708 3019 1765 3076 per
1790 2995 1969 3066 affestaram

256 3078 306 3127 Μ·
401 3080 438 3145 de
466 3074 556 3141 loaisa
575 3075 752 3142 vacamibar
776 3075 849 3142 fisco
873 3077 1098 3156 applicantur3
1130 3074 1164 3141 ἃ
1200 3076 1415 3154 negligentiam
1446 3081 1548 3142 animo
1575 3082 1732 3144 evitandae
1765 3080 1969 3146 rellitutionia

396 3158 508 3221 idcirco
539 3152 614 3218 falco
651 3156 766 3218 rellirui
806 3157 918 3220 debent
944 3203 953 3235 ,
984 3173 1094 3231 utpote
1127 3154 1163 3218 ad
1200 3159 1231 3217 in
1252 3153 1366 3219 flatum
1399 3162 1584 3232 paupertatis
1612 3157 1642 3222 se
1669 3160 1844 3224 conietill'et
1867 3207 1875 3235 ,
1900 3180 1971 3226 non

401 3231 496 3313 ipsum
513 3236 719 3312 pertinentia.
742 3234 827 3319 Bona
848 3253 952 3303 tamen
976 3235 1098 3300 mobilia
1115 3252 1164 3309 pe·
1201 3233 1296 3313 pollet
1319 3234 1392 3297 ralia
1408 3237 1486 3299 bona
1508 3237 1558 3300 libi
1580 3242 1727 3301 retinere.
1752 3239 1835 3302 Nam
1855 3238 1967 3317 diguus

407 3315 599 3394 regriuorum
613 3332 665 3389 per
685 3312 859 3391 Epilcopum
885 3315 943 3378 loci
964 3318 995 3377 in
1012 3318 1076 3390 pios
1096 3313 1165 3376 ulus
1201 3312 1326 3377 nonest
1349 3310 1456 3378 favore
1482 3315 1553 3395 legis
1597 3321 1646 3393 qui
1671 3315 1807 3381 fraudem
1823 3323 1971 3382 commit·

402 3392 472 3458 lunt
493 3389 715 3467 dillribueuda,
739 3412 777 3481 τις
795 3393 946 3469 Attidem.
972 3413 1069 3457 omnes
1087 3411 1165 3470 pere
1201 3398 1241 3457 tit
1267 3393 1298 3455 iu
1319 3392 1432 3472 legem,
1453 3414 1509 3458 nec
1532 3365 1575 3458 cll
1601 3397 1717 3460 bonum
1749 3397 1970 3477 Reipublicae,

397 3460 487 3555 grr'rrr'
503 3517 512 3549 ,
539 3492 606 3550 rap.
623 3491 784 3536 communia
814 3473 850 3537 de
863 3471 976 3553 sutceff.
1005 3471 1167 3535 dummodo
1202 3490 1238 3537 ut
1253 3473 1417 3548 impunitas
1435 3474 1581 3538 l'celerum
1607 3476 1664 3540 hoc
1681 3477 1776 3540 modo¹
1790 3472 1937 3541 foveatur
1958 3518 1969 3539 .

402 3568 508 3629 tamen
525 3550 772 3630 Xenodochium,
793 3552 1166 3627 inquomortuusfutrit‚
1201 3552 1231 3614 Si
1254 3571 1328 3616 vero
1357 3551 1467 3615 alicubi
1496 3556 1673 3630 particulari
1704 3556 1772 3633 lege
1790 3557 1882 3619 aliter
1908 3555 1973 3621 fla·

403 3650 468 3696 non
488 3627 599 3694 babeat
616 3630 725 3707 privile
746 3633 810 3694 ium
834 3633 911 3696 talia
936 3633 1016 3695 bona
1039 3630 1092 3695 fibi
1115 3652 1167 3706 ap·
1203 3648 1308 3695 tutum
1329 3628 1421 3695 fuerit
1459 3631 1541 3697 sicuti
1569 3634 1702 3699 rellatur
1723 3636 1877 3699 somnias
1905 3634 1972 3701 elle

318 3744 321 3751 ·
404 3709 556 3787 plicandi,
576 3724 610 3772 ut
633 3652 781 3784 aliquibus
798 3712 829 3773 in
847 3711 919 3775 locis
936 3709 1168 3775 haberetellan·
1201 3712 1233 3774 in
1255 3708 1384 3775 Dioecefr
1409 3679 1645 3792 Mediolanensi,
1666 3714 1743 3776 illud
1760 3708 1889 3778 brunino
1908 3712 1972 3777 fer·

404 3796 458 3854 tur
478 3789 656 3864 Navarrus,
671 3789 882 3855 Covarruvias
906 3789 968 3855 &u
1204 3789 1338 3854 vandum
1361 3789 1465 3859 elfet-
1488 3793 1603 3857 Verum
1632 3795 1729 3857 etiam
1758 3797 1789 3855 in
1821 3794 1876 3858 tali
1896 3791 1972 3859 casu

444 3868 530 3933 Bona
556 3870 699 3932 vacantia
728 3866 792 3931 fave
814 3889 899 3934 certa
921 3917 929 3945 ,
958 3867 1020 3934 fave
1048 3871 1167 3935 incerta
1201 3869 1277 3935 ordo
1292 3869 1453 3937 charitatis
1468 3870 1621 3938 observari
1640 3871 1748 3949 debet,
1764 3891 1801 3937 ut
1818 3872 1969 3940 videlicet

404 3947 482 4019 fmt,
502 3943 664 4010 eadelifio
679 3945 825 4022 acquisita
846 3997 855 4027 ,
875 3953 1000 4013 retineri
1016 3969 1078 4014 aron
1099 3948 1167 4026 pol·
1203 3951 1279 4015 talia
1309 3949 1388 4015 bona
1416 3949 1638 4016 dillribuautur
1668 3970 1721 4017 aut
1754 3953 1973 4032 indigentiori·

404 4026 493 4096 funt,
516 4023 562 4088 fed
579 4024 667 4089 sicuti
686 4028 788 4090 omnia
805 4027 863 4090 alia
885 4027 963 4092 bona
982 4031 1094 4093 incerti
1114 4028 1167 4093 do·
1202 4028 1277 4107 bus,
1298 4049 1352 4094 aut
1373 4027 1576 4099 misericordia
1596 4030 1798 4113 dignioribus,
1818 4038 1862 4097 ita
1876 4040 1917 4097 'ut
1935 4034 1971 4095 in

404 4109 479 4171 mini
501 4108 664 4182 vacantia,
686 4105 736 4171 vel
757 4109 876 4172 incerta
896 4128 947 4184 per
966 4104 1168 4185 fe,erogau·
1202 4107 1274 4175 cafu
1294 4110 1375 4186 quod
1398 4115 1463 4186 quis
1486 4109 1525 4174 ob
1554 4129 1766 4188 paupertatem
1840 4184 1844 4191 ,
1894 4107 1969 4187 „sibi

403 4186 443 4255 da
461 4181 531 4248 funt
548 4185 578 4249 io
596 4203 759 4259 pauperes,
779 4186 829 4249 vel
855 4188 929 4250 alias
948 4190 1010 4264 pias
1029 4188 1165 4254 caussas:
1204 4190 1279 4254 talia
1302 4190 1382 4254 bona
1413 4189 1592 4269 applicare,
1621 4211 1683 4254 noo
1713 4192 1848 4257 sufficere
1869 4208 1971 4273 illim·

400 4266 435 4331 dc
455 4263 582 4339 quidem
602 4264 668 4325 iure
689 4283 828 4340 naturae,
844 4265 877 4330 dc
898 4272 941 4331 ita
962 4268 1055 4332 docet
1071 4268 1168 4332 etiam
1205 4268 1369 4345 lifcumque
1390 4287 1572 4345 paupertas,
1599 4292 1659 4347 qua
1689 4270 1885 4348 vexaretur,
1904 4274 1972 4335 ma·

401 4341 577 4410 Alexander
593 4336 646 4402 111.
662 4359 726 4418 cap.
744 4361 770 4420 5.
803 4345 840 4409 dr
866 4344 991 4427 usuris,
1014 4347 1065 4411 ubi
1093 4348 1166 4412 dicit
1202 4353 1495 4412 ximecumnatura
1516 4349 1604 4414 differ
1625 4350 1970 4426 nullielferelinqueu·

400 4421 522 4500 ufuras,
541 4418 564 4484 fi
581 4420 714 4496 domini,
736 4423 785 4489 vel
806 4422 940 4491 haeredes
961 4447 1024 4490 uon
1041 4427 1166 4505 amplius
1202 4430 1272 4491 dum
1289 4426 1436 4491 iudicium
1452 4429 1484 4491 in
1504 4431 1604 4494 caull'a
1623 4434 1762 4505 propria.
1783 4429 1900 4494 ldcirco
1930 4448 1972 4492 ue

401 4501 463 4571 lint
480 4496 652 4578 superfluas
671 4548 681 4580 ,
697 4502 747 4567 vel
764 4503 946 4579 pauperibus
965 4507 1026 4570 elle
1041 4527 1166 4585 erogan·
1202 4512 1267 4585 quis
1285 4511 1316 4568 iu
1340 4525 1372 4569 re
1399 4504 1454 4571 hac
1484 4510 1673 4574 vincibiliter
1695 4527 1800 4588 erret,
1821 4511 1972 4572 iudicium

401 4581 454 4648 das
475 4579 527 4644 vel
545 4574 664 4645 lualias
679 4583 740 4657 piar
759 4586 895 4651 caullas.
913 4584 1168 4661 Idemquedicen·
1206 4585 1436 4662 relinquendum
1456 4584 1498 4650 efl
1516 4586 1724 4668 Conftlfario,
1742 4591 1792 4654 vel
1813 4590 1905 4655 alteri
1922 4588 1975 4652 vi·

270 4640 364 4783 s
400 4661 473 4726 dum
492 4658 530 4723 de
547 4656 715 4726 aliisbonis
735 4664 873 4730 omnibus
893 4686 931 4729 ex
948 4661 1167 4742 delisto;cum
1202 4686 1238 4732 ro
1258 4663 1416 4744 prudenti.

266 4782 269 4786 -
398 4739 439 4806 lit
454 4741 567 4817 paritas
584 4744 731 4821 rationis,
748 4761 784 4809 ut
802 4761 886 4822 patet
907 4743 940 4808 da
955 4763 995 4808 ex
1012 4750 1166 4811 communi

399 4819 485 4884 sensu
509 4816 700 4907 Doflorum,
723 4827 773 4899 qui
801 4825 881 4889 idem
907 4825 956 4887 ius
980 4827 1166 4902 agnoscunt.

398 4901 482 4965 Hine
507 4898 640 4975 lequitur
670 4898 776 4967 usuras
800 4901 1011 4969 deficientibus
1040 4905 1174 4981 ltaeredir

395 4978 452 5045 bur
468 4976 667 5044 restituendas
687 4981 747 5044 elle
763 4980 943 5059 pauperibus
965 4982 1025 5060 3&
1046 4986 1166 5057 quidem

397 5056 452 5139 ub
471 5075 613 5139 peccaro.
629 5060 709 5136 Quae
730 5063 816 5127 ratio
827 5078 915 5141 urget
946 5061 1165 5134 uuiverlaliter
1774 5152 1792 5214 ς
1814 5143 1920 5213 xvffl
