4425 6000
626 519 833 598 Tener.
862 545 927 597 nn
963 525 1298 617 Conantur,
1329 524 1448 599 Cat.
1476 526 1541 602 vt.
1742 545 1819 628 ης

300 621 393 699 liter,
407 619 443 686 dr
458 641 499 684 ex
512 618 628 685 iustitia
640 633 660 684 .'
675 624 824 688 Similiter
851 628 901 700 qui
927 624 983 687 dat
998 644 1067 688 mu·
1103 625 1199 687 nolim
1229 626 1257 687 ei
1278 623 1350 686 dare
1372 628 1534 701 pecuniam
1552 640 1663 691 mutuo
1678 623 1726 705 ,st
1747 629 1808 705 ipse
1826 650 1867 699 ea

302 717 391 765 tutan
411 697 564 775 ioeniinae,
580 723 649 764 ctnn
670 707 865 779 intentione,
884 704 931 767 vel
957 701 1067 781 pallo,
1102 703 1177 786 mibi
1203 704 1371 767 concedere
1398 703 1548 770 recuset.
1573 706 1787 772 Communiter
1816 729 1868 775 re«

293 789 338 845 'ut
356 778 506 843 eliacim
524 778 569 843 sui
585 784 703 857 copiam
725 786 756 845 in
783 785 915 858 pretium
935 787 1034 847 mutui
1055 804 1065 859 3
1103 782 1251 857 lpondent
1272 781 1425 860 Theologi
1452 784 1500 848 bic
1520 805 1581 849 non
1597 783 1709 850 subelle
1728 789 1869 867 ulitram,

299 858 384 922 l'eeua
402 858 514 923 verosi
532 861 709 926 intendatur
728 859 793 926 sola
820 866 887 926 eiua
906 865 1063 925 amicitia.
1101 864 1193 924 modo
1212 863 1269 925 hoc
1289 882 1351 925 non
1368 861 1441 926 srtei
1458 870 1553 941 magia
1572 861 1762 942 damnosum,
1775 888 1867 943 quom

300 937 376 1005 Hae
394 936 429 1004 &
445 936 552 1002 similia
575 938 665 1006 habet
681 942 837 1006 Bonacina
851 963 922 1005 cum
938 943 1023 1008 aliit.
1100 940 1176 1003 illud
1206 940 1279 1003 mibi
1299 988 1308 1015 ,
1336 944 1407 1016 quia
1429 943 1593 1019 pullulanti
1619 966 1635 1007 a
1658 965 1707 1007 me
1728 941 1870 1014 officiunt

296 1039 299 1046 ·
343 1047 347 1054 ·
1101 1022 1262 1094 amicitiae,
1281 1021 1359 1082 idem
1376 1026 1521 1086 amicitiae
1545 1021 1679 1087 officium
1698 1023 1791 1087 abeo
1813 1046 1868 1101 po·
1948 1079 1952 1088 .

590 1107 617 1166 t.
659 1097 767 1164 ΧΗ.
1103 1098 1216 1162 llnlare
1237 1101 1373 1175 polium,
1393 1098 1621 1177 &lipraeliare
1641 1120 1865 1176 renuat,eum

474 1195 541 1277 ’θ’
555 1222 636 1290 nn
657 1213 862 1281 remitam
1062 1178 1716 1336 .ll,ll'illl⁹lbll‘llllitill
1735 1182 1868 1335 lulli

332 1330 417 1393 Cum
453 1328 543 1398 usura
582 1333 671 1399 realis
715 1329 875 1396 manifeste
902 1333 1063 1409 contingat
1098 1336 1247 1400 reddenda
1276 1334 1509 1412 correspondeat
1537 1341 1636 1416 lorti,
1663 1336 1871 1418 &obligatio-

293 1409 423 1486 'quando
450 1411 564 1486 aliqu-d
595 1417 694 1491 pretio
723 1411 904 1477 aestimabile
933 1431 1062 1490 erogan·
1096 1418 1133 1477 de
1156 1414 1296 1491 praesenti
1313 1416 1473 1494 mutuandi
1496 1421 1641 1482 amicitiae
1651 1417 1868 1496 correspondet

295 1489 370 1553 dum
385 1485 474 1564 supra
492 1491 601 1557 intrem
626 1498 656 1555 in
675 1491 789 1567 paiium
804 1492 1001 1577 cupressum,
1028 1490 1062 1555 ἀ
1095 1492 1199 1559 officio
1221 1542 1230 1570 ,
1258 1494 1338 1569 quod
1357 1493 1395 1558 de
1411 1496 1550 1570 ptaelenti
1574 1497 1619 1559 illi
1643 1497 1765 1572 praello.
1790 1498 1866 1563 Dixi

294 1567 425 1632 formale
449 1569 634 1650 deducitur,
652 1589 767 1648 ‘patens
797 1575 885 1633 ulura
910 1575 969 1634 etit
989 1590 1061 1635 con·
1095 1574 1179 1637 modo
1198 1572 1246 1638 illi
1270 1596 1326 1637 rann
1336 1574 1378 1651 fil
1398 1574 1493 1654 magis
1519 1573 1719 1658 lacunosum,
1750 1599 1820 1642 nam
1842 1577 1865 1641 li

287 1651 424 1724 dentio,
448 1670 506 1725 qua
529 1672 546 1714 a
572 1669 743 1716 mutuante.
761 1649 915 1727 obligatur
934 1667 1059 1713 mutua·
1094 1653 1193 1716 eidem
1213 1654 1387 1717 damnosum
1409 1654 1446 1718 sit
1467 1675 1643 1720 remutuare
1665 1657 1801 1732 eoquod
1825 1657 1864 1722 de

296 1729 393 1792 tarius
415 1726 452 1789 ad
473 1729 709 1796 temutuandum
727 1726 975 1805 quotiescumque
994 1751 1060 1792 mu·
1095 1730 1179 1797 sacili
1200 1731 1309 1796 babere
1330 1752 1461 1809 nequeat
1471 1755 1666 1810 remutuum,
1688 1732 1863 1802 velfaciena

294 1822 386 1871 tuane
414 1805 575 1885 indiguerit
595 1856 604 1873 .
633 1811 681 1873 lta
708 1807 845 1885 exprelle
871 1807 898 1868 S.
923 1808 1061 1871 Thomas
1094 1814 1141 1876 dae
1158 1811 1215 1875 lint
1239 1810 1276 1875 ad
1293 1810 1376 1875 aliud
1397 1811 1564 1877 habendum
1583 1816 1693 1891 aliquae
1708 1817 1865 1898 expenl'ae,

293 1886 363 1949 loco
380 1885 439 1947 iam
458 1890 512 1949 cit.
531 1908 629 1952 arte.
653 1887 689 1951 ad
708 1910 737 1967 4.
760 1891 833 1951 Non
852 1887 922 1950 iicet
941 1900 1060 1950 mutua·
1092 1908 1213 1956 certum
1233 1889 1275 1953 eil
1308 1910 1383 1957 tunc
1403 1896 1462 1956 elle
1488 1891 1697 1973 iniustitiam,
1729 1914 1765 1959 ac
1793 1896 1863 1960 ideo

291 1965 409 2028 larium
435 1962 561 2045 obligare
579 1970 622 2033 ad
637 1980 776 2032 mutuum
804 1968 836 2028 in
852 1967 993 2044 posterum
1006 1965 1061 2048 fa·
1094 1968 1234 2047 usuram,
1253 1992 1323 2034 cum
1343 1990 1405 2035 non
1430 1967 1569 2036 servetur
1586 1975 1762 2049 aequaiitas.

292 2043 452 2120 tiendum,
472 2047 648 2122 quinetiam
668 2045 733 2110 boec
759 2044 889 2124 obligatio
912 2047 950 2127 esi
965 2046 1059 2124 pretio
1133 2047 1307 2113 Difficultas
1329 2049 1423 2127 igitur
1451 2051 1606 2116 reducitur
1636 2053 1675 2116 ad
1701 2052 1864 2131 obligatio-

293 2119 492 2195 editnahilis.
521 2127 675 2199 Quocirca
704 2123 794 2189 usura
817 2123 892 2189 eiset
914 2173 922 2201 ,
945 2123 967 2187 st
993 2147 1057 2189 niu·
1093 2149 1161 2192 nem
1177 2134 1211 2192 in
1232 2130 1384 2207 pollentm
1400 2129 1578 2208 mutuandi,
1601 2132 1653 2196 vel
1677 2132 1740 2197 alia
1759 2129 1865 2198 offitia

292 2217 383 2268 tuane
409 2222 486 2267 onus
508 2208 679 2281 imponeret
704 2208 928 2282 mutuatatio,
946 2222 982 2269 ut
1007 2205 1057 2269 bie
1113 2209 1274 2284 raellandi,
1293 2209 1328 2269 ad
1349 2229 1416 2282 quat
1437 2210 1513 2276 alias
1537 2214 1742 2275 mutuatarius
1772 2228 1861 2276 tene-

291 2281 371 2346 iulio
392 2283 493 2356 pretio
515 2284 551 2346 ab
574 2285 636 2362 ipio
659 2303 742 2349 emat
764 2300 826 2361 ,ut
854 2289 885 2347 in
905 2287 971 2347 eius
991 2305 1055 2350 mo·
1130 2306 1182 2353 tur
1201 2309 1241 2351 ex
1261 2286 1465 2364 gratitudine.
1488 2288 1536 2353 De
1558 2291 1613 2353 tali
1634 2291 1728 2367 igitur
1744 2288 1832 2366 paeto
1846 2337 1868 2370 ,,

290 2360 421 2426 lendinis
437 2360 559 2443 molat,
580 2383 614 2429 nt
630 2366 711 2428 illius
731 2384 835 2443 agrum
859 2361 937 2427 iulio
958 2367 1057 2441 pretio
1091 2366 1126 2433 dt
1142 2367 1329 2445 obligatione
1349 2387 1430 2430 nunc
1450 2371 1626 2447 quaeritur,
1654 2389 1726 2432 num
1746 2367 1865 2444 iniusta

289 2439 398 2517 eolat,
427 2458 461 2504 ut
477 2445 543 2506 eius
570 2441 686 2508 scholas
706 2442 907 2519 frequentet,
940 2462 977 2508 ut
1002 2444 1056 2506 do·
1091 2447 1127 2509 lit
1143 2446 1178 2512 ἀ
1198 2447 1350 2509 uiuraria.
1370 2446 1523 2511 Erculant
1540 2448 1633 2524 aliqui
1656 2450 1720 2513 tale
1741 2444 1877 2523 pastum·

289 2540 393 2597 mun,
411 2540 505 2599 opera
529 2521 588 2590 suae
608 2527 702 2601 artis,
720 2523 770 2586 vel
790 2522 960 2599 indullriae,
981 2521 1054 2586 sem·
1089 2525 1369 2605 obligationemque
1387 2525 1424 2589 ab
1440 2526 1546 2604 uiura,
1567 2530 1637 2602 quia
1657 2547 1801 2592 mutuans
1823 2530 1862 2602 itt

291 2617 346 2679 per
361 2617 465 2664 tamen
486 2601 564 2667 iulio
586 2608 688 2678 pretio
703 2607 731 2666 ci
750 2603 851 2678 locet,
869 2606 985 2680 aliaque
1001 2603 1055 2666 bu·
1091 2607 1147 2669 tali
1166 2605 1238 2670 calu
1255 2604 1329 2667 nibil
1347 2609 1427 2681 petit
1447 2607 1527 2681 quod
1543 2604 1579 2669 stt
1596 2606 1776 2683 indebitum,
1787 2628 1860 2674 cum

290 2675 416 2744 iusmodi
436 2699 504 2755 quae
528 2684 587 2746 iam
601 2702 642 2758 eat
664 2682 852 2762 gratitudine
880 2679 977 2746 facere
1005 2684 1056 2760 de·⁸
1088 2684 1248 2762 gratitudo
1268 2682 1352 2747 luam
1374 2686 1473 2759 pariat
1491 2685 1728 2763 obligationem,
1744 2687 1861 2764 quael't·

290 2755 399 2834 bebat,
417 2758 472 2820 uili
498 2779 601 2825 tamen
624 2759 830 2827 huiulcemodi
849 2760 937 2840 palia
953 2779 988 2825 ut
1004 2783 1052 2826 re·
1087 2782 1137 2830 cet
1155 2783 1215 2824 non
1236 2760 1272 2825 stt
1294 2764 1339 2824 ita
1355 2758 1473 2837 ssrista,
1491 2781 1525 2825 ut
1546 2763 1701 2840 charitas,
1720 2763 1754 2830 dt
1774 2763 1859 2828 iulii-

288 2831 415 2902 solvunt
432 2837 584 2920 Theologi
608 2840 821 2916 uniformiter,
847 2862 883 2904 ac
904 2859 996 2903 antea
1016 2842 1053 2905 de
1089 2847 1153 2917 tia,
1176 2860 1250 2905 veta
1267 2858 1370 2904 tamen
1390 2839 1433 2903 eli
1461 2838 1521 2903 obli
1544 2845 1637 2920 atio,
1666 2863 1735 2919 quae
1757 2846 1859 2908 virum

272 2913 374 2993 pasto
399 2917 519 2982 iniutiae
547 2921 775 2998 condonandae,
800 2918 981 2996 officii,vel
1001 2921 1051 2984 be·
1088 2923 1211 3000 probum
1232 2918 1510 3008 ligat,&ardat.
1562 2920 1734 2986 ihilominus
1751 2939 1858 2990 tamen
1898 2927 1900 2932 ’

289 2993 608 3077 nefieiieonierendi,
633 3001 692 3067 lint
713 3001 810 3066 lolum
835 3000 934 3065 ioedus
950 3004 1053 3065 amici·
1076 3006 1195 3066 uerior
1211 2999 1253 3066 eli
1278 3000 1431 3064 lententia
1458 3018 1590 3077 eorum,
1612 3004 1664 3079 qui
1686 3003 1857 3079 improban-

289 3076 341 3140 tio
360 3122 370 3154 ,
389 3096 448 3153 qun
469 3080 643 3144 intenditur
658 3084 750 3147 alium
771 3100 823 3158 per
842 3079 935 3144 lolam
950 3084 1052 3146 atuici·
1088 3099 1154 3158 tes,
1173 3102 1208 3144 ac
1228 3080 1402 3145 reiicientea
1419 3077 1476 3144 boc
1515 3075 1659 3157 pallum,
1687 3083 1721 3147 ἀ
1740 3079 1857 3165 obliga·¹

247 3160 265 3177 '‘
287 3155 369 3221 tiam
383 3202 391 3232 ,
403 3152 437 3221 ἃ
456 3155 704 3229 benevolentiam
720 3179 844 3225 novere
864 3160 901 3223 ad
921 3181 957 3224 ea
974 3181 1055 3240 ραν
1088 3165 1222 3238 tionem,
1237 3156 1383 3224 sustinent
1399 3153 1459 3235 else
1478 3157 1669 3224 contritum
1682 3157 1855 3233 usurarium
1877 3222 1879 3227 ,

287 3230 408 3298 blanda.
436 3235 567 3302 Nullum
597 3240 639 3303 ell
665 3241 789 3305 dubium
812 3239 841 3301 id
864 3237 929 3302 lieri
946 3241 1052 3317 polle,
1084 3240 1218 3320 obligare
1237 3240 1462 3307 mutuatarium
1476 3257 1516 3303 ex
1532 3242 1566 3303 vi
1585 3240 1686 3304 mutui
1699 3239 1855 3305 immedia·
1948 3278 1954 3287 ·

286 3312 435 3377 rarill'tme
458 3335 561 3380 tamen
579 3325 608 3381 in
630 3318 732 3396 aliquo
751 3317 822 3383 casu
845 3320 1020 3396 particulari
1043 3367 1051 3395 ,
1087 3339 1118 3382 te
1137 3320 1223 3382 civili
1251 3317 1459 3395 obligatione,
1482 3320 1570 3382 utin
1600 3315 1653 3384 suo
1675 3318 1855 3388 molendino

284 3388 347 3467 line
378 3391 444 3459 labe
472 3394 590 3474 ulurae,
614 3416 650 3462 ut
675 3418 768 3462 antea
790 3402 852 3462 iant
882 3393 940 3463 init
962 3416 1050 3463 nota·
1086 3399 1203 3475 molat,
1219 3419 1258 3462 etr
1280 3395 1331 3486 [ua
1347 3395 1469 3472 officina
1487 3395 1563 3467 iulio
1578 3401 1676 3476 pretio
1695 3396 1853 3475 emat,&c,

286 3487 351 3537 tum
364 3518 378 3549 ,
392 3490 424 3536 at
443 3491 477 3549 ut
495 3482 593 3541 tutius
615 3498 737 3556 agamus
758 3481 792 3540 in
812 3500 844 3541 re
860 3481 1050 3555 raeteroquin
1085 3483 1157 3553 quia
1177 3478 1295 3542 tametlr
1314 3475 1377 3541 illae
1398 3473 1528 3540 aulones
1547 3481 1641 3555 gratis
1658 3475 1793 3552 praellari
1809 3473 1855 3542 so·

287 3551 474 3630 periculosa,
491 3553 524 3619 dt
542 3575 576 3620 ut
593 3558 787 3620 Summotunt
807 3557 1049 3621 Pontificumde·
1086 3555 1363 3635 leant,obligatio
1382 3554 1417 3617 ad
1447 3556 1517 3618 illas
1536 3554 1578 3618 ell
1622 3561 1702 3621 retio
1721 3554 1856 3625 estima-

286 3633 378 3695 cretit
408 3653 524 3695 motem
545 3655 703 3712 geramus,
728 3631 937 3697 abstinendum
952 3635 996 3700 est
1013 3633 1051 3699 ab
1084 3635 1169 3710 bilis,
1190 3635 1224 3700 dt
1242 3634 1285 3700 cll
1301 3656 1379 3699 onur
1399 3634 1478 3710 quod
1493 3632 1557 3697 stne
1577 3577 1663 3698 uiura
1683 3635 1773 3699 alteri
1795 3638 1852 3696 im·

285 3704 497 3777 huiuscemodi·
517 3712 712 3791 paulaque.
729 3709 837 3775 laciem
854 3709 950 3778 usurae
973 3734 1049 3791 ptae·
1085 3718 1157 3792 poni
1172 3717 1300 3790 nequit.
1401 3763 1403 3766 .
1864 3783 1869 3789 ,

286 3784 440 3865 feserunt,
460 3789 494 3853 dt
516 3791 1049 3870 perraroatalicontagionemun·
1123 3792 1212 3857 Nota
1230 3793 1310 3868 quod
1329 3790 1351 3854 st
1371 3794 1439 3870 quit
1464 3795 1494 3854 in
1518 3790 1685 3854 huiusmodi
1716 3808 1853 3855 conven-
1913 3786 2023 3854 W.

286 3866 321 3931 da
342 3865 433 3931 sunt.
455 3869 483 3928 Si
507 3869 623 3945 pastum
644 3891 720 3934 veto
739 3867 777 3932 stt
793 3871 941 3948 obligatio
967 3869 1048 3933 iusti·
1084 3871 1219 3936 tionibus
1234 3868 1355 3935 usuram
1375 3877 1478 3936 vitare
1500 3872 1594 3943 velit,
1616 3889 1676 3932 non
1696 3869 1782 3934 debet
1794 3874 1852 3932 im·
1858 3861 1981 3965 ffl'ffi
1999 3911 2001 3915 ψ

284 3944 410 4022 tim&
432 3966 471 4009 ex
493 3967 579 4024 parte
600 3947 755 4026 utriusque
775 3969 813 4012 ex
830 3970 921 4027 aequo
939 3948 1048 4025 detur,
1084 3953 1400 4028 poneremutuatario
1421 3951 1515 4014 ullam
1536 3950 1661 4012 civilem
1683 3949 1920 4030 obligatio-„0
1952 3959 2022 4027 .,,“

284 4021 400 4091 ilenti
424 4046 511 4101 aeque
540 4026 666 4092 vicissim
691 4029 885 4108 obligentur,
916 4050 978 4092 non
1005 4026 1046 4093 eli
1085 4050 1172 4107 nem,
1193 4050 1251 4106 qua
1274 4026 1449 4111 exiussitia
1472 4029 1549 4092 velit
1580 4029 1667 4092 illum
1688 4028 1847 4108 obligare,
1865 4046 1985 4106 μιιοι

283 4101 393 4182 usura,
416 4121 452 4168 ut
482 4102 801 4187 stmutuansobliget
827 4110 1048 4173 tnutuatarium
1084 4124 1180 4188 neque
1198 4108 1310 4184 aliquid
1328 4113 1469 4187 exigere,
1490 4126 1647 4185 tamquam
1662 4129 1701 4173 ea
1717 4107 1852 4174 benevo-
1929 4138 1933 4147 ·
1970 4138 1976 4157 ·

282 4183 318 4249 ad
342 4184 579 4252 remutuandum
598 4191 720 4266 quoties
740 4187 923 4265 indiguerit,
938 4186 971 4255 dt
988 4187 1048 4265 ipse
1086 4191 1209 4264 lentia,
1235 4187 1269 4252 ἀ
1297 4188 1485 4266 gratitudine
1508 4186 1643 4250 debitum
1669 4233 1679 4266 ,
1701 4208 1772 4252 cum
1793 4187 1852 4254 loc
1898 4260 1905 4276 ,

283 4261 425 4329 limiliter
450 4283 536 4343 aeque
566 4266 594 4331 l'e
624 4267 740 4345 obliget
771 4268 869 4330 eidem
885 4268 1045 4331 mutuandi
1082 4271 1264 4332 damnatum
1286 4267 1321 4331 stt
1338 4266 1375 4330 ab
1393 4265 1648 4336 innocentioXl.
1671 4271 1702 4329 in
1720 4267 1851 4344 propost-
1882 4299 1907 4351 g

280 4346 492 4420 mutuatario,
508 4350 578 4421 quia
593 4345 742 4424 obligatio
758 4367 797 4409 ex
815 4364 941 4423 utraque
962 4367 1047 4424 parte
1084 4351 1189 4424 tione,
1210 4366 1280 4423 quae
1297 4343 1636 4433 numernellqalijura
1652 4367 1708 4410 nun
1728 4347 1766 4425 est
1774 4345 1851 4429 duta

280 4420 323 4487 eil
345 4424 493 4500 aeqttalit,
515 4425 600 4489 nulla
619 4430 756 4489 occurrit
775 4423 953 4502 iniustitia,
981 4447 1045 4502 qua
1081 4427 1166 4493 ultra
1176 4424 1286 4505 sonem
1304 4424 1423 4506 aliquid
1435 4438 1566 4504 exigitur
1586 4437 1725 4512 tanqum
1744 4444 1784 4491 ex
1804 4424 1852 4491 bei

280 4498 393 4578 semper
421 4506 668 4576 inequalitatem
695 4501 834 4581 supponit
862 4508 941 4568 inter
971 4525 1046 4569 ton·
1082 4503 1273 4581 nevolentia,
1298 4502 1540 4583 &gratitudine
1562 4502 1711 4583 delitum
1736 4500 1784 4569 sed
1805 4504 1851 4583 loy

281 4578 461 4659 trabentes,
482 4583 567 4663 lieuti
588 4603 606 4646 e
627 4600 737 4647 contra
759 4579 870 4648 iustitia
887 4584 1047 4662 aequalita·
1084 4586 1147 4649 lum
1171 4584 1291 4661 sperare
1319 4582 1416 4663 potell
1447 4605 1556 4646 munus
1586 4586 1704 4660 aliquod
1734 4588 1852 4662 gratui-

281 4676 344 4725 tem
361 4664 445 4727 inter
466 4663 541 4741 iplos
557 4665 669 4742 exigit.
1080 4683 1168 4746 tum,
1189 4664 1265 4737 quod
1287 4665 1468 4731 mutuatarii
1487 4659 1583 4727 solent
1604 4678 1642 4725 ea
1659 4664 1851 4741 gratitudine

317 4740 383 4809 Hic
404 4759 508 4805 tamen
527 4747 677 4818 quaeritur
694 4763 769 4804 num
789 4738 825 4808 stt
843 4738 1047 4808 ulutariumst
1084 4744 1243 4808 multoties
1261 4740 1445 4806 retribuere.
1476 4739 1557 4804 Nam
1581 4743 1654 4805 talia
1673 4742 1884 4823 gratitddo',-,-

307 4822 371 4886 itio
395 4818 535 4886 mutuent
564 4826 750 4900 pecuniam,
781 4840 819 4886 ea
839 4819 905 4901 lege
930 4839 966 4885 ut
987 4818 1048 4899 ipse
1082 4818 1420 4895 acbenefictntiainell
1438 4838 1557 4884 naturae
1578 4818 1757 4895 ipsimutui.
1782 4813 1849 4885 Ob·

330 4904 401 4969 t'uet
422 4900 495 4965 mihi
505 4888 713 4978 frumentum,
729 4904 854 4974 vinum,
877 4901 925 4965 vel
937 4902 1049 4976 oleum,
1083 4902 1192 4982 ligatio
1215 4918 1320 4965 autem
1348 4900 1453 4963 civilis
1481 4900 1644 4978 exprelia,
1671 4902 1721 4964 tel
1745 4888 1850 4983 ‚raclio

278 4972 386 5057 quibua
404 4980 524 5059 indigeo
564 4981 615 5046 vel
637 4976 716 5043 iulio
736 4983 834 5057 pretio
856 4983 970 5045 vendat
991 4983 1048 5044 mi·
1084 4981 1121 5045 ab
1140 4974 1431 5069 coeii-aliena,l&
1450 4979 1650 5057 extrinlc'ca,
1677 4996 1747 5071 quq
1764 4972 1851 5070 celii¹

298 5060 326 5139 i,
349 5062 407 5133 aut
427 5060 510 5148 locet
526 5029 670 5138 domum,
687 5058 737 5124 uei
775 5058 925 5139 raedium,
945 5063 1048 5141 itaut
1084 5060 1374 5140 abeoponeretut,
1396 5058 1446 5136 qui
1468 5056 1563 5128 titulo
1587 5054 1851 5149 gntrmdnlqta·

357 5136 706 5221 triturantium.
759 5134 885 5207 omllt
1313 5154 1316 5161 '
1503 5136 1528 5200 P
1758 5134 1819 5223 ba,
