4425 6000
485 532 657 607 Taacr.
687 552 743 604 ne
776 531 1030 605 Praeerrrs
1063 526 1295 608 Dacatoer
1325 530 1428 603 Car.
1453 529 1535 602 Vll.
1664 535 1739 631 369

237 642 291 700 nu
316 626 458 699 latissime
474 652 527 707 pro
543 650 732 709 quacumque
763 631 896 707 iniuria,
916 631 996 694 unde
1035 648 1099 692 rem
1115 627 1246 691 alienam
1261 626 1573 708 solum‘concupilcit,
1593 632 1709 697 nonesi
1722 652 1802 711 reue¹

236 716 371 780 lemnum
400 715 542 790 sequatur
567 715 705 789 proximo
733 713 764 773 in
790 708 876 771 bonis
899 705 997 773 sortu·
1013 745 1016 802 Ι
1032 710 1120 771 huius
1136 710 1300 785 praecepti,
1317 704 1366 770 sed
1384 710 1512 772 alterius
1532 732 1589 774 non
1598 711 1792 792 concupisces.

236 804 276 860 ιε
296 797 385 872 ‚sive
403 813 454 870 per
472 789 708 854 commissionem
727 838 735 865 ,
761 785 825 851 live
854 787 996 863 peromis·
1014 833 1016 860 ξ
1031 787 1168 849 Externa
1188 788 1270 848 enim
1289 787 1442 852 duntaxat
1461 784 1580 852 furandi
1603 789 1683 856 aelio
1715 796 1796 856 vetl-

236 872 341 939 lonem
353 891 445 950 ,puta
454 868 622 947 usurpando
633 866 998 946 ,detinendo,dellruen·
1014 868 1016 878 '
1032 887 1065 931 ta
1086 864 1129 928 esi
1151 872 1181 928 in
1199 866 1256 929 lroc
1277 886 1445 942 praecepto.
1462 868 1546 931 Hinc
1558 865 1673 935 surtum
1688 868 1793 935 dissert

236 954 291 1030 lo,
314 952 555 1026 deteriorando,
577 949 729 1026 exigendo
756 949 836 1023 quod
863 946 914 1010 fibi
935 967 998 1012 non
1032 965 1150 1022 quoque
1166 944 1203 1008 ab
1218 943 1328 1009 iniusla
1349 946 1613 1024 damnificatum,
1634 954 1732 1027 inqua
1749 970 1795 1014 res

236 1028 377 1108 liberor,
398 1033 446 1094 vel
467 1029 545 1105 quod
565 1029 652 1092 alteri
670 1048 710 1091 ex
730 1027 841 1091 inslitia
872 1025 999 1090 debetur
1033 1027 1134 1089 aliena
1151 1022 1333 1101 destruitur,
1348 1046 1409 1110 ⁴nec
1427 1027 1536 1102 aliquid
1555 1048 1607 1103 per
1626 1027 1722 1107 ipsam
1742 1049 1800 1094 au·

236 1130 294 1176 eon
326 1110 501 1181 soluendo,
527 1107 590 1173 sive
615 1109 677 1171 alio
693 1104 860 1171 huiusmodi
886 1106 998 1184 mod03
1034 1102 1131 1169 fertur
1151 1105 1229 1168 lucri
1249 1101 1377 1170 faciendi
1418 1104 1646 1172 ratia.Diffett
1677 1110 1802 1175 tandem

236 1208 299 1257 reru
319 1190 385 1256 late
408 1211 462 1265 pro
480 1190 564 1251 omni
583 1188 692 1251 iniussa
714 1188 758 1250 rei
786 1187 895 1251 alienae
918 1205 999 1250 acce·
1015 1196 1019 1264 s
1033 1204 1085 1263 per
1107 1185 1163 1248 hoc
1183 1180 1299 1247 furtum
1315 1185 1351 1248 ab
1372 1129 1523 1251 aciultetio
1539 1234 1548 1263 ,
1566 1187 1601 1255 dt
1614 1188 1798 1262 homicidio,

236 1272 367 1349 atione,
395 1267 460 1334 five
492 1265 702 1341 fraudulenta,
721 1283 759 1330 ut
781 1268 810 1329 in
838 1265 999 1330 contradlu
1033 1269 1103 1340 quia
1136 1265 1201 1327 haee
1225 1263 1295 1329 sunt
1321 1283 1447 1340 peccata
1469 1285 1579 1331 contra
1609 1267 1798 1345 personam,·

236 1352 338 1426 iniquo
380 1348 444 1415 sive
462 1349 606 1422 occulte,
623 1349 696 1411 utin
711 1345 795 1409 lucto
812 1343 999 1410 slridlesum·
1035 1348 1144 1408 iterna
1166 1343 1284 1422 plagio,
1303 1343 1367 1408 sive
1391 1348 1520 1410 crimine
1548 1347 1718 1426 plagiatus,
1738 1368 1799 1424 quo

236 1446 291 1510 pto
312 1478 320 1506 ,
347 1400 412 1493 sive
436 1430 593 1491 violenter
614 1476 622 1502 ,
652 1423 740 1511 utfit
759 1445 809 1500 per
830 1430 968 1512 rapinam
989 1444 999 1488 t
1035 1426 1102 1499 quis
1125 1423 1277 1508 hominem
1297 1423 1444 1499 liberum,
1461 1421 1511 1488 seu
1528 1447 1675 1504 uxorem,
1695 1429 1741 1489 vel
1763 1427 1802 1489 fr·

236 1510 358 1574 tandem
374 1507 488 1585 uriae,
504 1506 538 1571 dt
555 1509 585 1567 in
607 1507 663 1568 hoc
681 1503 785 1580 sensu,
800 1503 1001 1568 estilludsut·
1035 1504 1090 1566 lios
1111 1507 1211 1566 ausert
1229 1506 1264 1564 ad
1287 1503 1477 1569 vendendum
1493 1506 1543 1569 vel
1561 1506 1796 1572 retinendumin

236 1607 304 1654 tum
319 1589 356 1652 de
377 1609 438 1662 quo
455 1589 501 1652 luc
520 1591 638 1664 agitur.
655 1581 875 1660 Cuiuscumque
895 1602 1000 1648 autem
1034 1584 1233 1658 mancipium.
1255 1598 1284 1660 3.
1306 1582 1354 1646 Ad
1371 1580 1486 1647 sottum
1507 1588 1690 1664 requiritur,
1704 1605 1799 1652 uttea

236 1666 271 1731 stt
289 1669 375 1732 liuius
393 1668 520 1745 triplicis
541 1671 657 1745 generis
667 1664 876 1727 damnificatio
889 1711 897 1739 ,
912 1682 1001 1740 aeque
1036 1663 1137 1726 aliena
1158 1662 1277 1725 occulte
1294 1660 1468 1727 auseratur.
1489 1667 1544 1728 Per
1565 1668 1621 1729 hoc
1638 1676 1721 1730 enirn
1742 1664 1804 1729 sur·

236 1746 287 1812 iub
308 1751 429 1813 nomine
450 1744 525 1810 furti
545 1742 832 1821 comprehenditur,
850 1742 884 1807 ἃ
905 1742 1001 1820 prohi·
1036 1759 1103 1806 tum
1125 1738 1225 1804 differt
1248 1763 1264 1804 a
1286 1747 1494 1819 rapina,-q·uae
1518 1743 1560 1807 cll
1581 1749 1743 1823 occupatio
1756 1747 1802 1809 rei

236 1825 323 1891 betur
345 1843 500 1902 praecepto
527 1848 583 1888 non
607 1822 729 1904 sartum
744 1820 842 1900 facies
866 1871 874 1899 ‚
903 1840 938 1886 ut
962 1842 1001 1884 ex
1037 1822 1144 1885 alienae
1159 1843 1228 1884 cum
1247 1821 1416 1899 violentia3
1438 1845 1508 1886 cum
1524 1826 1665 1888 nimirum
1688 1822 1803 1890 sciente

236 1905 353 1970 eoncis.
374 1905 534 1969 Colonien.
553 1902 749 1966 catechismo
770 1903 939 1981 Romano,
967 1922 1002 1964 ac
1036 1901 1164 1964 domino
1185 1901 1263 1975 quod
1280 1900 1366 1963 strunt
1386 1901 1429 1963 eli
1451 1900 1502 1977 ipsa
1524 1905 1628 1967 invito
1644 1902 1800 1968 aufertur.

236 1984 263 2048 8.
287 1990 363 2065 Aug„
393 1985 426 2048 in
448 2003 506 2063 cap.
533 1985 642 2062 poenale
667 2003 709 2062 rq.
728 2003 755 2060 q.
776 2001 801 2057 5.
829 1981 908 2043 Nam
930 2002 1002 2058 quo·
1077 1981 1201 2068 Dicitur
1219 1999 1296 2068 uero
1314 1985 1344 2042 in
1367 1979 1545 2045 delinitione
1572 1984 1688 2047 manino
1718 1986 1806 2048 ratio·

237 2065 623 2142 tumquemododamnum
633 2064 722 2126 alteri
734 2061 903 2136 insecatur,
925 2061 1003 2123 idem
1038 2057 1179 2123 nobiliter
1196 2060 1316 2124 invaso:
1338 2062 1387 2135 qui
1398 2061 1528 2125 enima'b
1542 2083 1684 2143 amente,
1704 2066 1804 2141 ebrio,

237 2142 280 2208 esl
299 2147 478 2209 virtualiter
499 2167 533 2209 ae
554 2142 575 2205 si
597 2142 709 2218 aliquid
738 2139 776 2203 ab
800 2141 863 2216 ipso
882 2135 1003 2223 auso.
1041 2141 1091 2203 vel
1113 2136 1228 2202 furioso
1258 2140 1377 2212 ,ladrum
1403 2138 1524 2217 aufert,
1541 2162 1579 2204 ne
1599 2144 1730 2220 aliquem
1754 2145 1805 2208 isse

238 2242 343 2289 tatur.
368 2226 551 2302 Etenimper
561 2222 769 2300 quodcumque
784 2219 929 2282 damnum
939 2223 1004 2294 quis
1040 2222 1190 2294 percutiat
1211 2266 1221 2295 ,
1243 2161 1358 2282 sottum
1391 2240 1453 2281 nnn
1472 2225 1663 2300 committit,
1682 2221 1805 2288 tanretsr

238 2305 272 2366 ln
299 2300 358 2366 suit
384 2302 514 2368 fortunae
535 2303 621 2367 bonis
644 2302 793 2375 accipiat,
816 2296 947 2362 efficitur
969 2317 1003 2362 ut
1041 2298 1120 2360 alter
1138 2299 1177 2360 sit
1196 2300 1312 2360 invitus
1326 2347 1332 2373 ,
1345 2302 1419 2373 quia
1437 2319 1498 2362 non
1518 2300 1560 2362 eil
1581 2304 1806 2366 invitusratio·

240 2379 301 2459 ipse
316 2387 415 2446 minus
438 2384 567 2460 habeat,
587 2402 678 2459 quam
701 2380 808 2442 habere
827 2379 949 2441 debuit.
1040 2376 1201 2441 nabiliter.
1227 2377 1336 2442 Itidem
1353 2381 1402 2453 qui
1420 2382 1450 2440 in
1472 2397 1609 2444 extrema
1624 2382 1806 2446 neceffitate

281 2461 395 2525 Verum
410 2484 480 2527 cum
501 2461 548 2526 hic
566 2480 676 2539 agatur
696 2460 734 2521 de
750 2457 812 2521 s'olo
827 2455 910 2521 furto
939 2456 1005 2520 slri·
1039 2456 1224 2521 constitutus
1245 2454 1347 2520 aufert
1368 2458 1405 2521 ab
1422 2459 1483 2522 alio
1504 2478 1654 2534 quantum
1671 2462 1750 2525 libio
1771 2482 1808 2524 ut

240 2538 290 2605 at
306 2539 424 2619 sumpto
439 2540 546 2606 slando
575 2544 662 2614 supra
694 2539 799 2602 allatis
821 2537 1007 2601 definitioni·
1040 2536 1077 2600 sit
1093 2535 1130 2599 ad
1149 2540 1224 2600 vitae
1242 2532 1513 2616 sustentationem,
1529 2560 1589 2602 non
1606 2538 1648 2603 est
1666 2485 1807 2606 teutsin-

239 2618 317 2697 but,
334 2622 370 2684 ad
391 2639 536 2686 naturam
557 2619 628 2684 furti
647 2620 864 2693 triapraecipue
879 2638 1006 2681 concur·
1042 2619 1086 2692 ti,
1103 2633 1173 2680 tunt
1192 2619 1261 2693 quia
1278 2634 1339 2679 non
1355 2613 1457 2682 aufert
1467 2638 1530 2682 rem
1546 2619 1679 2686 alienam
1693 2641 1764 2686 cum
1774 2623 1807 2683 in

237 2718 306 2766 me
322 2700 454 2778 debent,
473 2721 498 2764 1.
516 2701 596 2775 quod
612 2698 650 2763 sit
665 2717 776 2763 contra
793 2695 957 2773 iustitiam,
973 2696 1006 2761 dt
1041 2715 1180 2759 extrema
1200 2693 1377 2761 neteffitate
1399 2702 1466 2761 iure
1482 2716 1602 2765 naturae
1623 2705 1728 2767 omnia
1748 2699 1806 2768 sint

238 2774 410 2847 fraudolose
428 2803 435 2841 :
456 2799 518 2843 non
538 2782 620 2841 enim
638 2778 846 2841 committitur
865 2772 1005 2853 futrum,
1040 2777 1244 2851 communia,
1274 2793 1339 2839 tum
1356 2780 1430 2851 quia
1450 2778 1505 2841 lrac
1530 2780 1567 2842 de
1593 2779 1695 2844 caussa
1713 2781 1809 2849 domi·

237 2856 294 2925 rufi
316 2860 451 2921 alienum
468 2861 633 2933 accipiatur
661 2856 785 2919 domino
813 2870 935 2929 propter
962 2858 1007 2916 ius
1043 2875 1099 2917 nus
1117 2872 1191 2918 tunc
1208 2874 1268 2919 non
1285 2852 1327 2917 esi
1346 2856 1569 2921 racionabiliter
1585 2860 1726 2927 invitus.

237 2934 272 3006 R
292 2941 447 3001 rationem
468 2940 584 3002 invito.
608 2936 692 3000 Hinc
713 2935 762 3014 qui
784 2934 891 2996 iudicis
909 2933 1006 2996 audio·
1085 2932 1208 2998 Dicitur
1228 2931 1347 3010 insuper
1368 2937 1399 2996 in
1419 2936 1615 3005 conclusione
1634 2941 1809 3007 citataeLe·

239 3020 340 3084 ritate
362 3039 427 3081 rem
446 3018 579 3080 alienam
605 3018 736 3094 accipit,
756 3013 793 3077 ab
822 3016 904 3076 omni
930 3013 1006 3077 furti
1042 3016 1085 3093 gis
1103 3011 1247 3102 desuetis
1264 3014 1352 3095 ipfiur
1372 3014 1435 3093 rei,
1449 3016 1503 3080 vel
1519 3014 1588 3096 usur
1616 3021 1698 3100 nus,
1711 3020 1809 3104 posses·

240 3096 312 3163 labe
328 3099 469 3160 immunis
488 3095 552 3160 est.
572 3098 611 3161 Et
630 3098 695 3161 haec
710 3094 815 3158 eadem
835 3096 919 3157 ratio
936 3094 1007 3157 libe·
1038 3093 1181 3173 fiontstrr,
1202 3097 1274 3171 quia
1297 3115 1358 3161 non
1384 3096 1435 3159 ille
1462 3092 1557 3160 solum
1577 3098 1697 3164 furtum
1725 3124 1810 3168 com·

239 3178 324 3243 ravit
346 3197 364 3241 a
381 3180 466 3240 s'urto
482 3175 657 3254 israelitas,
676 3176 746 3239 dum
763 3172 838 3237 iussu
861 3171 939 3250 Dei,
956 3171 1009 3236 sub
1044 3178 1163 3251 mittit,
1179 3177 1228 3251 qui
1244 3170 1365 3238 furtive
1380 3175 1451 3245 vult
1462 3180 1504 3239 rei
1523 3180 1630 3247 alienae
1643 3183 1810 3248 dominium

238 3259 326 3323 alut
346 3254 498 3332 potestate
517 3259 620 3328 omnia
641 3251 805 3320 univerfim
836 3251 905 3317 sunt
931 3251 1007 3332 posr·
1044 3250 1224 3319 lucrifacere
1243 3302 1254 3334 ,
1282 3252 1330 3317 sed
1358 3256 1497 3331 quivult
1516 3262 1671 3325 etiamrei
1701 3263 1811 3326 alienae

240 3353 295 3413 ta,
313 3334 505 3421 abstulerunt
523 3336 746 3420 AEgyptiorum
767 3330 860 3408 spolia
880 3335 1009 3397 intom-
1044 3331 1474 3413 usunr,autposlclfioncm,
1505 3357 1540 3404 ut
1567 3343 1598 3405 in
1611 3344 1648 3425 ff.
1670 3346 1740 3426 teg.
1758 3342 1810 3423 qui

240 3420 448 3495 pausationem
464 3416 584 3480 suorum
605 3416 757 3503 laborum.
786 3412 854 3477 Nec
870 3410 1008 3489 surtipa·
1044 3416 1178 3480 iumenta
1191 3411 1239 3480 lib.
1264 3435 1310 3479 11.
1333 3417 1380 3480 tit.
1404 3417 1440 3481 de
1455 3416 1568 3501 funis.
1591 3424 1653 3504 Qui
1674 3424 1810 3487 iumenta

241 3498 317 3564 riter
339 3516 406 3558 reus
423 3496 485 3574 est,
505 3498 558 3573 qui
578 3494 657 3559 bona
676 3495 757 3570 srde,
779 3514 814 3556 ac
836 3513 897 3556 non
915 3511 1008 3557 teme·
1039 3495 1091 3576 fibi
1115 3496 1295 3560 cornmodata
1310 3496 1422 3577 longius
1443 3500 1563 3565 duxerit
1585 3552 1593 3580 ‚
1616 3503 1757 3568 alienave
1778 3522 1810 3567 re

239 3597 294 3654 te,
313 3573 388 3638 idest
410 3575 486 3641 iulia
508 3576 545 3639 cle
561 3577 663 3638 caussa
685 3570 868 3650 praesumpto
883 3572 1008 3634 Domini
1043 3574 1143 3640 invito
1163 3573 1277 3640 domino
1298 3576 1367 3656 usus
1379 3579 1437 3658 fit,
1447 3578 1568 3658 furtum
1582 3580 1681 3663 fecit.

239 3654 386 3724 consensu
403 3678 466 3720 rem
483 3657 616 3720 alienam
632 3657 764 3731 accipit,
782 3654 876 3715 velea
885 3655 1009 3731 utitur,
1084 3657 1184 3722 Variae
1206 3651 1275 3719 sunt
1297 3651 1370 3720 surti
1387 3655 1405 3720 s
1416 3672 1420 3678 ‘
1456 3664 1497 3725 ies
1513 3683 1566 3736 pro
1587 3684 1690 3728 rerum
1704 3666 1807 3730 diver·
1825 3641 1917 3754 Furii*
1929 3655 1949 3692 ⁸

239 3738 295 3803 uel
311 3738 369 3800 ioci
395 3738 493 3815 gratia
514 3756 577 3799 rem
591 3735 672 3797 celat
691 3733 822 3796 alienam
843 3781 851 3809 ,
876 3750 910 3795 ut
940 3752 1008 3795 cau·
1044 3738 1152 3813 strate,
1167 3756 1236 3811 quae
1265 3734 1364 3799 insciis
1392 3678 1555 3805 §invitis
1571 3742 1699 3808 dominis
1727 3742 1809 3810 ause·
1826 3767 1939 3831 spectac,

238 3819 306 3882 tius
325 3816 467 3880 dominus
496 3818 563 3879 eius
580 3813 805 3877 conservationi
839 3812 1007 3889 invigilet.
1044 3834 1173 3894 cuntur,
1193 3814 1227 3880 dt
1255 3816 1406 3881 ordinarie
1431 3822 1562 3897 quinque
1588 3821 1810 3904 recensentur,

237 3896 300 3961 Hie
320 3913 426 3960 tamen
449 3898 531 3959 iocus
549 3913 610 3956 non
628 3892 670 3955 est
687 3887 899 3968 incul9³blll³‚
919 3889 939 3951 sr
957 3892 1008 3954 det
1045 3896 1191 3961 videlicet
1211 3891 1328 3958 surtum
1348 3896 1493 3976 simplex,
1519 3898 1710 3981 sacrilegium
1725 3954 1732 3983 ,
1747 3905 1810 3982 pla·

237 3971 643 4050 oetasronemblasplremiis,
661 3970 942 4048 imprecationibus,
959 3970 1008 4033 vel
1064 3982 1174 4053 iatus,
1198 3973 1382 4054 peculator,
1410 3975 1443 4043 dt
1470 3980 1649 4052 abstentus.
1680 3983 1813 4050 Furtum

238 4056 411 4122 temerariis
429 4054 565 4118 iudiciis.
586 4052 708 4115 Dicitur
730 4070 834 4114 autem
852 4050 1008 4192 grandula·
1044 4001 1170 4133 iimplex
1196 4055 1271 4117 illud
1300 4054 1341 4117 ell
1370 4056 1452 4134 quod
1468 4059 1499 4122 in
1519 4046 1583 4126 lolo
1603 4062 1722 4128 furandi
1744 4062 1812 4131 adiu

236 4137 281 4218 [η
304 4153 376 4199 nam
402 4132 420 4194 Γ]
438 4137 504 4210 quis
526 4132 675 4211 putabat,
696 4153 729 4194 ac
760 4130 850 4193 crede
874 4148 926 4207 at,
958 4130 1007 4219 vel
1044 4136 1107 4199 ime
1126 4133 1274 4199 concursu
1292 4136 1418 4200 alterius
1435 4138 1531 4203 delidli
1562 4143 1715 4224 consistit,
1735 4143 1810 4207 idest

237 4219 334 4282 etiarn
354 4212 467 4279 sciebat
488 4233 552 4277 rem
572 4212 630 4276 else
650 4207 752 4286 suam,
768 4209 802 4275 ὅ(
819 4210 960 4273 credebat
973 4212 1008 4269 sr·
1043 4238 1102 4293 quo
1124 4219 1261 4292 privatus
1282 4213 1353 4292 quid
1373 4219 1496 4293 privato
1512 4221 1618 4285 iniuste
1638 4271 1646 4297 ‚
1666 4224 1699 4289 &
1727 4225 1810 4288 elan.

238 4295 269 4361 bi
292 4295 386 4357 licere
403 4314 466 4354 rem
483 4294 567 4357 suam
587 4293 737 4378 surripere
757 4336 765 4365 ,
792 4309 854 4352 nou
874 4288 917 4350 est
940 4308 1008 4352 reus
1043 4296 1114 4359 cule
1130 4290 1252 4357 aufert.
1275 4295 1471 4373 sacrilegium
1491 4300 1565 4362 illud
1593 4301 1635 4365 cll
1657 4352 1666 4381 ‚
1686 4326 1746 4379 quo
1766 4322 1812 4367 res

237 4374 335 4447 furti,
352 4371 474 4437 tametsi
486 4374 597 4437 adrem
609 4373 691 4433 suam
706 4367 1008 4444 recuperandamali·
1044 4376 1128 4437 sacra
1153 4372 1313 4449 surripitur
1336 4421 1343 4448 ‚
1368 4377 1417 4439 vel
1438 4382 1531 4441 etiam
1553 4380 1674 4455 persona
1700 4403 1717 4445 a
1743 4382 1812 4447 loco

238 4472 291 4523 ter
310 4453 452 4531 legerere
474 4469 637 4515 teneatur.
655 4470 682 4510 2.
705 4444 1010 4523 Adsurtunrrequiri·
1044 4454 1131 4517 sacro
1148 4451 1255 4514 iniulle
1274 4456 1390 4529 rapitur
1450 4459 1500 4520 vel
1521 4457 1600 4522 bona
1624 4482 1691 4537 quae
1712 4458 1813 4527 sacro·

240 4537 314 4610 tur,
331 4531 411 4608 quod
429 4531 540 4607 aliquis
556 4550 618 4595 rem
640 4527 674 4591 al
694 4528 784 4591 altero
803 4525 940 4607 poffcffam
957 4548 1009 4588 au·
1046 4555 1111 4596 rum
1120 4530 1240 4607 cultui,
1256 4551 1308 4595 eut
1319 4503 1478 4612 minislris,
1498 4540 1545 4599 vel
1562 4540 1736 4617 pauperibus
1748 4547 1812 4621 pie,

236 4609 321 4699 {erar
342 4660 351 4690 ,
380 4611 430 4675 orl
449 4615 622 4686 contrella,
642 4612 714 4685 quia
739 4604 862 4671 lurtum
882 4606 925 4670 est
944 4628 1010 4682 pro·
1046 4634 1081 4676 ac
1102 4613 1257 4689 sapienter
1277 4612 1420 4682 depurata
1441 4613 1533 4696 sunt,
1552 4621 1582 4680 in
1604 4622 1739 4696 privatas
1759 4645 1812 4689 tu·

237 4698 305 4772 prie
323 4711 423 4755 rerum
433 4690 608 4767 mobilium,
633 4707 693 4751 non
703 4708 780 4751 veto
791 4687 1009 4763 immobilium,
1045 4690 1211 4770 piditates,
1231 4690 1478 4770 detestabilesque
1500 4718 1535 4759 ac
1560 4698 1716 4765 damnosas
1742 4702 1812 4766 libi-

237 4772 291 4841 vel
309 4772 573 4847 incorporearum,
592 4789 659 4845 quac
669 4764 851 4831 contrellari
864 4814 873 4844 ,
888 4766 962 4830 idell
972 4769 1010 4830 ab
1045 4773 1129 4835 dines
1151 4767 1187 4832 ab
1208 4766 1274 4847 ipsis
1293 4769 1427 4835 Ecclesia
1448 4774 1591 4841 ruinillris
1619 4798 1812 4846 convertun-

237 4871 306 4920 uno
326 4854 360 4913 in
381 4850 475 4914 alium
488 4850 589 4914 locum
601 4842 759 4912 transferri
778 4851 955 4923 nequeunt;
974 4846 1010 4910 ἀ
1046 4870 1099 4915 tur
1125 4901 1133 4928 ,
1172 4867 1209 4913 ut
1235 4849 1362 4913 habetur
1389 4857 1419 4915 in
1449 4856 1644 4923 Cateclrilmo
1676 4908 1685 4937 ,
1716 4861 1809 4926 Cone.

236 4936 284 4998 ita
314 4930 352 4995 ad
381 4934 536 4993 rationem
557 4927 630 4993 surti
649 4925 814 4990 necessaria
830 4928 869 4989 ess
888 4946 1010 4989 contre·
1047 4931 1136 4994 Trid.
1157 4927 1191 4995 dt
1207 4928 1235 4991 S.
1258 4930 1334 5008 Aug·
1354 4937 1438 4997 tradi.
1457 4953 1505 5011 50.
1523 4938 1556 4998 t'rr
1575 4943 1653 5001 ioan.
1672 4938 1750 5002 Item
1767 4944 1812 5005 rei

236 5010 356 5087 Ratio,
373 5008 446 5072 licet
462 5012 655 5073 interveniat
672 5007 842 5083 voluntas,
864 5003 1010 5082 verbum,
1046 5008 1115 5076 sunt
1134 5011 1220 5073 huius
1240 5010 1374 5073 criminis
1389 5013 1448 5076 viri
1465 5014 1606 5094 Religiosr
1620 5066 1628 5095 ‚
1644 5038 1679 5081 ac
1691 5017 1812 5083 Munia-

237 5087 470 5163 descriptura.
501 5087 591 5152 Unde
611 5089 660 5163 qui
681 5085 743 5151 fine
769 5084 1010 5150 concredatione
1048 5091 1090 5156 les
1113 5140 1122 5170 ,
1147 5088 1168 5153 sr
1194 5105 1302 5158 contra
1331 5089 1520 5157 sandlitttem
1548 5095 1590 5160 sui
1621 5100 1718 5172 voti,
1750 5120 1815 5173 quo

322 5167 416 5251 lustil.
432 5168 532 5238 Threi·
553 5167 661 5235 Moras·
681 5163 774 5231 Tem.
793 5163 845 5228 Ill.
1022 5164 1036 5178 ⁴
1430 5170 1461 5239 Λ
1476 5191 1495 5239 a
1693 5196 1769 5256 pau-
