4425 6000
453 480 531 576 364
694 481 863 553 Tuncr.
893 506 949 557 uc
978 486 1229 565 PRAECEPTIS
1261 486 1478 565 Dtcnuoot
1508 495 1612 575 Cat.
1639 495 1683 571 V.

408 580 582 671 lemnibus,
609 572 642 641 ἃ
669 578 818 655 publicis,
848 579 898 645 sed
923 584 1019 648 eriam
1052 590 1083 647 in
1108 590 1169 664 pri·
1205 587 1335 674 lancium
1352 586 1390 650 ad
1409 590 1570 657 minimum
1589 593 1752 675 seexponit
1768 598 1974 671 evidentiae·

390 680 508 744 ¹vans.
645 736 651 747 .
739 738 744 750 Ι
775 741 810 753 ..
1204 667 1322 730 cilionis
1345 668 1502 743 periculo.
1530 672 1599 738 lure
1629 675 1762 741 humano
1792 682 1881 747 civili
1904 705 1973 759 pro-
2004 732 2006 737 .

447 738 590 802 Duellum
611 733 703 826 aliter
717 735 866 806 dividitur
886 761 904 805 a
924 741 1092 823 theologis,
1113 747 1170 810 ali·
1206 744 1329 809 hibetur
1357 748 1433 826 Lep.
1464 751 1552 818 unica
1578 756 1638 819 cod.
1667 759 1702 820 de
1726 758 1913 837 gladiatoris.
1937 762 1973 827 &

409 839 458 886 uer
479 842 497 882 a
517 811 661 896 Legislrs.
685 817 813 894 Legillae
843 819 999 898 sequentes
1026 824 1109 888 loan.
1133 826 1171 889 de
1205 821 1282 902 saepe
1298 826 1387 889 alibi.
1416 827 1483 895 Iure
1502 831 1635 899 humano
1658 841 1807 901 canonico
1837 845 1974 906 vetitum

409 894 660 977 Legn·t¹afl·dt'
680 899 773 967 duello
793 920 902 980 capa.
927 926 956 967 n.
980 922 1006 963 1.
1034 903 1107 968 illud
1129 906 1171 966 di·
1206 903 1248 965 est
1274 924 1338 980 cap·
1360 908 1563 976 Monamacbr'a
1595 934 1640 977 12.
1656 915 1739 996 cauff.
1759 936 1787 978 2.
1814 922 1909 999 qua-st.
1942 943 1972 998 4.

408 980 522 1045 vidunt
542 979 573 1039 in
590 976 791 1047 decretorium
812 986 922 1059 inquo
943 983 1088 1048 statuitur
1108 1003 1171 1048 non
1205 983 1239 1048 dc
1260 987 1312 1047 tir.
1331 1004 1376 1063 ¹4·
1397 987 1515 1056 declar.
1533 996 1700 1071 pugnantis.
1728 996 1761 1059 in
1787 999 1912 1077 duello,
1940 1001 1975 1064 dc

409 1056 583 1125 cessandum
598 1074 625 1146 a¹
639 1075 760 1139 pugna,
780 1063 879 1130 donec
896 1064 973 1129 alter
992 1063 1169 1141 occidatut3
1208 1066 1258 1152 tit.
1291 1079 1337 1142 35.
1368 1064 1537 1149 depurgat.
1568 1075 1687 1153 vulgari
1713 1073 1760 1138 lib.
1780 1098 1807 1153 5.
1838 1084 1976 1142 Decreta·

410 1153 697 1226 ΡῐθΡΠΒῦὃῑθῐΨῐῐ),
717 1143 838 1220 quando
856 1147 921 1222 quis
940 1145 977 1210 ad
985 1139 1172 1220 designatum
1205 1143 1300 1220 lium,
1318 1142 1352 1209 ἃ
1372 1147 1403 1209 in
1420 1157 1511 1214 variis
1533 1154 1715 1218 Pontificum
1730 1154 1977 1221 constitutioni·

412 1221 514 1284 locum
530 1215 646 1282 accedst
668 1226 770 1287 animo
787 1224 933 1288 honorem
953 1222 1037 1289 suum
1056 1223 1175 1288 conset·
1206 1222 1281 1298 bus,
1296 1240 1365 1287 turn
1380 1245 1506 1309 corum,
1522 1235 1572 1307 qui
1590 1233 1823 1312 praecesserunt,
1839 1253 1906 1301 tum
1922 1257 1976 1300 eo-

412 1298 507 1365 vandi
527 1345 536 1375 ‚
555 1314 617 1359 non
634 1301 838 1369 adversarium
857 1302 1013 1370 occidendi
1034 1328 1046 1373 ι·
1075 1299 1110 1368 δι
1131 1303 1174 1366 sa·
1208 1323 1275 1366 rum
1290 1306 1340 1379 qui
1361 1297 1562 1375 successerunt
1583 1312 1728 1378 Concilio
1744 1313 1834 1379 Trid.
1860 1318 1976 1393 inquo

414 1375 616 1445 tisfasiorium
642 1434 650 1462 ,
675 1384 795 1462 quando
822 1387 887 1461 quis
914 1383 953 1447 ob
982 1404 1107 1525 {tarem
1126 1403 1174 1446 ac·
1208 1385 1268 1446 iam
1294 1385 1348 1446 cit.
1371 1385 1431 1471 [eff.
1451 1408 1500 1466 25.
1521 1411 1581 1454 ca.
1606 1410 1652 1471 19.
1683 1394 1720 1458 de
1746 1392 1864 1476 rtfhrm.
1894 1399 1977 1461 veti·

413 1479 537 1537 ceptam
558 1461 699 1529 iniuriam
729 1483 782 1541 per
800 1481 931 1527 mortem
951 1466 980 1540 ip
994 1484 1042 1526 am
1059 1456 1176 1526 satissa-
1210 1480 1278 1526 tum
1294 1458 1422 1532 fiiitlub
1457 1473 1522 1533 ravi
1550 1473 1618 1536 nnis
1638 1475 1752 1548 poenis.

413 1545 544 1610 silonem
565 1540 679 1625 poscit,
694 1561 816 1620 paratus
837 1541 973 1607 desistere
990 1565 1007 1606 a
1028 1561 1176 1619 provoca·
1248 1492 1905 1633 Duellumpusiucaannositareauquando,
1924 1549 1972 1617 sed
1990 1561 2044 1614 nael

413 1628 520 1699 tione,
540 1644 578 1688 eo
598 1623 661 1701 iplo
676 1623 753 1701 quod
770 1620 942 1686 adversaria
959 1644 1028 1698 pars
1040 1621 1113 1687 dare
1125 1641 1177 1684 ve-
1210 1640 1314 1686 tamen
1334 1644 1457 1702 perraro
1473 1628 1567 1706 iulle,
1588 1629 1638 1696 seu
1655 1632 1740 1697 licite
1756 1634 1827 1700 iniri
1856 1635 1971 1711 potest.

414 1704 455 1768 lit
475 1701 728 1769 satissasiionem.
756 1701 906 1781 Theologi
927 1722 1003 1767 vero
1018 1702 1176 1795 sequentes
1211 1701 1335 1796 Possunt
1355 1710 1436 1770 enim
1453 1728 1611 1773 occurrere
1638 1710 1875 1779 circumstantiae
1893 1689 2043 1802 limi-2⁶¹

414 1784 598 1849 Caletanum
618 1805 646 1846 2.
669 1803 698 1845 a.
714 1783 810 1864 qua-sta
835 1801 881 1858 95.
903 1794 959 1847 art.
977 1782 1005 1843 8.
1035 1780 1176 1844 dividunt
1211 1783 1252 1846 les
1269 1802 1316 1859 er,
1341 1807 1407 1862 quae
1426 1786 1524 1851 David
1544 1790 1665 1865 impulit
1685 1792 1723 1855 ad
1739 1789 1890 1867 singulare
1905 1814 1972 1859 cer·
1988 1830 2044 1877 ῃ..

414 1863 551 1927 duellum
567 1868 598 1925 in
618 1863 668 1926 sex
684 1860 813 1938 species,
834 1866 921 1926 iuxta
931 1861 982 1924 sex
990 1855 1176 1951 caullastsor·
1209 1879 1312 1927 tamen
1332 1883 1443 1930 contra
1464 1865 1608 1946 Goliath,
1625 1868 1673 1932 ide
1715 1888 1752 1935 uc
1773 1870 1896 1936 licitum
1913 1873 1975 1954 eli,
1993 1880 2044 1934 licin

413 1943 534 2020 males,
560 1945 597 2008 ad
617 1964 690 2020 quas
710 1942 860 2022 singulare
873 1961 1031 2007 certamen
1054 1940 1176 2004 ordina·
1214 1942 1234 2004 fi
1265 1939 1441 2019 suscipiatur
1469 1947 1504 2010 ad
1531 1946 1641 2011 iulium
1667 1948 1778 2016 belum
1808 1950 1975 2017 conficien-

412 2038 465 2085 tur
479 2070 488 2099 ,
502 2021 616 2087 scilicet
637 2027 669 2084 in
688 2023 822 2088 duellum
839 2019 1100 2086 manifestativum
1122 2037 1175 2081 ve·
1210 2021 1282 2085 dum
1302 2071 1311 2100 ,
1335 2045 1405 2088 cum
1431 2045 1593 2103 paucorum
1620 2048 1719 2105 pugna
1735 2047 1796 2091 non
1817 2028 1855 2093 sit
1874 2032 1975 2097 minus

412 2104 543 2179 ritatis,
571 2101 793 2168 ostentativnm
816 2106 955 2182 virium,
985 2102 1176 2165 evitativum
1212 2103 1297 2167 licita
1319 2124 1408 2179 quam
1433 2126 1534 2183 pugna
1560 2107 1707 2183 generalis
1729 2129 1736 2143 ·
1757 2109 1820 2171 imo
1835 2108 1901 2176 baec
1922 2131 1976 2187 po·

409 2188 421 2247 i
444 2184 608 2261 nominiae,
627 2187 860 2249 terminativum
878 2179 1110 2258 controversiae,
1128 2182 1178 2245 de·
1212 2184 1274 2246 tius
1297 2184 1417 2258 quando
1440 2182 1614 2262 offeratur,
1643 2184 1686 2248 est
1712 2187 1851 2262 eigenda
1872 2236 1881 2266 ‚
1905 2210 1975 2253 curn

413 2206 565 2329 sensuum
573 2262 714 2341 honoris,
734 2263 968 2329 &evitativum
977 2263 1047 2325 belli
1060 2306 1066 2320 .
1078 2262 1176 2335 Quin·
1211 2277 1320 2338 agatur
1337 2261 1471 2327 debello
1491 2260 1628 2327 saciendo
1648 2263 1789 2340 sanguine
1796 2282 1975 2345 paucorum,

413 2363 474 2418 que
490 2341 655 2416 superiores
678 2340 786 2416 species
811 2343 903 2406 duelli
933 2339 1004 2405 sunt
1025 2340 1176 2415 illicitae;
1210 2340 1244 2405 ἃ
1265 2343 1383 2406 vitandi
1402 2343 1504 2406 caulla
1525 2345 1656 2407 maiores
1669 2342 1794 2421 caedes,
1819 2349 1974 2423 graviora·

413 2421 500 2486 sexta
523 2421 608 2483 licita
628 2420 707 2482 reddi
729 2421 828 2500 potest
849 2470 858 2501 ,
879 2421 999 2490 quando
1020 2440 1102 2495 rex,
1125 2419 1175 2484 vol
1210 2438 1268 2497 que
1285 2422 1414 2496 damna,
1450 2421 1611 2485 dummodo
1638 2437 1741 2486 tamen
1764 2444 1816 2497 per
1838 2423 1897 2489 hoc
1913 2445 1973 2489 non

436 2505 551 2575 tinceps
576 2496 686 2561 iustum
709 2498 821 2563 bellum
852 2521 984 2577 gerens,
1015 2503 1085 2575 quia
1114 2518 1175 2561 non
1211 2500 1355 2567 reddatur
1375 2498 1726 2578 visloriamagisdubia,
1745 2503 1974 2578 alioquinl’rin-

411 2523 504 2645 babet
530 2575 712 2641 sufficientes
736 2580 816 2641 vires
845 2577 882 2640 ad
912 2575 1104 2642 resistendum
1121 2576 1176 2640 ho·
1210 2601 1278 2661 ceps
1299 2596 1437 2657 peccaret
1456 2598 1565 2643 contra
1587 2576 1732 2643 iustitiam
1751 2582 1973 2647 commutando

412 2659 527 2733 ilibus,
549 2658 600 2720 vel
613 2656 649 2719 ad
665 2658 849 2733 parcendum
870 2656 1058 2721 multitudini
1072 2704 1081 2738 ,
1095 2677 1176 2720 com·
1212 2659 1291 2736 spem
1317 2658 1450 2723 vidioriae
1474 2680 1544 2720 cum
1570 2659 1687 2726 incerto
1715 2676 1834 2724 eventu
1862 2660 1971 2726 duelli.

412 2740 513 2802 mittit
536 2735 711 2799 remducllo
731 2737 812 2799 inter
829 2737 900 2799 duos
915 2785 923 2812 ‚
940 2736 990 2798 vel
1004 2736 1102 2811 plures
1119 2739 1174 2799 mi·
1212 2741 1290 2805 ltem
1312 2738 1429 2803 licitum
1444 2736 1503 2800 else
1523 2738 1618 2814 pollet
1637 2734 1822 2810 audioritate
1834 2739 1968 2818 publica,

413 2817 486 2880 lites
514 2813 669 2889 utriusque
697 2817 850 2879 exercitus
878 2813 1102 2891 decidendam,
1140 2833 1176 2879 ut
1212 2817 1385 2894 sitempore
1404 2815 1475 2879 belli
1495 2815 1692 2880 necessarium
1707 2818 1853 2883 videatur
1873 2818 1909 2882 ad
1921 2819 1971 2884 de-

393 2913 501 2973 ·pars,
520 2916 589 2972 quae
611 2896 724 2958 vicerit
742 2941 750 2970 ,
774 2896 905 2959 caullam
922 2894 1061 2973 obtineat
1084 2918 1093 2971 ;
1122 2896 1174 2957 vel
1212 2897 1376 2962 bilitandos
1394 2894 1525 2959 hollium
1542 2899 1685 2971 animos,
1714 2894 1897 2975 suorumque
1916 2902 1973 2963 cri·

411 2973 532 3052 ipsimet
547 2995 650 3054 reges,
666 2973 699 3040 ἀ
720 2976 866 3051 principes
883 2976 919 3040 ad
935 2973 1086 3041 bellumse
1110 2996 1176 3055 pro·
1212 2978 1344 3056 gendos,
1363 2973 1397 3041 dc
1418 2974 1455 3040 ad
1471 2972 1630 3040 visioriam
1650 2972 1768 3040 facilius
1789 2974 1972 3056 consequen·

413 3073 547 3128 vocant,
565 3072 600 3119 ut
617 3052 736 3119 suorum
752 3054 841 3118 saluti
864 3053 1044 3129 prospiciant
1063 3054 1176 3134 ,sicuti
1212 3059 1298 3127 dam,
1329 3056 1412 3131 Quia
1439 3053 1516 3118 sicut
1542 3058 1573 3116 in
1603 3053 1686 3118 bello
1709 3052 1786 3120 iullo
1801 3057 1838 3119 ad
1858 3056 1972 3125 bonum

414 3134 526 3199 sallum
545 3132 699 3198 snitaD.
718 3131 1074 3198 WenceslanBohemiae
1090 3135 1177 3198 Duce
1212 3154 1371 3200 commune
1389 3133 1473 3197 licita
1489 3131 1531 3196 est
1552 3155 1650 3212 pugna
1675 3135 1758 3198 inter
1777 3137 1921 3213 multos,
1955 3157 1970 3198 a

414 3214 555 3278 adversus
571 3214 690 3276 Ducem
708 3209 928 3289 Curimensem,
947 3230 981 3276 ut
1002 3219 1063 3279 iam
1084 3232 1176 3278 antea
1213 3213 1333 3281 fortiori
1357 3214 1442 3276 licita
1463 3212 1523 3277 esse
1549 3213 1638 3277 debet
1663 3214 1746 3277 inter
1771 3235 1915 3291 paucos,·
1940 3213 1972 3280 ἃ

414 3308 559 3357 notatum
580 3290 656 3356 fuit.
1212 3315 1250 3358 eo
1270 3295 1366 3432 maRis
1397 3291 1580 3355 audloritate
1609 3291 1728 3371 publica
1748 3291 1884 3357 duellum
1909 3296 1973 3357 lici·

276 3404 400 3465 mm
458 3373 667 3447 principaliter
688 3386 791 3434 tamen
814 3370 963 3435 dividitur
981 3392 1006 3434 r.
1025 3370 1061 3434 ab
1077 3374 1176 3435 omni·
1214 3392 1320 3437 cume
1363 3369 1521 3447 ,quando
1551 3372 1690 3448 Princeps
1713 3371 1751 3435 de
1776 3370 1890 3437 iustitia
1911 3371 1971 3437 suaa

275 3443 411 3526 sinodus
419 3452 472 3516 bus
493 3455 525 3514 in
547 3448 729 3528 solemne&
750 3448 875 3526 simplex
896 3499 903 3526 ,
928 3452 976 3514 leu
998 3455 1174 3528 privatum.
1211 3450 1323 3516 caussae
1343 3447 1548 3527 certissimus,
1567 3444 1972 3529 sedcopiislongeinserior

274 3535 312 3589 lit
416 3532 557 3596 Solemne
578 3529 651 3594 illud
670 3528 712 3594 est
733 3530 837 3606 ,quod
853 3531 889 3592 fit
908 3529 1027 3594 servata
1047 3531 1176 3605 quadam
1212 3549 1327 3596 certam
1352 3526 1472 3591 suorum
1493 3532 1611 3591 ruinam
1636 3532 1667 3591 in
1692 3528 1814 3594 dubiam
1835 3529 1970 3595 vidiorian

417 3611 533 3688 forma,
549 3609 583 3675 &
599 3608 791 3674 solemnitate
811 3612 892 3674 circa
913 3627 1057 3686 tempus,
1077 3608 1112 3673 ec
1133 3607 1177 3670 lo·
1214 3611 1292 3687 lpem
1308 3625 1477 3673 commutet
1497 3607 1632 3670 duellum
1652 3609 1861 3686 acceptando,
1877 3609 1970 3674 dcet·
1994 3614 1999 3623 ’

415 3715 486 3757 cum
505 3692 675 3755 securitatis
704 3690 864 3766 privilegio
884 3689 1043 3766 praeditum
1066 3693 1176 3765 (quem
1213 3695 1275 3753 iarn
1290 3687 1465 3752 offerendo.
1497 3686 1566 3749 Hoc
1596 3689 1679 3750 enim
1699 3687 1792 3752 satius
1813 3689 1858 3752 est
1879 3710 1971 3765 quam

414 3795 553 3849 campum
574 3768 711 3832 francum
726 3767 894 3845 Scriptores
920 3768 1096 3846 appellant)
1127 3765 1177 3830 ad·
1213 3786 1247 3832 ut
1268 3788 1344 3845 pene
1360 3783 1447 3830 certo
1467 3767 1586 3829 excidio
1601 3766 1644 3828 lui
1673 3771 1825 3833 exercitus
1841 3767 1972 3832 crudelis

394 3853 518 3916 ,bibitis
535 3854 628 3914 etiam
644 3847 795 3926 teslibus,
824 3851 872 3922 qui
891 3851 1029 3923 patrini,
1052 3845 1104 3909 seu
1134 3845 1177 3908 se·
1212 3850 1245 3912 ἃ
1263 3844 1361 3909 inselli
1382 3846 1450 3907 belli
1471 3846 1642 3924 gravamini
1664 3893 1673 3934 ,
1693 3867 1728 3910 ac
1745 3849 1972 3922 provinciarum

417 3932 585 3993 enodantes
602 3928 766 4003 dicuntur,
788 3929 882 3989 literis
903 3928 978 3989 item
995 3941 1176 3999 provocato·
1211 3925 1332 3990 suanam
1350 3922 1513 3990 vastationi
1532 3920 1581 4001 se,
1603 3923 1727 4000 suosque
1742 3944 1901 4001 exponat.

343 4009 345 4012 ’
416 4013 488 4084 riis,
505 4025 557 4072 aut
578 4027 682 4070 eorum
699 4007 769 4068 loco
786 4007 923 4067 nunciis.
941 4005 1092 4080 Simplex,
1112 4002 1175 4067 sive
1250 4006 1406 4069 Caeterum
1426 4022 1515 4067 extra
1537 4002 1588 4066 hos
1609 4000 1691 4067 casus
1713 4052 1722 4080 ,
1741 4005 1858 4069 aliosve
1872 4004 1970 4069 buius·
1984 4032 2043 4087 q...

416 4092 576 4163 privatum
595 4085 667 4147 illud
687 4083 729 4145 est
749 4084 829 4160 quod
854 4083 890 4144 fit
910 4083 1028 4158 quidem
1044 4102 1084 4145 ex
1103 4102 1175 4145 con·
1211 4086 1291 4147 modi
1307 4087 1402 4146 etiam
1420 4081 1535 4157 publica
1552 4081 1736 4147 andoritate
1751 4085 1865 4148 initum
1882 4085 1972 4148 illici·
1985 4090 2044 4162 duell

415 4165 497 4231 diuo
508 4160 682 4237 statutisque
693 4182 845 4241 tempore,
866 4161 994 4240 deloco,
1011 4158 1058 4223 sed
1068 4160 1175 4236 absque
1213 4181 1277 4227 turn
1293 4161 1335 4224 esi
1350 4209 1359 4238 ,
1373 4160 1406 4226 ἀ
1426 4165 1563 4239 graviter
1578 4161 1746 4240 culpabile,
1765 4160 1846 4232 utsa
1867 4163 1971 4234 fiatob
1986 4156 2044 4227 sulm

416 4247 483 4309 aliis
499 4240 756 4308 solemnitatibus.
790 4242 947 4305 Dividitur
963 4260 991 4302 2.
1014 4243 1045 4302 in
1067 4239 1143 4302 illud
1166 4289 1174 4316 ,
1210 4239 1440 4305 delcsiationem
1461 4240 1645 4320 quamdam,
1670 4241 1707 4305 ad
1728 4240 1970 4306 ollentationem
1989 4231 2043 4329 ὦ,

414 4318 494 4398 quod
515 4325 550 4387 lit
573 4324 687 4400 publica
706 4323 903 4394 ausloritate,
924 4319 957 4384 8(
978 4319 1057 4396 quod
1074 4320 1110 4383 lit
1123 4340 1174 4383 au·
1211 4324 1346 4396 virium,
1362 4338 1415 4382 aut
1436 4321 1656 4396 dexteritatis,
1685 4319 1720 4384 ad
1742 4318 1948 4403 speslaculum
1966 4341 2044 4407 ,pitu

414 4406 555 4468 sloritate
577 4406 717 4479 privata.
739 4401 796 4463 His
817 4400 919 4475 posuis
940 4397 997 4462 sit.
1211 4400 1247 4462 ad
1269 4397 1453 4470 vindislam,
1471 4398 1507 4462 ad
1522 4398 1707 4475 probandum
1722 4402 1844 4464 crimen
1867 4401 1972 4478 ,quod
1988 4406 2044 4457 ιώ·

274 4482 400 4533 Duellum
456 4485 600 4548 Duellum
628 4500 693 4546 tum
719 4477 877 4556 solemne,
902 4499 965 4542 tum
992 4482 1174 4554 privatum,
1209 4483 1273 4553 quis
1291 4480 1382 4555 alteri
1398 4478 1590 4550 obiicit,seu
1607 4478 1645 4542 acl
1663 4478 1874 4558 purgandum,
1895 4482 1972 4558 quod
1988 4482 2044 4523 ¹²¹⁸·

273 4559 466 4627 ”l‘llmil‘seu
481 4559 603 4641 simplex
621 4563 755 4625 vetitum
770 4556 812 4621 cst
833 4563 899 4621 iure
919 4558 1043 4634 divino,
1063 4558 1095 4621 dt
1117 4556 1172 4619 hu·
1210 4557 1247 4619 ab
1268 4556 1366 4619 altero
1384 4557 1526 4619 obiicitur
1548 4579 1557 4633 ;
1585 4561 1654 4633 quia
1675 4561 1706 4618 in
1729 4557 1810 4622 hisce
1829 4563 1972 4626 omnibus

273 4622 325 4660 ’ω
390 4645 508 4706 'mano
529 4660 593 4705 tam
609 4640 693 4705 civili
714 4688 722 4715 ,
746 4658 837 4714 quam
865 4641 1014 4700 canonico
1033 4636 1084 4699 sub
1104 4656 1172 4711 gra·
1209 4636 1258 4698 vel
1282 4637 1418 4699 tenditur
1443 4636 1478 4699 ad
1506 4656 1634 4712 pravum
1650 4636 1772 4714 finem,
1797 4640 1848 4705 vel
1867 4642 1904 4705 ad
1924 4643 1973 4707 bo-

410 4718 538 4788 vilsrmis
554 4722 672 4798 poenis.
695 4717 763 4780 lure
783 4716 901 4792 quidem
920 4716 1028 4779 divino
1044 4715 1172 4779 interdi·
1208 4736 1300 4789 num,
1320 4713 1366 4775 sed
1384 4715 1483 4778 medio
1504 4715 1683 4793 illegitimo.
1702 4715 1795 4781 Unde
1804 4741 1877 4784 cum
1889 4724 1975 4786 Prin·

410 4803 490 4867 citur
510 4804 540 4863 in
557 4795 937 4877 praeceptoNonoccides,
955 4814 1083 4871 quonon
1102 4812 1170 4856 tan·
1206 4798 1284 4867 cipes
1298 4812 1359 4855 uon
1398 4792 1529 4881 babeant
1552 4797 1720 4859 dominium
1748 4801 1828 4866 vitae
1855 4798 1978 4869 suorum

409 4899 478 4944 tum
500 4878 674 4957 prohibetur
689 4875 798 4941 occisio
822 4872 1004 4937 austoritate
1027 4877 1171 4950 privata,
1208 4871 1396 4935 subditorum
1420 4921 1428 4949 ,
1448 4876 1494 4936 led
1512 4873 1612 4941 solum
1626 4880 1872 4947 convenientem
1893 4884 1980 4950 ulum

410 4959 573 5024 sedetiam
600 4957 766 5036 periculum
785 4951 942 5028 eiusdem,
967 4969 1001 5014 ut
1030 4968 1116 5029 patet
1139 4953 1171 5012 in
1207 4952 1243 5014 ad
1259 4952 1370 5014 bonum
1389 4972 1576 5039 commune,
1601 4975 1662 5022 non
1683 4958 1810 5031 poll'unt
1840 4985 1912 5029 eam
1928 4986 1983 5031 ex.

409 5038 475 5107 aliis
486 5041 660 5120 praeceptis.
684 5035 719 5099 ln
736 5033 837 5100 duello
853 5049 1070 5111 verouterque
1087 5029 1171 5102 duel·
1206 5049 1319 5111 ponere
1337 5029 1376 5103 ob
1395 5031 1488 5103 linem
1509 5053 1622 5104 vanum
1645 5085 1655 5117 ,
1684 5054 1742 5107 nec
1769 5046 1980 5198 necessfflm
