4425 6000
522 577 817 650 'sanemur
847 571 1111 648 ieiuniis
1141 570 1525 651 &neamenim
1705 591 1820 665 ira,

260 677 304 744 [ιι
327 669 504 743 contrarius
536 672 678 739 onerosus
711 671 875 752 adimpleta
904 667 942 738 ab
973 691 1033 734 una
1065 678 1128 739 cita
1152 677 1214 737 iam
1233 689 1295 735 non
1317 686 1456 747 teneret,
1475 688 1538 733 non
1553 665 1692 760 securae
1712 687 1823 737 vntum

260 776 356 836 patre
381 754 577 833 conditione,
607 770 732 818 tenetur
752 753 849 817 altera
867 748 1032 828 promilsio·
1065 754 1154 817 dandi
1171 751 1351 831 pauperibus
1374 750 1456 829 quod
1474 750 1565 814 alteri
1580 770 1620 814 ex
1644 750 1756 815 iuslitia
1771 752 1828 816 de··

261 858 339 902 irem
353 835 478 912 implere
513 833 634 910 quando
654 834 740 905 licite
762 831 905 907 praeliare
925 832 953 893 id
970 828 1032 907 pos·
1065 834 1173 912 betur;
1204 830 1267 898 sive
1288 850 1360 897 ante
1388 828 1637 908 deliniationem,
1657 828 1830 909 &ssecund

260 917 328 983 sit.
352 917 419 981 Nec
443 883 543 979 ol‘n‘cit
562 913 641 992 quod
665 905 731 976 fiale
754 908 940 993 pmmiserit;
961 914 1031 987 quia
1066 914 1136 978 dum
1155 914 1398 979 communiorem
1417 928 1543 975 tenetur
1563 928 1667 987 petere
1682 913 1750 977 voti
1769 908 1828 975 dis·

261 998 323 1062 tali
346 995 415 1060 ficia
438 992 632 1089 promissione
651 1011 718 1055 eam
741 993 887 1070 decepit,
907 990 1032 1067 ideoque
1067 994 1302 1072 perlationem,
1326 990 1360 1057 ἃ
1382 1012 1450 1055 eam
1482 990 1617 1068 ducere,
1639 993 1711 1067 quia
1725 1004 1762 1055 ut
1781 989 1826 1056 sa*
1886 1017 1888 1021 ·

255 1077 401 1144 ¹violavit
417 1092 447 1139 ei
468 1075 515 1137 ius
536 1122 544 1151 ,
563 1072 643 1150 quod
664 1071 788 1149 quilque
808 1069 898 1135 habet
921 1091 961 1134 ne
981 1090 1033 1149 per
1067 1078 1186 1150 pienter
1206 1076 1250 1137 ait
1268 1072 1314 1135 De
1337 1073 1423 1150 Lugo
1436 1119 1443 1148 ,
1458 1070 1605 1151 obligatio
1633 1074 1698 1136 voti
1715 1090 1825 1148 prove·

258 1158 479 1232 deceptionem
499 1152 619 1229 aliquod
641 1150 678 1215 ab
693 1171 732 1215 eo
748 1153 909 1229 exigatur:
925 1170 965 1215 eo
981 1150 1032 1215 vel
1067 1156 1114 1216 nit
1135 1174 1175 1234 eir
1193 1153 1285 1232 libera
1306 1155 1471 1217 voluntate
1487 1153 1533 1214 ita
1555 1153 1719 1230 voventis,
1738 1149 1773 1216 dt
1793 1155 1826 1216 in

260 1241 397 1303 maxime
420 1232 500 1311 quod
521 1236 606 1297 iuxta
633 1231 771 1306 regulam
797 1234 871 1294 iuris
888 1233 918 1293 in
934 1234 963 1292 6.
980 1249 1033 1293 rir-
1069 1235 1152 1297 votis
1168 1230 1346 1310 simplicibus
1362 1232 1529 1295 includitur
1544 1235 1641 1295 tacita
1655 1230 1798 1296 conditio
1815 1263 1825 1310 ,

262 1317 343 1384 uisnr'
360 1313 452 1400 fraus
467 1311 524 1392 sira
539 1311 717 1393 patrocinari
735 1308 839 1375 deber.
871 1310 938 1374 Nec
960 1309 1032 1374 satia
1067 1310 1087 1373 si
1108 1331 1216 1389 potero
1237 1310 1299 1375 sine
1317 1311 1491 1388 praeiudicio
1511 1314 1583 1374 iuria
1605 1310 1725 1374 alieni.-
1748 1312 1830 1375 obli·

262 1397 307 1463 eli
328 1394 407 1474 quod
421 1394 531 1458 damna
553 1392 697 1456 resarciat
718 1394 869 1468 precipue
889 1410 956 1453 eam
976 1388 1028 1454 do·
1066 1396 1150 1456 vatio
1167 1410 1271 1455 autem
1287 1390 1413 1456 ducendi
1431 1390 1507 1454 hanc
1531 1392 1690 1455 mulierem
1706 1393 1738 1453 in
1754 1392 1827 1456 tali·

221 1547 224 1551 ,
261 1477 384 1553 eandm·
406 1496 477 1539 cum
503 1474 555 1536 illa
580 1491 642 1535 non
662 1468 861 1545 consenserit,
883 1468 935 1532 nisi
963 1491 1032 1533 cum
1065 1442 1119 1536 bus
1135 1471 1371 1536 circuinslantiir
1390 1467 1434 1535 eli
1454 1469 1603 1535 oblitatio
1624 1490 1665 1533 erc
1681 1466 1826 1536 iustitia.

250 1556 350 1638 pasto
379 1572 416 1619 ut
443 1550 577 1617 seductor
608 1570 676 1614 eam
704 1551 832 1615 duceret
851 1595 858 1610 .
876 1550 1031 1614 creditori
1064 1553 1171 1630 Quare
1188 1549 1276 1616 sicuti
1296 1549 1318 1613 si
1337 1552 1402 1628 quis
1423 1532 1555 1613 vovisset
1571 1551 1644 1613 dare
1663 1549 1829 1615 omniabo·

262 1640 349 1703 enim
365 1636 469 1698 invito
489 1654 585 1695 urium
607 1651 660 1708 pro
677 1630 738 1693 alio
758 1627 833 1694 solvi
851 1631 974 1705 nequit.
1066 1653 1105 1696 na
1122 1629 1174 1695 sua
1191 1629 1385 1708 pauperibus,
1405 1628 1425 1692 si
1448 1626 1547 1707 pollea
1567 1649 1661 1706 grave
1681 1631 1832 1696 damnum

305 1716 431 1780 Dantur
449 1731 553 1777 tamen
571 1713 661 1788 aliqui
678 1705 780 1784 casus,
802 1712 832 1770 in
848 1706 954 1786 quibus
969 1711 1030 1772 exi·
1067 1711 1158 1777 alicui
1175 1706 1302 1774 inferret
1316 1758 1325 1785 ,
1338 1710 1483 1774 damnum
1503 1707 1623 1772 illatum
1634 1728 1694 1771 non
1710 1709 1828 1775 obliari-

262 1797 362 1861 initur
381 1790 545 1857 defloraror
565 1812 582 1854 a
604 1788 653 1853 sua
672 1786 862 1864 promiffinne
880 1787 1031 1865 implenda
1067 1808 1099 1855 te
1119 1808 1214 1868 voto,
1233 1787 1609 1865 compensareteneretui.
1629 1788 1680 1853 Sic
1697 1792 1749 1867 qui
1772 1810 1829 1854 vo·

261 1892 445 1955 corruptam
470 1871 617 1947 ducendi,
646 1867 679 1934 ἀ
701 1885 774 1932 ruric
802 1866 897 1932 solum
922 1868 1031 1932 damna
1067 1890 1132 1935 tum
1154 1869 1245 1935 habet
1266 1869 1416 1934 castitatis
1437 1888 1498 1933 nnn
1518 1872 1665 1933 eximitur
1685 1889 1703 1934 a
1722 1869 1830 1942 debito

262 1951 370 2019 secuta
400 1950 542 2019 resarcire
567 1968 712 2015 tenetur.
730 1948 768 2012 Et
788 1947 852 2011 r.si
881 1948 981 2024 puella
1002 1948 1031 2012 se
1065 1948 1222 2016 contrario
1240 1971 1280 2013 ex
1300 1948 1418 2013 iustitia
1439 1970 1510 2013 cum
1532 1948 1652 2026 puella,
1671 1969 1762 2026 quam
1777 1950 1833 2015 de·

264 2032 395 2099 finxerit
415 2033 572 2112 Virginem
593 2077 601 2103 ,
622 2027 771 2104 nobilem,
790 2028 941 2104 divitem,
961 2049 1032 2091 cum
1066 2029 1211 2108 lloravit,
1231 2025 1453 2106 dispensatione
1474 2032 1570 2107 petita
1586 2048 1655 2091 eam
1675 2028 1827 2096 ducendii

263 2131 393 2179 revera:
406 2113 477 2178 talis
498 2131 560 2174 nori
586 2106 643 2185 sit;
668 2110 740 2184 quia
761 2104 870 2171 iniulle
894 2109 1030 2186 decepit.
1065 2111 1093 2172 Si
1112 2127 1218 2175 autem
1239 2108 1491 2187 impedimentum
1513 2108 1548 2171 sit
1570 2103 1827 2187 indispensabile,·

263 2192 381 2258 lirion
415 2190 475 2269 ipse
505 2193 600 2253 etiam
627 2188 721 2252 talem
747 2206 815 2250 eam
840 2187 1001 2252 crediderit
1015 2210 1030 2259 ·;
1065 2189 1151 2253 ficuti
1163 2187 1199 2253 lit
1210 2190 1403 2266 perordinem
1422 2186 1537 2253 sacrum
1556 2185 1749 2269 susceptum,
1772 2207 1830 2256 aut

261 2294 337 2338 cnm
359 2273 424 2339 liaec
444 2272 482 2334 sit
513 2270 614 2333 catilla
637 2263 789 2330 sufficiens
808 2268 844 2330 ad
870 2266 1030 2331 dillolven·
1065 2290 1118 2345 per
1132 2272 1364 2333 matrimonium
1378 2289 1448 2333 cum
1464 2267 1831 2347 ariacontiaerun,rune

264 2353 304 2420 da
330 2349 494 2433 sponsalia,
514 2349 623 2411 damna
645 2366 747 2410 tamen
771 2344 841 2409 sunt
871 2339 1030 2412 resarcieri-
1065 2344 1175 2412 sufficit
1194 2348 1216 2410 si
1237 2368 1305 2412 eam
1322 2367 1377 2425 pro
1393 2347 1460 2412 aliis
1481 2354 1595 2425 nuptiis
1617 2347 1831 2426 provideatse·

263 2433 323 2499 da.
349 2451 378 2493 a.
401 2432 430 2493 Si
460 2428 568 2492 mulier
588 2446 748 2504 corrupta,
772 2423 946 2513 defloratoti
977 2449 1030 2491 nu·
1064 2428 1196 2494 cundum
1220 2426 1250 2490 S.
1271 2427 1382 2493 Thom.
1402 2432 1433 2491 in
1455 2451 1484 2507 4.
1506 2430 1568 2512 dist.
1585 2428 1633 2491 all.
1651 2450 1679 2508 4.
1698 2450 1726 2493 ι.
1743 2450 1773 2493 a.
1798 2450 1829 2497 a.

263 2510 339 2577 bere
359 2526 469 2575 renuat
488 2507 604 2577 volenti
625 2506 787 2581 adimplere
809 2510 893 2571 luam
917 2506 1029 2587 obliga·
1062 2509 1106 2573 'ad
1117 2511 1147 2589 4.
1173 2514 1200 2586 5.
1221 2509 1251 2572 Si
1273 2504 1397 2572 saemina
1426 2506 1570 2574 deflorata
1591 2531 1662 2573 cum
1688 2511 1749 2574 alio
1769 2506 1832 2573 fori

265 2593 405 2668 tionem,·
432 2588 493 2653 irin
510 2591 540 2650 in
562 2586 617 2653 tali
642 2586 710 2649 calu
733 2584 894 2651 secundum
915 2588 1030 2652 multoe
1064 2592 1186 2653 nicetnr
1203 2607 1275 2654 ante
1292 2585 1429 2652 secutum
1446 2588 1699 2666 Matrimonium;
1719 2593 1789 2665 quia
1800 2593 1831 2655 in

265 2670 414 2736 liberatur
427 2667 474 2731 'ab
501 2669 583 2731 omni
608 2684 701 2730 onere
726 2670 821 2731 etiam
846 2667 969 2730 dotandi
990 2688 1028 2732 ex
1064 2669 1121 2732 tali
1138 2665 1209 2733 casu
1228 2670 1423 2746 promittenti
1446 2664 1521 2733 fecit
1546 2671 1712 2745 iniuriam,¹
1728 2667 1762 2734 ἃ
1787 2672 1836 2733 ιιι·

266 2750 371 2830 regula
391 2750 465 2813 iuris
481 2768 529 2826 41.
551 2750 583 2810 in
602 2747 630 2807 6.
657 2746 800 2825 imputari·
820 2767 874 2809 riori
902 2744 981 2810 delei
1001 2746 1029 2810 εἰ
1063 2746 1138 2811 llam
1157 2747 1241 2812 dedit
1268 2747 1403 2812 caussam
1432 2748 1589 2811 recedendi
1620 2769 1636 2810 a
1661 2748 1828 2826 promissio·

268 2848 326 2911 γει
346 2849 430 2908 quern
447 2828 572 2909 eonfiat
587 2827 617 2906 ſs
634 2847 689 2896 nnn
702 2824 782 2906 facia
803 2825 879 2901 quod
892 2843 944 2903 prr
962 2846 1028 2890 erim
1064 2846 1120 2889 ne.
1143 2832 1171 2888 6.
1183 2827 1211 2888 Si
1231 2824 1387 2905 promissio
1407 2825 1475 2889 fiere
1494 2824 1573 2891 faria
1590 2824 1706 2903 suerit,
1727 2827 1762 2892 &
1797 2852 1828 2894 a·

266 2908 372 2994 sarrai
384 2906 574 2989 faciendum.
598 2909 680 2992 Quia
702 2903 826 2982 quando
846 2924 968 2979 paratus
987 2906 1027 2968 cll
1062 2927 1124 2981 quo
1143 2905 1236 2969 modo
1252 2907 1355 2982 potuit
1377 2905 1490 2984 puellae
1518 2906 1709 2973 innotescere
1729 2925 1767 2971 ut
1796 2908 1837 2975 u⁰

266 2994 277 3054 i
312 2991 392 3068 plere
408 2989 487 3066 quod
510 2987 687 3064 promilerat
698 3034 707 3066 ,
728 3004 789 3050 non
805 2984 928 3049 videtur
948 2985 1028 3050 ulte·
1063 3002 1111 3052 tat
1126 2987 1164 3049 D.
1183 2984 1293 3065 Angel.
1312 2987 1366 3050 cit.
1386 2986 1453 3049 loco
1475 2986 1511 3051 ad
1527 3009 1555 3066 4
1575 2992 1727 3068 praecipue
1747 2987 1768 3050 si
1785 3012 1835 3053 ir-v

264 3012 460 3136 gumeri.
483 3069 512 3130 Si
535 3085 637 3131 tamen
660 3063 777 3133 recuset
798 3060 911 3130 femina
936 3064 1027 3130 nube·
1062 3066 1225 3144 opulentus
1244 3064 1301 3142 fit,
1323 3065 1372 3129 vel
1395 3066 1612 3145 nobilis‚·quia
1634 3085 1709 3136 tunc
1726 3070 1827 3144 puelia

267 3169 302 3216 re
327 3146 504 3213 defloratori
537 3147 680 3223 eoquod
710 3144 747 3208 sit
776 3143 866 3209 valde
894 3146 1027 3217 melioris
1062 3147 1091 3210 se
1112 3147 1202 3222 ipsam
1221 3145 1312 3210 llulte
1332 3136 1467 3227 decepit'‚
1486 3147 1520 3214 dc
1541 3147 1591 3213 libi
1616 3148 1826 3226 deceptionem

263 3227 469 3306 conditionis,
486 3227 553 3291 vult
571 3226 802 3290 Panorniitanus
823 3221 918 3305 ipsum
934 3228 966 3288 iii
982 3242 1028 3289 ta·
1063 3230 1214 3303 imputare
1240 3225 1348 3289 debet.
1371 3225 1582 3309 Nihilominus
1611 3246 1716 3293 tamen
1730 3228 1828 3294 dello⁴

266 3308 289 3372 ll
308 3308 378 3389 casu
402 3309 500 3372 teneri
517 3307 554 3371 ad
574 3326 642 3371 eam
662 3305 733 3369 dote
753 3301 1027 3380 compensandam.
1063 3324 1150 3371 rator
1179 3304 1321 3370 resarcire
1342 3304 1429 3370 debet
1451 3307 1561 3372 damna
1585 3311 1763 3386 ,ptarcipue
1792 3316 1829 3376 ut

267 3386 398 3453 Talibus
423 3390 503 3453 enim
522 3386 650 3450 dedecus
670 3383 703 3450 &
722 3384 869 3469 damnum
892 3404 952 3449 nori
981 3406 1028 3448 re·
1063 3387 1151 3450 alteri
1168 3387 1277 3463 aequali
1300 3385 1417 3459 nubat,
1438 3387 1471 3451 dt
1493 3386 1512 3449 si
1535 3386 1649 3453 nubere
1668 3390 1767 3469 nolit,
1792 3406 1829 3454 ur

265 3466 444 3541 sarciretur,
468 3464 515 3531 sed
532 3483 714 3545 augeretur,
737 3465 877 3544 intellige
898 3461 1028 3543 iefpeeiu
1062 3467 1206 3530 decenter
1226 3467 1337 3530 vivere
1359 3463 1470 3545 possit,
1488 3470 1558 3544 quia
1579 3469 1695 3545 semper
1725 3489 1835 3534 verum

270 3543 395 3612 semiliae
420 3545 493 3609 idest
519 3544 556 3609 de
580 3543 747 3619 dedecore,
766 3542 800 3608 ἀ
826 3544 936 3609 damno
951 3546 1028 3622 quod
1063 3544 1105 3610 est
1127 3545 1258 3622 puellam
1275 3548 1420 3609 iniuriam
1441 3549 1579 3625 aliquam
1611 3548 1721 3625 pallam
1753 3549 1834 3613 elle.

264 3646 305 3692 ex
327 3627 381 3691 tali
411 3626 581 3690 violatione
604 3627 633 3687 ci
654 3622 851 3699 sequeretur.
877 3626 961 3690 Nam
982 3647 1029 3690 re·
1103 3626 1134 3687 Si
1155 3644 1258 3691 autem
1279 3629 1327 3689 vit
1353 3624 1463 3692 nobilis
1489 3628 1562 3692 idest
1582 3625 1739 3704 superioris
1759 3648 1837 3690 con-

265 3702 367 3785 spedlu
383 3723 535 3781 corruptae
553 3702 573 3765 si
596 3703 658 3765 sine
678 3705 732 3780 vi,
757 3701 789 3766 dt
810 3702 898 3782 dolo,
918 3702 967 3767 sed
986 3703 1030 3770 so·
1063 3706 1194 3771 ‘ditionis
1213 3704 1323 3784 puellae
1344 3726 1436 3782 quam
1457 3706 1510 3772 sub
1526 3705 1574 3782 spe
1590 3708 1781 3772 matrimonii
1796 3706 1835 3770 ad

266 3784 295 3849 la
313 3783 506 3863 promissione
530 3784 717 3846 matrimonii
741 3778 888 3847 deflorata
911 3782 1031 3862 fuerit,
1066 3784 1203 3863 stuprum
1223 3784 1369 3863 induxit,
1388 3807 1463 3850 vere
1484 3791 1607 3865 nuptias
1628 3784 1779 3865 promisit,
1797 3785 1836 3853 &

266 3862 489 3930 consentiendo
506 3863 537 3923 iii
551 3861 694 3938 copulam
709 3857 795 3924 cessit
811 3863 869 3924 iuri
889 3861 963 3940 suo;
989 3863 1031 3927 id·
1065 3869 1162 3931 etiam
1182 3867 1336 3942 impotens
1364 3863 1401 3930 sit
1429 3866 1465 3930 ad
1486 3887 1553 3930 eam
1572 3867 1647 3931 dote
1674 3863 1835 3932 sufficienrr·

265 3946 350 4008 circo
377 3940 477 4017 quoad
511 3941 566 4004 licc
586 3940 808 4015 si'corruptori
842 3941 956 4006 ninere
987 3963 1032 4008 re·
1067 3943 1308 4023 providendam,
1331 3963 1390 4008 nee
1406 3965 1446 4008 ex
1466 3944 1678 4012 contrahendo
1696 3967 1767 4012 cuni
1782 3960 1855 4019 eae,

264 4042 359 4096 nuat,
383 4020 458 4084 nihil
478 4020 558 4085 aliud
578 4023 607 4085 ei
628 4020 752 4084 reddere
769 4019 821 4086 ille
839 4037 981 4086 tenetur.
1003 4036 1031 4103 3.
1066 4025 1135 4090 dem
1156 4027 1279 4101 nuptias
1299 4025 1472 4100 periculum
1492 4021 1530 4090 sit
1554 4025 1709 4103 probabile
1733 4027 1836 4107 gravia

264 4101 294 4165 Si
324 4121 363 4165 ex
393 4099 553 4165 contradis
573 4103 689 4180 nuptiis
713 4121 731 4163 a
756 4099 942 4164 delloratore
963 4123 1033 4167 cuin
1068 4101 1199 4167 scandali
1215 4102 1254 4168 ob
1273 4101 1390 4171 diffidia
1411 4126 1445 4168 ac
1465 4104 1525 4169 alia
1545 4106 1736 4172 incommoda
1753 4104 1838 4171 sectr-

264 4180 369 4259 puelia
399 4197 545 4258 corrupta
577 4187 761 4245 timerentur
781 4181 945 4257 prudenter
964 4203 1032 4261 gia·
1067 4203 1139 4248 rura
1169 4203 1209 4246 eit
1230 4185 1288 4248 tali
1311 4186 1530 4263 matrimonio,
1549 4202 1586 4249 ut
1603 4204 1695 4251 notat
1719 4188 1750 4249 P.
1771 4188 1838 4250 Ari·

264 4264 319 4326 via
338 4259 420 4325 mala
438 4258 624 4340 prosedlura,
645 4279 681 4324 iit
699 4256 836 4324 infelices
851 4263 975 4340 exitus,
990 4264 1034 4325 di·
1069 4265 1156 4327 tuine
1178 4284 1250 4327 cuni
1271 4262 1339 4327 aliis
1363 4281 1486 4327 tenetur
1511 4283 1580 4328 eam
1603 4265 1745 4342 ducerer
1765 4267 1837 4342 quia

265 4337 390 4405 scordiae
408 4362 514 4420 graves
541 4345 621 4405 inter
642 4337 794 4417 familiar,
814 4343 923 4419 gravia
947 4338 1032 4406 scari·
1058 4359 1145 4406 ‘runc
1173 4343 1230 4407 iuri
1254 4339 1308 4406 suo
1337 4340 1441 4406 ceffit.
1468 4343 1551 4408 Nam
1571 4349 1691 4409 ratione
1712 4342 1839 4424 promis·

265 4419 333 4483 dala
353 4417 413 4485 &n
439 4421 522 4498 Quia
547 4423 582 4496 in
605 4420 661 4485 tali
682 4417 752 4484 casu
768 4466 777 4497 ,
796 4420 907 4485 innlier
926 4425 1032 4500 nequit
1068 4421 1157 4487 sionis
1187 4437 1358 4499 acceptatae
1385 4420 1504 4488 debitus
1533 4424 1576 4487 eli
1605 4426 1767 4504 excelsus,
1796 4423 1836 4489 ad

263 4499 326 4563 elle
342 4501 573 4565 rationabiliter
592 4497 711 4563 invita.
733 4521 762 4579 4.
777 4498 808 4560 Si
826 4500 951 4577 aliquod
967 4523 1035 4582 gra·
1067 4522 1158 4575 quem
1178 4501 1383 4579 reddendam,
1400 4523 1438 4566 eo
1459 4501 1521 4580 ipso
1548 4503 1627 4580 quod
1656 4506 1757 4571 voluit
1785 4507 1837 4566 de·

264 4596 305 4642 ve
322 4578 573 4657 impedimentum
602 4582 815 4654 interveniat,
841 4595 876 4643 ut
899 4579 919 4642 si
942 4579 1036 4646 lusce·
1068 4579 1264 4664 floritionem
1284 4600 1347 4644 non
1367 4580 1507 4649 obllante
1528 4584 1648 4648 nieliori
1670 4583 1713 4649 liii
1742 4585 1838 4648 statur

263 4654 354 4734 prisea
367 4654 471 4724 sacros
491 4659 633 4738 ordiner,
651 4655 771 4722 tametsi
790 4659 918 4746 illicite.
937 4661 966 4723 Si
979 4683 1034 4726 au·
1070 4661 1264 4738 conditione,
1284 4656 1313 4723 se
1333 4659 1499 4742 obligavit.

263 4751 331 4801 tem
349 4738 603 4816 impedimentum
618 4735 660 4801 ell
678 4736 1035 4818 dispensabile,&pnel·
1087 4741 1170 4802 ·Vir
1190 4739 1239 4814 qui
1272 4756 1381 4816 putans
1407 4743 1542 4820 puellam
1571 4742 1633 4809 elle
1656 4746 1838 4824 virginem,
1875 4786 1883 4800 ·

264 4813 297 4881 la
313 4812 457 4896 insiliat,
472 4817 561 4883 debet
583 4822 743 4895 impetrare
763 4813 1036 4900 dispensationem,
1072 4814 1236 4894 volensque
1256 4821 1424 4894 carnaliter
1442 4839 1512 4886 eam
1536 4821 1715 4902 cognoscere
1734 4837 1770 4886 ut
1793 4815 1838 4883 sa·

262 4905 300 4960 dc
315 4916 388 4961 cain
409 4897 541 4977 ducere,
561 4900 630 4974 quia
647 4893 729 4960 fraus
746 4899 862 4960 nemini
880 4894 1035 4980 suffragari
1070 4899 1158 4963 cilius
1182 4916 1252 4962 earn
1285 4899 1409 4965 inducat
1434 4902 1472 4964 ad
1496 4899 1748 4967 consentiendum
1773 4898 1837 4962 suae

262 4973 355 5041 debet
375 4997 384 5040 r
405 4976 479 5042 utsi
502 4981 567 5054 quir
584 4993 693 5040 votum
710 4974 821 5041 habeat
842 4977 968 5054 simplex
984 5002 1037 5043 ca·
1071 4977 1229 5042 voluntati
1251 4976 1328 5042 serio
1348 4983 1632 5047 matrimoniumei
1655 4981 1811 5058 promittit
1829 5027 1837 5052 ,

265 5052 382 5120 llitatir
398 5073 454 5120 aut
472 5056 642 5137 religionis,
668 5053 732 5120 sive
752 5076 823 5121 eum
844 5054 952 5122 lecerit
973 5058 1040 5136 post
1073 5054 1134 5133 ipsa
1153 5054 1275 5133 prorsus
1290 5060 1451 5137 ignorante
1479 5060 1554 5128 salla
1580 5061 1662 5124 illius
1690 5061 1839 5135 opinione

271 5131 510 5207 deflorationem
519 5132 623 5217 ‚quod
637 5148 708 5205 cuni
726 5132 764 5200 sit
779 5136 818 5201 de
834 5155 867 5199 re
889 5153 964 5202 tnnc
979 5138 1037 5202 illi·
1073 5134 1178 5202 desua
1194 5137 1396 5219 virginitate,
1419 5159 1510 5216 quain
1537 5157 1646 5208 reuera
1662 5136 1787 5229 auiistt.
1805 5132 1840 5202 ὅ(

1384 5241 1387 5247 ’
1769 5239 1802 5278 ln
