4425 6000
325 338 368 444 Χ

338 561 341 566 -
436 527 524 610 Ιιρι
712 505 916 583 Tener.
953 527 1024 582 oe
1059 508 1396 586 contenet.
1433 513 1554 586 Car.
1591 511 1659 587 IV.

391 605 518 672 riatur.
541 626 570 670 2.
596 605 731 673 Ratione
750 610 888 674 materia
902 653 909 682 ,
925 619 962 671 ut
985 603 1007 669 sr
1029 606 1163 672 vendan·
1198 609 1284 672 laicis
1306 611 1425 675 licitum
1447 611 1508 676 esl-
1528 613 1625 677 Prena
1641 630 1745 679 tamen
1761 618 1970 683 excommuni-

399 703 452 754 tur
472 707 520 753 ree
535 686 627 753 sacrae
641 735 650 762 ,
666 686 719 750 vel
735 704 782 750 ree
797 706 866 765 quae
882 685 957 749 licet
977 706 1018 751 err
1039 686 1070 752 se
1086 705 1163 752 ven·
1199 691 1351 767 cationis,
1367 689 1581 770 suspensionis,
1601 692 1800 771 depositionis
1819 693 1933 760 inditia
1950 716 1970 762 a

396 767 426 832 di
454 784 588 846 queant,
615 767 719 844 aliqua
746 783 852 833 tamen
876 765 953 830 iusta
976 765 1043 846 lege
1071 766 1165 831 rendi
1201 766 1288 832 sacrir
1313 770 1479 834 canonibus
1499 790 1607 835 contra
1628 772 1860 852 inobedientes,
1891 777 1925 840 ἀ
1949 792 1971 840 ι

398 846 615 928 prohibentur,
635 863 671 913 ut
693 845 713 908 sr
730 841 919 913 frumentum
933 861 1026 914 extra
1040 866 1166 927 regnum
1199 845 1322 931 synodo
1342 848 1525 915 Tridentina
1546 849 1609 915 seli.
1625 870 1674 915 aa.
1690 852 1727 917 de
1744 850 1886 918 Reform.
1903 874 1972 938 cap.

373 929 551 994 evehatur
567 950 580 1006 ,·
607 927 628 991 sr
652 926 829 992 vendantur
857 923 1029 994 infidelibut
1056 946 1167 1005 armr,
1203 947 1229 990 r.
1256 926 1439 994 confirmata
1465 930 1493 993 ie
1565 952 1578 993 r
1607 932 1806 1011 intelligenda
1831 933 1874 996 esi
1906 953 1973 998 non

397 1007 532 1086 serrum,
553 1026 608 1077 aut
629 1004 702 1073 vasa
718 1003 799 1072 sacra
815 1010 953 1087 integra,
972 1005 1091 1073 secursr
1108 1003 1167 1072 fra·
1200 1007 1273 1072 latae
1294 1004 1477 1083 sententiar,
1495 950 1732 1076 &sententiar
1752 1007 1906 1079 serendae.

395 1089 445 1155 dia
466 1089 545 1169 bnt,
565 1088 637 1168 quia
666 1102 739 1152 tunc
759 1084 954 1175 sanititatem
982 1085 1165 1153 amisenrnt.
1240 1087 1319 1158 Herc
1336 1103 1440 1153 tamen
1459 1107 1521 1154 non
1538 1091 1754 1171 intelliguntur
1775 1091 1831 1155 nisr
1848 1091 1886 1158 de
1901 1094 1975 1159 Cle-

398 1185 428 1253 ς.
451 1172 588 1236 Ratione
610 1168 779 1245 temporit,
804 1183 842 1231 ut
862 1165 883 1229 sr
905 1166 1081 1233 vendantur
1099 1188 1167 1232 crr·
1202 1170 1269 1232 ritis
1289 1170 1323 1230 in
1341 1165 1429 1233 saerir
1449 1167 1643 1248 constitutit,
1671 1188 1726 1236 aut
1746 1170 1971 1252 beneficiariis,

398 1271 454 1316 ner
480 1253 619 1329 tempore
636 1245 882 1328 Quadragesrmae
902 1245 967 1311 srve
983 1247 1168 1327 catholicis,
1201 1262 1238 1312 ut
1258 1263 1348 1313 notet
1365 1246 1523 1315 Habertur
1540 1271 1612 1314 cum
1640 1251 1726 1315 aliis.
1751 1251 1975 1338 intelliguntur

390 1334 452 1414 -qui
475 1325 658 1396 facultatem
685 1345 738 1393 ear
762 1325 941 1392 cornedendi
967 1328 1006 1393 cb
1035 1326 1167 1393 Ecclesia
1204 1343 1307 1392 tamen
1326 1329 1365 1391 de
1381 1328 1448 1392 ltelr
1470 1325 1538 1393 ‘osrr
1558 1328 1718 1408 omnibus,
1732 1332 1770 1398 iia
1789 1333 1885 1397 etiam
1917 1336 1973 1411 qui

399 1430 464 1476 non
491 1423 699 1488 receperunt,
729 1404 792 1472 sire
822 1405 996 1487 hereticis,
1022 1411 1074 1485 qui
1104 1427 1168 1473 non
1202 1405 1290 1472 nullo
1308 1405 1427 1472 Ordine
1460 1424 1518 1473 unt
1538 1407 1696 1490 insigniti,
1724 1409 1815 1475 nodo
1833 1431 1885 1477 eor
1909 1433 1975 1480 non
2030 1487 2032 1492 ,

399 1505 575 1572 errorent,
597 1508 671 1552 narn
699 1485 734 1553 dr
762 1486 793 1550 bi
812 1486 853 1551 ob
876 1505 1035 1565 acceptum
1054 1486 1167 1567 baptis·
1200 1483 1328 1551 excuset
1352 1491 1456 1566 gravit
1475 1485 1651 1554 necessitas.
1672 1489 1779 1570 Quare
1798 1488 1820 1553 sr
1842 1494 1975 1562 clerieue

398 1591 484 1638 mom
503 1570 559 1651 legi
581 1564 722 1633 Ecclesia
744 1563 864 1631 subieiii
889 1565 978 1632 sunt.
1007 1590 1036 1649 4.
1058 1569 1168 1634 Ratio-
1203 1563 1355 1631 seminis
1371 1570 1402 1630 in
1424 1564 1515 1633 sarrit
1536 1587 1598 1631 non
1613 1568 1800 1635 conslirutur
1816 1590 1974 1639 mercatu·

399 1672 440 1718 ne
461 1651 539 1729 loci,
558 1666 595 1715 ut
615 1645 793 1712 srvenditio
812 1646 871 1712 fiat
886 1650 919 1711 in
938 1647 1169 1727 Templum·
1203 1664 1271 1710 ram
1284 1661 1448 1724 exerceat,
1474 1648 1599 1713 videtur
1618 1668 1680 1714 non
1699 1670 1823 1744 peecare
1846 1652 1975 1719 lethali·

400 1734 550 1808 meterio,
577 1727 685 1795 aliisve
714 1727 787 1792 locis
805 1727 915 1794 divino
932 1727 1033 1795 cultui
1051 1732 1168 1795 manci·
1203 1743 1358 1804 tentum
1376 1724 1451 1792 sacri
1474 1746 1609 1793 cenoner
1633 1727 1713 1806 loqur
1730 1728 1912 1797 censeantur
1932 1733 1974 1800 de

401 1814 501 1956 parisa,
529 1813 576 1954 itda
601 1827 639 1873 ut
667 1805 772 1951 aba&
800 1803 838 1871 fit
851 1807 1059 1951 lcorrigendae
1090 1828 1169 1905 ,non
1202 1804 1321 1948 ‘iffi‘
1334 1803 1433 1899 'statui
1452 1805 1807 1952 ‘tlendcedleicimssffim
1826 1809 1973 1956 addiflilae

399 1907 730 2061 ‘attitulati
745 1907 845 2062 aa
862 1908 1169 2062 diddiloni!
1198 1904 1530 2062 l'clmffiifdd'ioa
1548 1907 1975 2062 ,allitalltllti

402 2055 505 2135 giner.
517 2069 543 2127 5.
556 2048 738 2127 Negotiatio
757 2046 868 2112 rllreita
883 2046 927 2111 est
943 2047 1168 2125 tquuandora·
1202 2044 1439 2111 mrcattontbut
1455 2042 1594 2122 versut.
1614 2049 1820 2112 admonendus
1840 2051 1913 2115 esstt
1934 2049 1975 2122 ab

403 2135 490 2202 tione
510 2125 662 2209 persona:
692 2125 731 2189 sic
750 2126 902 2203 aliquibus
915 2129 952 2190 in
977 2128 1051 2195 locir
1070 2128 1170 2208 perio·
1206 2121 1370 2205 Episcopo,
1393 2143 1430 2192 ut
1448 2122 1625 2197 desisteretr
1646 2126 1680 2195 dt
1699 2125 1722 2189 sr
1741 2128 1925 2207 reludlaret,
1952 2150 1973 2196 a

403 2231 453 2279 ιιι
475 2211 611 2285 nobiles,
632 2205 756 2270 luslitiae
777 2204 928 2271 Officiarii
944 2205 1052 2272 saltem
1071 2211 1171 2273 minu·
1205 2204 1354 2270 clericatu
1381 2224 1453 2273 eron
1488 2208 1640 2285 deponere
1665 2207 1809 2274 deberet.
1838 2209 1927 2290 Quod
1949 2206 1973 2273 sr

403 2295 499 2358 tatim
528 2305 735 2353 mercaturam
765 2307 909 2350 exercere
947 2286 1168 2363 probibentur.
1205 2283 1280 2348 esset
1298 2280 1525 2363 beneficiarius,
1547 2287 1620 2351 licet
1645 2290 1678 2350 in
1705 2286 1795 2353 sacris
1818 2309 1880 2354 non
1899 2309 1973 2353 con·

402 2372 613 2438 Communiter
634 2384 737 2431 tamen
758 2370 878 2430 ratione
903 2363 1034 2442 persone
1053 2368 1171 2436 eserieie
1205 2361 1348 2441 stitutus,
1364 2363 1714 2441 probabiliurletlraliter
1728 2387 1884 2447 peccaret,
1902 2369 1974 2445 quie

403 2451 440 2524 δι
454 2445 612 2531 Religiosrt
633 2451 772 2512 vetitum
790 2445 834 2511 est
856 2447 1024 2525 negotiari.
1203 2465 1274 2509 curn
1291 2459 1435 2509 teneatur
1449 2444 1486 2508 ad
1503 2444 1591 2511 borao
1609 2448 1792 2524 canonicas,
1811 2469 1848 2513 ac
1869 2451 1974 2525 proin·

1205 2524 1243 2588 de
1263 2522 1359 2591 titulo
1385 2522 1527 2588 beneficii
1552 2524 1661 2588 divino
1684 2525 1783 2590 cultui
1799 2526 1838 2590 srt
1857 2530 1976 2594 manci·

727 2614 755 2676 §-
798 2604 844 2670 ll.
1206 2620 1314 2682 patut,
1334 2606 1366 2665 in
1393 2599 1595 2681 ipsoquoque
1620 2603 1720 2668 locum
1749 2605 1861 2698 habent
1883 2609 1976 2671 moti·

474 2697 931 2815 repropitiaretur
955 2722 1107 2816 tetrius
1205 2686 1991 2831 ittai‘lii'ii'lsriiillttdiffletis'

587 2815 804 2890 mmmmm
820 2805 988 2872 ‘mm‘
1207 2863 1326 2907 morum
1341 2840 1525 2906 Pontificum
1549 2840 1587 2905 ab
1608 2840 1775 2907 huiusmodi
1801 2849 1975 2924 negotiato-
2022 2913 2026 2924 ,

447 2924 853 3006 Negotiatiocaeteroquin
890 2922 975 2987 licita
1003 2920 1056 2987 sub
1087 2924 1174 3000 pravi
1208 2923 1290 2988 ribus
1305 2920 1510 2986 Beneficiariir
1527 2919 1643 2985 auferri
1660 2919 1752 2998 spolia
1778 2924 1889 2988 nedum
1908 2945 1975 2991 cor·

407 3010 537 3088 clericis
558 3003 774 3075 interdicitur,
793 2999 827 3065 dr
848 3003 947 3066 multo
974 3006 1069 3081 magia
1089 3003 1175 3090 itell-
1209 3002 1424 3079 respondentia
1443 2999 1641 3067 ecclesrallico
1667 3001 1815 3069 beneficio
1832 3021 1974 3083 retento,

421 3086 507 3153 rufis.
530 3085 625 3147 Varia
645 3079 713 3144 sunt
737 3081 824 3154 loca,
845 3082 1016 3159 perplurimi
1038 3104 1075 3147 ac
1098 3086 1175 3158 saepe
1209 3085 1438 3147 verumetiam
1461 3103 1515 3159 per
1536 3086 1774 3160 negotiationem
1795 3086 1973 3149 cumulare.

390 3094 549 3245 ⁴diarovati
573 3163 716 3225 Canones
746 3165 776 3221 in
807 3163 870 3222 iure
892 3165 1066 3238 canonico,
1094 3162 1174 3226 unde
1211 3160 1307 3240 igitur
1330 3156 1446 3241 signum
1472 3161 1515 3224 esi
1539 3159 1808 3227 manifestissimum
1826 3164 1900 3228 talia
1922 3164 1977 3230 bo·

261 3264 271 3277 ·
384 3265 429 3313 ,ι
470 3262 519 3310 rte
538 3238 844 3314 deprehenditur,&
869 3244 1020 3318 praecipue
1039 3261 1103 3304 can.
1128 3259 1173 3302 ro.
1211 3262 1249 3304 na
1279 3239 1361 3303 male
1391 3261 1475 3319 parta
1502 3239 1618 3319 lirino,
1653 3261 1686 3306 ac
1718 3244 1880 3324 illegitime
1907 3264 1976 3311 eoa·

410 3266 474 3406 ff.
496 3320 546 3387 88.
566 3316 733 3399 Negotiatio
752 3317 911 3396 aliquando
933 3320 1020 3396 licet,
1041 3320 1176 3397 aliquan-
1210 3337 1355 3384 cervata.
1961 3334 1965 3343 '
2039 3392 2045 3404 Ι

305 3460 310 3467 .
409 3403 448 3470 do
468 3424 526 3468 aon
550 3400 631 3466 licet.
662 3402 836 3475 «stupeam
860 3398 942 3463 enim
967 3399 1176 3479 Ectlrfiasticrrs
1250 3399 1339 3462 Licet
1361 3421 1422 3464 non
1438 3400 1564 3465 evidens
1581 3400 1617 3467 srt
1634 3402 1746 3469 allatos
1765 3417 1899 3471 canones
1924 3424 1977 3470 ex·
2003 3396 2050 3458 Ψ

412 3484 479 3565 quis
491 3485 549 3565 fit,
567 3479 634 3546 licet
650 3480 679 3543 ei
698 3478 859 3558 negotiari,
870 3476 951 3561 sario
967 3480 1047 3555 iem,
1067 3501 1125 3543 non
1139 3478 1177 3541 la'·
1212 3479 1295 3541 tendi
1321 3480 1359 3543 ad
1381 3482 1506 3545 clericos
1531 3486 1728 3561 negotiantes
1753 3506 1815 3549 non
1845 3507 1899 3564 per
1929 3483 1977 3565 se,
1990 3456 2050 3583 ff:

413 3578 475 3644 της
496 3565 536 3625 Φ
558 3581 612 3627 can
644 3563 673 3622 6.
699 3577 735 3622 ne
754 3558 871 3634 clerici,
890 3559 942 3623 vel
965 3557 1097 3623 monachi
1116 3556 1175 3623 &e
1211 3557 1260 3621 sed
1279 3577 1331 3634 per
1347 3558 1443 3636 alios3
1459 3565 1529 3635 quia
1548 3580 1651 3625 tamen
1668 3584 1755 3640 acque
1776 3586 1854 3633 unua
1873 3587 1908 3630 ac
1933 3564 1977 3629 al·
1991 3586 2050 3636 ,pu

412 3646 461 3711 Sic
478 3647 560 3708 enirn
585 3640 720 3716 loquitur
739 3639 913 3703 Alexander
933 3638 989 3703 ill.
1013 3637 1179 3704 Secundam
1213 3655 1259 3701 ter
1275 3639 1379 3702 modus
1396 3640 1534 3704 indecens
1551 3639 1611 3718 eli,
1638 3644 1850 3720 quamplurimi
1878 3643 1977 3710 suren·
1996 3659 2050 3723 ¹5⁰

414 3723 549 3806 inditate
568 3719 800 3801 pradectfforum
827 3721 984 3801 nostrorum
1002 3715 1058 3798 sud
1084 3716 1178 3783 inter·
1214 3737 1266 3782 rur
1292 3716 1400 3782 saltem
1420 3720 1581 3784 venialiter
1606 3721 1780 3799 delinquere
1809 3724 1979 3805 clericum,
2040 3724 2050 3760 l

414 3802 576 3872 minatione
597 3799 795 3865 mathematis
812 3797 992 3875 prohibemns
1016 3818 1053 3863 nt
1072 3801 1179 3861 Mona·
1213 3800 1262 3872 qui
1282 3817 1335 3877 per
1357 3799 1452 3863 alium
1480 3805 1673 3879 negotiatur,
1694 3806 1846 3880 precipue
1875 3806 1895 3868 li
1921 3825 1984 3872 non

414 3884 466 3952 tbt'
481 3884 533 3948 ves
552 3879 659 3948 Clerici
684 3878 776 3960 cauffo
802 3880 877 3967 lucri
904 3877 1100 3960 negotientur.
1131 3878 1179 3967 Sic
1214 3894 1312 3939 totam
1332 3882 1570 3958 negotiationem
1587 3901 1640 3956 per
1659 3882 1789 3971 laicum,
1807 3881 1856 3951 sed
1878 3888 1910 3949 in
1931 3886 1984 3951 ali·

416 3980 508 4030 vetat
530 3963 680 4026 Clement·
708 3981 733 4023 a.
756 3959 793 4024 de
813 3971 881 4023 vata
901 3958 1058 4037 &honos
1082 3958 1178 4023 cleric.
1213 3979 1272 4034 qua
1301 3977 1387 4033 parre
1414 3964 1510 4024 etiarn
1537 3978 1590 4036 per
1619 3958 1649 4023 se
1678 3965 1774 4039 ipsum
1807 3983 1983 4045 exercear,

415 4044 512 4123 Igitur
526 4041 649 4117 clerici,
668 4039 702 4106 &
718 4039 861 4103 monachi
877 4060 898 4101 n
957 4044 1084 4103 tiatorer
1100 4058 1182 4102 ruor-
1215 4055 1323 4112 nempe
1348 4036 1560 4113 sollicitando,
1587 4039 1762 4121 dirigendo,
1785 4041 1982 4124 instruendo,

416 4125 522 4190 taliter
542 4139 691 4199 peccant,
716 4123 786 4196 quia
809 4121 895 4197 gravi
922 4139 982 4182 rma
1009 4138 1183 4182 excommu-
1214 4113 1248 4180 dr
1269 4115 1349 4192 quasr
1365 4118 1660 4194 superintendendo‚
1681 4141 1715 4186 ur
1734 4126 1824 4187 aiunt
1843 4122 1983 4190 Salman-

416 4204 578 4269 nieationir
599 4218 689 4280 poena
709 4196 822 4275 semper
853 4201 1087 4274 percutiuntur,
1114 4218 1180 4274 quae
1216 4198 1361 4273 ticenler,
1381 4195 1415 4277 dt
1436 4200 1506 4262 talis
1527 4196 1828 4280 superintendentiae,
1857 4202 1982 4282 suspica·

418 4303 511 4361 prena
527 4302 590 4346 non
609 4276 758 4358 infligitur
775 4299 829 4354 pro
845 4279 960 4342 veniali
977 4295 1115 4352 tontum,
1133 4276 1181 4340 led
1217 4294 1269 4341 tur
1287 4275 1325 4338 de
1340 4278 1441 4356 Largo,
1459 4279 1537 4354 quod
1548 4281 1584 4341 ad
1604 4296 1725 4345 reatum
1740 4282 1865 4346 lethalis
1883 4285 1982 4360 culpae

381 4408 383 4412 -
417 4385 473 4441 pro
491 4361 636 4427 mortali:
657 4378 714 4422 nec
734 4356 903 4421 difficiliter
916 4356 1095 4432 deprehendi
1117 4373 1182 4433 pot·
1217 4359 1394 4432 perveniat.
1420 4357 1556 4422 Clericus
1578 4378 1653 4423 vero
1675 4364 1705 4424 in
1726 4357 1815 4425 sacris
1835 4362 1984 4429 consliru·

417 4442 461 4507 esi
481 4444 594 4518 ratio,
620 4459 713 4515 quare
742 4439 912 4515 negotiatio
940 4433 1072 4512 personis
1092 4434 1181 4498 huiu·
1218 4452 1294 4509 tus,
1325 4439 1374 4512 qui
1405 4435 1520 4515 semel,
1547 4456 1601 4502 aut
1629 4442 1745 4503 iterum
1773 4445 1982 4523 negotiatur,

412 4519 588 4587 scemodia
619 4518 708 4583 saeris
734 4516 899 4582 canonibus
928 4514 1086 4597 interdidla
1118 4510 1184 4578 sue·
1218 4513 1402 4590 probabilius
1429 4518 1605 4582 iudicandus
1637 4517 1680 4582 est
1715 4541 1777 4584 non
1806 4524 1984 4590 mortaliter

419 4605 462 4667 rit
481 4599 646 4677 ,videlicet
663 4600 734 4676 quia
754 4619 824 4662 rum
844 4599 1013 4675 negotiatio
1033 4593 1070 4658 srt
1087 4594 1183 4671 quod·
1217 4594 1397 4673 culpabilis,
1414 4617 1483 4661 cum
1499 4598 1582 4662 clare
1604 4620 1666 4663 non
1685 4599 1802 4670 consset
1825 4623 1869 4670 ex
1894 4602 1985 4671 sarrit

417 4681 717 4748 dtmcommercium
742 4677 865 4754 plenum
890 4675 1048 4753 periculis,
1076 4694 1110 4738 ac
1132 4675 1185 4739 ho·-
1218 4674 1412 4756 canonibus,
1437 4676 1550 4743 idcirco
1581 4679 1703 4763 videtur
1730 4681 1809 4758 quod
1834 4683 1908 4749 taliq
1934 4703 1986 4749 20-

406 4764 532 4831 oainem
557 4757 752 4826 secularibus
780 4761 912 4836 negotiis
935 4756 1111 4833 implicans,
1139 4753 1185 4817 id·
1220 4777 1287 4818 rum
1304 4755 1506 4820 inobedientia
1528 4778 1588 4821 non
1605 4757 1642 4822 srt
1659 4761 1819 4840 mortalit,
1834 4766 1985 4842 quietum

297 4854 300 4862 '
419 4845 502 4909 circo
520 4861 589 4905 eum
613 4842 734 4918 penitus
755 4857 772 4901 a
791 4836 860 4899 Deo
888 4854 1024 4901 avocant
1033 4883 1043 4915 ,
1073 4835 1185 4898 merito
1218 4855 1349 4899 canones
1387 4835 1546 4913 loquentes
1576 4837 1613 4900 de
1643 4841 1757 4905 clerico
1791 4864 1811 4906 n
1872 4846 1989 4911 uiatore

419 4923 557 4997 clericis,
584 4913 813 4996 Religiosisque‚
843 4921 893 4992 qui
923 4914 952 4977 se
972 4931 1055 4979 rotor
1074 4916 1185 4992 suraque
1219 4915 1362 4992 gravibus
1378 4920 1476 4991 poenir
1492 4937 1561 4979 erun
1578 4918 1744 4999 mrilttenr,
1759 4923 1901 4988 tenendi
1917 4923 1989 4997 suot

413 5002 592 5079 -lvangelio
615 4995 850 5070 conseerarunt,
870 4991 1104 5071 permittendum
1124 5012 1187 5058 non
1220 5013 1282 5057 non
1308 4993 1404 5058 adium
1423 4997 1557 5072 aliquem
1578 5000 1805 5081 transeuntem,
1834 5003 1991 5073 sedhebi·

418 5080 575 5159 e'rtttale
601 5074 776 5158 perdifficile
797 5075 998 5167 exercitium,
1027 5072 1109 5153 quod
1131 5076 1188 5145 vix
1221 5091 1289 5140 tum
1304 5070 1612 5153 consuetudinemque
1635 5096 1992 5233 permanentembr'epre·

1837 5242 1841 5249 ¹
1881 5190 1954 5247 are,
