4425 6000
491 593 494 600 *
564 541 812 622 'Triton
839 561 901 617 ou
931 542 1403 620 constannens.
1433 540 1496 618 Vs.
1700 562 1774 639 ²¹3

258 648 334 728 quia
355 642 453 713 solum
474 643 546 709 issiid
575 644 654 711 subit
676 647 860 723 periculum,
883 644 961 719 quod
982 643 1028 704 su·
1066 664 1133 704 rum
1152 683 1162 701 .
1183 680 1218 700 .·
1238 684 1245 699 .
1267 646 1356 706 Sacra
1374 638 1561 722 Congregatio
1576 647 1613 705 D.
1632 645 1665 705 D.
1683 652 1831 718 cardineo*

261 728 308 794 bit
327 730 382 805 qui
403 728 456 792 dat
476 745 619 790 mutuom
634 723 829 803 simplicitet,
854 744 926 786 cum
941 741 1028 797 aeque
1064 719 1190 804 liumde
1210 722 1395 811 Propagaiida
1419 722 1493 786 fiae
1512 721 1641 811 prefata
1665 729 1826 811 respon,

262 806 412 871 assionem
432 805 544 867 habeat
565 808 596 868 iri
613 809 858 882 niutuatarium,
881 822 938 877 qua
960 819 1029 862 cum
1065 805 1105 865 Ψ
1127 797 1309 885 resolutiones
1335 800 1527 879 approbarint
1556 814 1597 869 tt
1619 806 1720 872 eadem
1756 833 1830 877 arra,

262 887 303 951 td
327 884 547 949 restituendum
573 883 710 961 obligat,
736 904 772 947 ac
795 881 815 943 si
842 881 927 945 nulia
953 876 1029 943 sassa
1065 886 1287 957 Coirgregatione
1304 877 1486 960 supplicante
1512 885 1583 946 Η.
1609 888 1751 953 Dominus
1777 912 1827 957 no-

262 961 371 1031 fuisset
387 960 555 1028 fideiussio.
578 963 726 1030 Mutuans
755 981 832 1027 vero
857 960 1031 1025 al'secorans
1059 961 1141 1039 ster.
1158 1002 1190 1019 ..
1213 959 1370 1023 .omnil›rrr
1385 957 1428 1026 st·
1443 961 1565 1041 fingatis
1581 964 1826 1046 Miffionariir...

266 1043 384 1107 excidit
412 1063 432 1107 a
460 1047 525 1105 iure
553 1047 653 1106 mutui
676 1044 852 1119 repetendi,
876 1042 954 1118 quod
978 1040 1032 1102 sia·
1063 1055 1115 1116 pro
1130 1050 1256 1115 tempore
1276 1036 1482 1120 expiantibus,
1497 1045 1690 1109 memoraris
1702 1047 1758 1125 siis
1773 1070 1829 1115 eir·

263 1121 377 1190 sinisset
398 1121 420 1183 si
437 1142 498 1185 non
516 1120 721 1186 constituisset
737 1120 767 1185 se
780 1119 1030 1192 as'seciiiatoreni,·
1068 1118 1324 1204 communicatione
1337 1121 1407 1183 late
1419 1120 1575 1208 sententia
1583 1126 1830 1208 seminandae,
1855 1194 1858 1201 ,

265 1202 300 1274 ἀ
322 1203 391 1266 ideo
409 1219 554 1265 mutuaris
574 1196 690 1265 subiens
708 1220 788 1266 onus
810 1205 851 1265 rei
881 1200 940 1262 suae
969 1216 1031 1259 non
1067 1201 1107 1261 ia
1128 1197 1195 1261 Sedr
1215 1199 1388 1276 Aponotieae
1406 1200 1572 1277 specialiter
1598 1200 1762 1283 reservate
1780 1208 1829 1272 di·
1853 1253 1857 1261 .
1883 1271 1897 1282 „
1931 1264 1936 1267 .

264 1282 441 1359 repetenda
455 1327 465 1359 ,
478 1279 498 1341 li
519 1277 650 1344 sortuito
666 1299 794 1361 pereat,
817 1281 902 1364 licite
923 1274 1032 1354 aliquid
1064 1278 1163 1355 steine
1178 1278 1371 1356 precipiendo
1388 1280 1549 1347 mandavit
1564 1296 1709 1358 quatenns
1719 1285 1829 1366 peasa·

266 1361 355 1439 supta
373 1357 484 1423 sortem
501 1365 638 1444 accipere
657 1358 774 1438 potest,
805 1380 866 1422 non
887 1363 982 1421 sectis·
997 1376 1032 1446 ac
1068 1367 1099 1418 ta
1120 1354 1249 1445 responsa
1274 1354 1340 1435 ‚ir
1359 1357 1544 1447 resolutiones
1570 1360 1722 1441 diligenter
1739 1363 1831 1447 assera

264 1444 364 1520 quivis
386 1438 465 1506 assus
486 1445 691 1503 assecurator.
710 1439 750 1503 Et
767 1458 876 1503 revera
894 1436 914 1498 si
942 1436 1033 1499 elteri
1067 1448 1161 1511 vent,
1176 1436 1217 1501 «It
1237 1455 1268 1498 in
1285 1454 1370 1516 praxi
1395 1451 1541 1514 utantur,
1568 1438 1630 1503 &a
1659 1439 1756 1508 liseria
1784 1443 1829 1511 est

265 1522 488 1595 assecuratori,
509 1523 559 1594 qui
571 1516 1034 1594 nonsitmutiiaiis,cooceditur
1068 1532 1297 1594 commentum,
1317 1517 1396 1591 quod
1408 1517 1476 1580 huie
1495 1515 1831 1590 decisionisacraeCon·

265 1593 1035 1676 utlicitum,asiqnideiiigereposseobperitusuni,
1068 1597 1252 1680 gregationis
1280 1616 1297 1659 a
1327 1598 1452 1661 Summo
1475 1595 1626 1661 Pontifice
1654 1604 1832 1679 approbatae

264 1680 319 1744 aui
335 1680 365 1739 le
385 1680 513 1752 exponit
534 1681 566 1738 iii
584 1674 636 1740 sua
657 1675 883 1741 assecuratione
895 1697 907 1751 ,-
931 1685 1030 1757 quase
1069 1673 1249 1751 respondent
1266 1673 1450 1752 adversarii,
1469 1675 1549 1751 quod
1568 1676 1680 1744 scilicet
1708 1684 1746 1745 de
1774 1684 1832 1749 hoc

268 1778 310 1823 eii
325 1756 382 1819 tali
403 1754 499 1821 titulo
515 1756 743 1820 assecurationis
764 1777 824 1820 non
844 1756 906 1819 erit
921 1769 1032 1818 conre-
1068 1753 1204 1817 Decreto
1225 1752 1296 1817 satis
1318 1774 1379 1817 non
1401 1756 1522 1819 constet
1544 1804 1554 1835 ,
1574 1778 1645 1820 cum
1672 1779 1710 1826 ex
1738 1763 1832 1842 Regi·

268 1837 403 1901 dendum
426 1840 524 1898 etiam
552 1839 707 1901 mutuanti
737 1853 774 1900 ut
799 1834 914 1900 extasi
935 1831 1034 1899 titulo
1070 1836 1133 1896 liris
1161 1833 1364 1898 Decietorum
1387 1833 1478 1899 sacrm
1507 1835 1757 1915 congregationis
1792 1842 1830 1907 de

268 1916 382 1993 aliquid
397 1914 438 1978 ob
459 1916 629 1995 perieulum
648 1918 696 1979 ciii
718 1915 747 1979 se
766 1920 895 1992 exponit
918 1962 928 1991 ,
955 1917 1033 1976 acci·
1069 1914 1261 1990 Propagaiida
1282 1933 1344 1977 noti
1363 1919 1553 1979 convincant
1574 1917 1636 1979 tale
1664 1918 1831 1985 Decretum

307 2013 339 2058 te
370 1992 489 2071 possit3
518 2016 589 2058 nam
614 1993 727 2058 secluso
750 1998 832 2059 oinni
858 1994 958 2068 dolo,
982 1990 1033 2055 ves
1069 1997 1099 2062 in
1117 1993 1182 2052 iilis
1200 1990 1332 2069 regissiis
1351 2013 1415 2055 non
1431 1996 1566 2058 inveniri
1591 2043 1600 2070 ,
1630 1998 1710 2061 unde
1736 2004 1832 2079 gratis

283 2071 476 2151 raude,non
496 2075 538 2138 ess
560 2080 682 2150 maior,
703 2093 757 2138 nec
784 2078 885 2138 minor
905 2074 1033 2136 ratioin
1066 2072 1145 2133 ilsud
1164 2074 1196 2133 in
1216 2071 1337 2135 dubium
1350 2074 1833 2155 revocant:&praecipuequoii
1880 2117 1882 2122 s

266 2173 335 2217 uno
356 2173 449 2229 qnam
469 2157 502 2217 in
520 2155 599 2218 alio.
912 2226 920 2238 ι
1020 2229 1024 2235 ¹
1068 2167 1191 2214 econtra
1206 2150 1243 2211 de
1261 2156 1394 2217 veritate
1412 2152 1493 2215 illius
1523 2156 1647 2219 Decreti
1674 2176 1727 2220 eos
1755 2175 1832 2221 con*

265 2255 270 2264 ·
309 2234 497 2307 Quodvero
515 2237 634 2298 ratione
655 2235 779 2310 pericusi
797 2227 1033 2308 extrinsecipos·
1069 2234 1174 2294 vincat
1204 2227 1340 2294 Thomas
1371 2231 1533 2298 Hurtadus
1569 2236 1618 2310 qui
1653 2237 1689 2298 ad
1716 2236 1833 2300 calcem

267 2307 313 2375 ¹sit
334 2310 448 2387 aliquid
468 2318 560 2389 recipi
582 2318 666 2378 ultra
700 2313 812 2380 sortem
839 2318 850 2389 (
872 2310 967 2390 posito
986 2325 1034 2372 ta·
1070 2307 1191 2374 suarum
1217 2309 1437 2376 resosutionum
1464 2312 1589 2377 exhibet
1617 2314 1774 2393 exemplar
1794 2315 1856 2377 il··

269 2409 342 2453 rnen
360 2391 669 2466 qtiodmntuatarius
686 2415 753 2458 rion
770 2393 887 2458 dederit
905 2388 1034 2469 pignus)
1069 2390 1127 2454 lius
1143 2390 1257 2453 decreti
1279 2390 1525 2455 authenticarum
1546 2412 1597 2467 per
1608 2393 1775 2457 Notarium
1790 2396 1834 2460 A·

271 2484 476 2546 preterquam
496 2475 575 2548 quod
592 2475 656 2537 haic
674 2472 826 2539 sententia
843 2471 880 2537 sit
900 2489 1036 2534 commu·
1069 2469 1249 2550 postolicum
1278 2473 1327 2546 qui
1354 2475 1385 2532 in
1406 2470 1501 2536 verbo
1529 2473 1672 2536 veritatis
1701 2473 1834 2538 tessatur

265 2552 361 2626 nior,
379 2549 413 2612 dt
434 2552 671 2632 rationabilior,
693 2560 809 2618 certior
833 2570 953 2629 quoque
971 2548 1037 2621 red·
1069 2549 1144 2614 issud
1161 2546 1192 2612 se
1210 2568 1251 2613 ex
1272 2549 1615 2630 aegrimoniam.
1636 2549 1834 2631 transcripsis-

266 2627 355 2693 ditur
369 2648 408 2691 eii
430 2631 613 2711 iudicin,dc
633 2636 815 2700 nodositate
845 2639 936 2695 laciae
952 2629 1036 2692 Coo·
1071 2632 1120 2693 le.
1144 2628 1254 2694 stidem
1274 2633 1452 2696 conminus
1481 2631 1524 2695 ess
1541 2634 1644 2695 “inane
1674 2632 1754 2696 aliud
1784 2652 1831 2697 re·

266 2712 457 2788 gregationis
477 2711 514 2771 de
531 2713 725 2791 Propagandi
742 2715 834 2789 Fide,
852 2731 920 2787 quae
939 2710 1035 2772 inhoc
1070 2706 1231 2787 sponsum,
1250 2728 1358 2785 nempe
1380 2709 1475 2787 posito
1494 2713 1588 2774 etiam
1605 2710 1660 2775 tasi
1680 2711 1834 2789 decreto,
1926 2758 1929 2763 -

266 2786 357 2852 sensu
378 2786 463 2866 super
481 2789 565 2853 casus
583 2792 748 2859 huiusmodi
777 2788 902 2868 quesita
923 2811 938 2850 a
963 2785 1035 2850 Mis·
1072 2788 1274 2853 huiuscemodi
1291 2789 1410 2852 lucrum
1431 2790 1552 2853 tolerari
1569 2807 1693 2853 tantum
1708 2790 1835 2866 ‚arper-

266 2862 405 2929 smnarii's
427 2868 634 2947 Synensibus,
654 2876 807 2952 respondit
826 2869 862 2935 dc
877 2866 1036 2931 definivit.
1069 2871 1179 2945 mitti3
1198 2887 1268 2930 cum
1283 2883 1368 2930 certe
1398 2865 1539 2932 Pontiseir
1568 2871 1662 2932 talem
1691 2868 1835 2947 approba·

271 2944 322 3011 sta
342 2949 428 3008 enini
446 2951 598 3026 expolitus
619 2950 677 3018 suit
704 2955 795 3019 sacrae
818 2949 1036 3028 congregatio·
1072 2952 1188 3014 tionem
1218 2946 1469 3033 Congregationis
1499 2969 1561 3012 non
1590 2947 1737 3015 finnasset
1764 2968 1838 3013 cunt

265 3031 302 3090 eii
324 3044 342 3088 a
363 3025 557 3093 Missionaiiis
574 3029 659 3097 casus
683 3033 884 3116 Synensium:
913 3035 951 3093 ln
963 3045 1039 3107 pra·-
1072 3044 1226 3109 precepto
1241 3046 1311 3090 eam
1329 3028 1508 3092 observandi
1529 3026 1581 3091 susi
1602 3046 1692 3103 poena
1711 3048 1837 3093 excon-

264 3104 331 3190 ,sato
361 3111 446 3186 regno
473 3109 532 3189 lege
545 3112 712 3255 stabssm
731 3117 769 3194 esi
789 3162 797 3192 ,
821 3124 855 3176 rit
881 3111 914 3172 in
934 3123 1036 3172 mutuo
1071 3110 1311 3184 niunicationis,
1329 3106 1451 3183 quando
1471 3105 1567 3171 astum
1584 3104 1686 3171 suisset
1710 3113 1747 3171 de
1774 3106 1837 3172 sola

266 3203 320 3269 30·
337 3201 390 3264 ptr
411 3206 476 3248 100.
497 3192 606 3271 arripis
642 3218 658 3255 r
687 3193 790 3272 absque
813 3191 937 3273 respssiis
959 3187 1038 3254 lucri
1074 3184 1283 3267 permissione,
1300 3184 1335 3252 dr
1351 3188 1537 3262 tolerantia;
1558 3185 1592 3252 dt
1611 3207 1650 3250 eo
1670 3187 1720 3252 ves
1737 3188 1838 3249 maiii-

269 3265 427 3349 eeffantis,
455 3284 510 3333 aiot
534 3273 636 3335 damni
659 3275 827 3355 emergentis
853 3295 862 3337 ε
892 3269 1039 3349 queritur
1073 3292 1122 3335 me
1137 3265 1215 3345 quod
1230 3287 1300 3329 cum
1321 3267 1375 3330 tali
1387 3269 1473 3345 praxi
1488 3263 1697 3352 exponebatur
1713 3267 1839 3331 eviden-

272 3360 376 3428 πίννη,
389 3391 510 3411 ·····
526 3354 700 3428 prediesam
716 3356 776 3433 sege
804 3350 885 3434 regni
908 3361 1038 3412 taxatam
1072 3355 1096 3414 ti
1130 3347 1264 3424 periculo
1300 3347 1507 3410 damnationis
1535 3345 1719 3410 conscientia
1756 3345 1839 3410 ilsiut

267 3437 470 3502 tuntttairm
498 3435 539 3510 lit
561 3433 677 3498 licitum
700 3439 851 3512 erepere.
880 3434 919 3495 Et
945 3424 1039 3509 caoffa
1073 3431 1171 3510 gentis
1202 3444 1344 3488 recenter
1374 3425 1409 3489 ad
1439 3425 1543 3488 Fidem
1570 3427 1748 3501 converse,
1771 3428 1839 3502 quis

267 3507 429 3573 aestimor
457 3512 525 3591 est,
551 3514 620 3589 quia
641 3515 672 3579 in
698 3514 896 3592 recuperanda
915 3507 1039 3588 pecnnia
1072 3526 1206 3583 utiquam
1222 3503 1280 3568 hoc
1302 3525 1340 3567 ne
1358 3506 1481 3593 quidem
1512 3501 1650 3578 suspicari
1678 3506 1775 3581 posset
1806 3507 1839 3566 in

274 3589 312 3668 ιβ
332 3591 451 3666 aliquod
471 3592 662 3671 periculam,
687 3594 798 3671 scilicet
829 3591 907 3668 quod
923 3589 975 3666 qui·
989 3607 1039 3651 as·
1073 3592 1175 3650 animo
1200 3583 1357 3648 Pontifieis
1382 3587 1509 3660 supremi
1531 3582 1672 3646 Ecclesae
1699 3586 1840 3665 capitis,

265 3668 338 3746 cipit
356 3682 494 3732 motuum
507 3668 547 3749 sir
564 3670 627 3748 iat,
643 3678 697 3737 vel
717 3673 794 3748 quod
811 3671 907 3735 tardet
933 3669 965 3730 in
979 3664 1038 3746 sos·
1073 3670 1104 3731 dc
1124 3667 1236 3741 patris,
1257 3665 1384 3740 ideoque
1404 3661 1624 3742 vigilantiffimi
1644 3661 1786 3726 zelatoris
1797 3663 1840 3754 'de

268 3749 529 3825 venimusque>
570 3752 761 3832 neceffarinm
773 3753 812 3830 fit
832 3770 927 3814 coram
945 3747 1040 3810 indite
1072 3747 1214 3810 omnium
1242 3744 1426 3820 populorum
1451 3760 1568 3829 ¹aeterna
1597 3739 1721 3805 salute?
1757 3740 1841 3806 Mica

272 3842 419 3906 repetere,
439 3832 490 3891 trel
508 3843 625 3907 propter
644 3833 707 3894 elia
732 3827 898 3910 huiusmodi
918 3870 926 3887 .
956 3827 1039 3889 ssiiic
1074 3826 1185 3903 plane,
1203 3819 1238 3887 dr
1256 3824 1394 3886 inaudita
1415 3825 1489 3885 essct
1514 3819 1579 3884 haec
1601 3819 1707 3898 agendi
1735 3822 1840 3896 ratio,

264 3907 429 3983 'tuaessioni
452 3908 624 3984 responsum
640 3909 949 3985 dederunthieosogi
964 3924 1038 3982 qua·
1073 3905 1093 3966 si
1115 3904 1187 3967 dum
1216 3899 1308 3986 sacra
1336 3901 1574 3980 congregationi
1597 3945 1607 3977 ,
1633 3895 1668 3963 &
1692 3898 1842 3992 'Pontifici

274 3987 441 4050 silicatoses
461 3987 489 4048 S.
511 3989 614 4054 Officii
636 3992 681 4056 his
704 3995 825 4055 verbis:
846 3986 966 4067 Censuit
985 3990 1039 4049 Sa·
1073 3984 1214 4056 Romano
1231 3981 1400 4057 persuasum
1418 3976 1599 4046 suisset-eos
1613 3981 1747 4072 criminis
1771 3979 1839 4042 usn·

271 4089 318 4134 cra
335 4069 520 4146 congregatio
536 4069 598 4136 &o
615 4072 728 4137 atione
752 4067 850 4133 mutui
870 4064 1039 4129 immediate
1074 4084 1117 4127 iae
1134 4081 1201 4125 reos
1215 4059 1276 4124 esse
1290 4108 1298 4136 ,
1311 4065 1360 4136 qui
1377 4061 1492 4137 aliquid
1545 4076 1648 4135 ruptet
1674 4057 1843 4134 pericnlum

218 4194 223 4205 -
269 4146 530 4225 trnaerrseni'tii‘t
554 4148 606 4233 effe
622 4152 819 4233 arripiendam
835 4150 916 4211 altra
930 4144 1040 4233 sortem
1076 4144 1184 4219 sortis,
1204 4146 1287 4234 utin
1308 4138 1461 4232 proposito
1476 4083 1567 4214 cassi,
1583 4140 1779 4229 acciperent,
1805 4138 1844 4199 il.-

269 4228 483 4308 principalem.
505 4232 537 4294 Si
552 4250 622 4296 vero
636 4231 752 4311 aliquid
773 4226 1120 4311 resipiantratrone310s
1138 4219 1319 4283 Chiissianae
1340 4217 1426 4312 Fidei
1448 4217 1617 4310 neophytos
1638 4235 1689 4293 per
1708 4214 1842 4279 dissimu-

270 4308 397 4389 pericnli
406 4307 590 4387 probabiliter
597 4310 802 4385 imminentis,
818 4319 904 4388 proiit
919 4304 951 4370 in
961 4302 1040 4382 casir,
1057 4314 1060 4323 '
1076 4304 1228 4367 sationem
1248 4319 1317 4390 runi
1336 4297 1496 4361 manifesto
1513 4297 1646 4389 pericuso
1660 4315 1767 4359 corum
1778 4315 1843 4389 pet·

274 4411 329 4451 non
343 4388 394 4468 effe
412 4389 637 4468 inquietandos,
661 4392 817 4457 hmmodo
840 4386 980 4455 timeam
994 4408 1041 4446 ra·
1075 4400 1177 4462 petuae
1194 4379 1375 4457 perditionis
1391 4381 1422 4438 iii
1449 4394 1513 4440 tam
1537 4398 1622 4455 gravi
1649 4395 1752 4439 errore
1771 4376 1843 4468 resi·

257 4466 315 4531 'tio
332 4467 545 4546 probabilitatis
563 4471 706 4550 periculi,
734 4469 776 4539 (t
795 4466 949 4549 podismis
967 4462 1041 4541 eins·
1075 4462 1208 4550 quisset,
1230 4460 1293 4520 inio
1312 4457 1442 4520 ulterius
1463 4455 1772 4549 praecepisseteorum
1789 4453 1846 4515 Di·

273 4551 362 4626 aem,
380 4568 413 4611 ac
430 4548 554 4628 servam
572 4554 751 4631 proportione
767 4553 845 4613 inter
857 4545 1041 4626 periculam,
1076 4539 1241 4606 sessoribus
1265 4537 1318 4600 snb
1347 4555 1435 4611 poena
1462 4550 1790 4599 excommunicationis
1808 4551 1844 4597 ut

277 4630 315 4695 (ἲ
333 4630 368 4692 id
387 4634 463 4706 quoa
479 4633 642 4709 accipitur.
663 4632 752 4706 Quod
780 4624 954 4703 responsum
982 4642 1042 4684 una
1078 4625 1122 4684 ita
1142 4618 1172 4680 se
1187 4632 1327 4695 gererent
1344 4615 1403 4680 sior
1418 4615 1529 4679 eisdem
1540 4613 1756 4708 concedendo,
1772 4614 1844 4705 dum

262 4730 345 4773 =tum
361 4713 428 4774 asiis
450 4712 485 4773 ad
509 4713 571 4776 alia
591 4711 679 4774 diibin
701 4707 851 4786 proposita
872 4709 917 4768 ita
932 4699 1042 4767 confir·
1079 4720 1130 4778 per
1148 4697 1243 4762 tasem
1263 4695 1476 4789 tolerantiam,
1493 4716 1528 4758 ac
1548 4689 1769 4786 permissionem
1788 4708 1845 4754 ins

274 4808 395 4855 matum
416 4795 476 4854 luit
494 4813 512 4856 a
531 4789 589 4855 sar.
612 4792 758 4867 Conaicg.
788 4788 823 4852 dt
842 4782 1044 4862 approbatum
1079 4798 1185 4842 munes
1201 4796 1263 4840 nori
1279 4771 1405 4838 fuissent
1422 4773 1482 4838 illae
1503 4791 1609 4866 gentes
1630 4793 1647 4862 a
1667 4791 1755 4851 gravi
1774 4769 1848 4864 usu·

276 4870 459 4935 as’ontifioe
485 4870 669 4935 Innocentio
679 4855 736 4931 ⁹X.
759 4869 805 4930 his
831 4864 959 4928 verbis:
987 4863 1042 4924 Die
1080 4857 1316 4933 inculpatum
1332 4853 1435 4918 desisto
1446 4850 1674 4947 ¹ressitutionis‘,
1695 4851 1772 4915 sicut
1789 4871 1847 4944 im·

265 4969 322 5012 'to
348 4956 423 5030 Sept.
449 4954 536 5029 1645·
567 4951 723 5026 Referente
750 4953 816 5010 Em.
847 4951 930 5007 Dom.
950 4940 1038 5005 Cara
1077 4959 1185 5022 munes
1204 4955 1265 4998 noii
1281 4932 1352 4998 stitit
1373 4954 1390 4997 a
1409 4953 1536 4997 crimine
1556 4932 1688 4994 luxuria
1705 4946 1846 4994 nieretri·

265 5039 404 5099 'Genneto
428 5024 528 5110 snpra
542 5031 655 5111 scripta
672 5029 793 5109 quesita
817 5047 875 5088 una
899 5043 965 5088 crim
997 5041 1040 5085 ie·
1077 5039 1127 5083 ces
1143 5016 1192 5080 ub'i
1210 5016 1398 5108 meretricari
1420 5013 1663 5107 permittuntur.
1688 5007 1755 5073 Tot
1773 5027 1847 5070 eon·

263 5112 401 5194 pponfir,
427 5116 466 5177 a
498 5108 716 5193 resolutionibus
738 5112 870 5188 congrig.
888 5101 1042 5180 Theologo·
1069 5099 1266 5166 certationes
1286 5111 1325 5157 iie
1339 5090 1444 5159 uidem
1461 5093 1605 5170 tentibus
1625 5088 1666 5157 ad
1684 5088 1775 5152 sidem
1796 5105 1849 5152 ca·

326 5193 445 5279 ·lnsti't.
465 5191 568 5259 Theos.
586 5191 696 5259 Moral-
718 5188 808 5253 Tom.
832 5184 884 5248 lsl.
1476 5169 1513 5238 0
1548 5183 1566 5248 3
1735 5166 1808 5232 tho-
