4425 6000
587 525 1506 609 ‘furcunecwruacmciavl:
1708 555 1782 628 ²23

269 634 417 718 frugifera
432 631 470 699 ab
491 629 554 711 ipso
565 650 696 711 accepta
719 634 840 697 lolrere
863 632 890 693 ei
911 628 1035 693 deberet
1069 646 1140 706 tur,
1167 632 1254 693 errius
1279 632 1412 705 pretium
1438 633 1539 705 potest
1560 633 1688 711 pecunia
1711 627 1801 696 ruens
1819 662 1833 678 ·

269 715 394 796 singulis
421 718 528 780 aunis.
548 716 643 789 ‘Quod
669 711 695 775 sr
716 711 796 778 defit
818 710 930 777 titulus
959 708 1035 772 lucri
1067 713 1149 775 rari.
1171 711 1243 775 Hoc
1263 707 1363 790 posito
1382 708 1439 773 stt.

270 797 435 874 cessantis,
453 793 487 860 dt
506 795 630 874 quidat
646 794 790 866 domum,
810 792 867 855 ¹uel
889 809 954 853 rem
973 788 1036 851 sru-
1111 790 1184 854 Non
1207 792 1282 856 licet
1309 792 1343 853 in
1363 789 1464 856 dando
1484 803 1598 861 mutuo
1620 812 1750 875 gravare
1772 808 1841 854 nur·

269 874 400 957 giferam
417 896 518 954 capax
535 874 576 941 sat
601 873 775 950 alienandi,
790 870 841 936 seu
867 870 1036 942 vendendi,
1071 875 1260 951 tuatarium,
1273 871 1357 935 ultra
1377 871 1515 937 debitum
1528 873 1617 940 sortis
1637 875 1747 960 quovis
1765 889 1840 934 one·
1943 883 1949 890 ·

269 974 351 1026 tunc
378 953 552 1022 contradus
581 955 633 1019 ille
661 952 758 1031 potest
788 951 849 1017 eise
867 951 988 1027 licitus,
1016 946 1035 1009 fi
1072 948 1138 1016 roso
1157 952 1265 1032 pallo,
1287 951 1340 1020 leu
1359 952 1568 1032 obligatione,
1586 957 1737 1033 tanquam
1756 947 1840 1015 debi-

270 1038 347 1102 dana
366 1039 529 1116 pecuniam
548 1055 634 1100 emat
654 1033 733 1099 iusto
748 1034 853 1110 pretio
883 1032 1010 1094 domum
1029 1075 1038 1106 ,
1073 1051 1106 1100 ta
1126 1051 1167 1095 ex
1182 1032 1321 1108 iullitia‚·
1336 1033 1412 1095 aliae
1428 1034 1603 1101 contradlus
1626 1032 1758 1099 iniustus
1777 1027 1841 1105 est,

270 1118 325 1182 vel
347 1138 412 1182 rem
431 1113 606 1195 frugiferam
627 1112 807 1194 compello
832 1111 918 1175 illam
939 1126 1051 1196 retro·-
1072 1114 1104 1177 &
1126 1110 1295 1177 usurarius.
1321 1113 1476 1199 Qualibet
1501 1120 1583 1179 enim
1603 1117 1755 1193 obligatio
1784 1109 1840 1174 ali·

270 1198 426 1263 vendendi
439 1246 448 1277 ,
473 1199 591 1275 quoties
614 1195 736 1259 debitor
752 1193 1038 1267 voluerirpretium
1072 1196 1143 1271 quid
1167 1193 1309 1256 reddendi
1333 1195 1424 1272 lupra
1452 1193 1564 1260 sortem
1584 1217 1626 1260 ex
1654 1194 1740 1273 padio
1760 1191 1840 1254 inito

270 1265 1038 1355 refundeie3alialeonttatluasupradidlur,srde·
1071 1295 1143 1337 curn
1172 1276 1367 1337 mutuatario
1399 1277 1430 1335 in
1457 1269 1559 1340 'mutui
1582 1273 1770 1349 contrailu,
1795 1264 1840 1345 est

269 1355 311 1424 sat
333 1358 447 1422 titulus
466 1358 541 1421 lucri
562 1357 721 1429 cessantis,
747 1354 783 1419 dt
802 1374 851 1417 res
872 1372 936 1450 φη
955 1369 1036 1414 ema·
1073 1353 1386 1431 pretioaellimabile,
1404 1362 1439 1420 ad
1452 1357 1583 1429 proinde
1600 1352 1841 1433 pecarniaeaequl·

269 1454 343 1517 tur,
359 1436 515 1502 usurarius
531 1436 595 1514 cll,
610 1436 644 1499 dc
664 1435 807 1520 illicitur.
1074 1436 1199 1499 valens:
1228 1433 1300 1496 talis
1322 1436 1408 1496 enim
1422 1435 1571 1514 obligatio
1586 1440 1690 1513 privar
1706 1435 1842 1499 alterum

225 1521 258 1595 i·
311 1518 343 1581 Si
364 1520 551 1594 quisautcm
572 1514 717 1594 quaesrtus
738 1536 755 1579 a
774 1511 888 1578 rustico
905 1511 944 1575 do
969 1531 1037 1573 mu·
1073 1515 1235 1587 libertate,
1257 1532 1347 1588 qtaam
1371 1517 1451 1579 aliar
1476 1515 1590 1593 habet,
1615 1516 1649 1581 dt
1669 1520 1842 1579 incommu-

225 1601 244 1634 '⁸
274 1613 331 1662 tua
348 1602 380 1661 ei
394 1596 494 1662 danda
510 1599 750 1673 certapeeuniae
766 1591 1038 1671 summa‚nollens
1073 1597 1144 1659 dum
1164 1592 1284 1673 aliquod
1304 1611 1366 1669 per·
1379 1596 1412 1659 l'e
1433 1599 1532 1674 parit,
1550 1597 1680 1673 ideoque
1696 1595 1742 1662 ell
1762 1599 1840 1680 iniu-

225 1664 260 1764 ζ’
271 1695 419 1744 mutuum
447 1677 523 1741 dare
548 1693 701 1754 proponat
734 1671 846 1739 rustico
867 1670 900 1737 se
914 1688 1038 1766 emptu·
1074 1676 1223 1753 lla,cum
1236 1694 1293 1751 per
1309 1672 1426 1739 sortem
1443 1675 1656 1753 conpensetur
1676 1678 1713 1766 ad
1732 1696 1840 1754 aequa·

225 1775 257 1833 rr.
272 1771 343 1825 rum
364 1756 480 1822 srvelir
493 1757 679 1843 deeemeius
693 1777 805 1820 vaccas
821 1803 830 1831 ,
847 1753 916 1816 illas
930 1771 963 1815 er
985 1769 1038 1845 po·
1074 1757 1195 1821 litatem
1218 1755 1296 1818 illud
1317 1768 1455 1835 totum,
1479 1757 1562 1833 quod
1585 1776 1731 1822 mutuam
1753 1756 1839 1820 dedit

225 1842 255 1891 ¹³·
270 1839 336 1904 llea
356 1840 530 1908 locuturum
550 1856 605 1914 pro
623 1837 680 1900 tali
700 1855 803 1900 annua
826 1832 970 1911 pensione
993 1850 1037 1894 er·
1073 1839 1282 1913 mutuatario,
1298 1853 1335 1899 ac
1351 1836 1478 1915 proinde
1487 1837 1571 1910 ,quod
1583 1838 1669 1901 ultra
1685 1839 1841 1916 exigitur,

225 1906 346 1985 '‘¹‹lem
365 1917 527 1992 solvenda,
547 1917 652 1980 dicunt
677 1914 824 1979 Doctores
846 1911 926 1991 quod
946 1910 967 1973 sr
989 1932 1039 1974 ru·
1073 1916 1106 1982 ur
1127 1919 1320 1996 imponitur,
1348 1916 1460 1981 iniulle
1482 1921 1633 1995 exigitur,
1651 1917 1687 1982 dc
1709 1918 1839 1995 imponi-

225 2045 257 2087 „
271 1998 364 2064 stitus
385 2018 491 2061 revera
513 1995 623 2059 habeat
640 1996 743 2060 decern
765 1995 831 2059 illas
853 2011 980 2069 vaccas,
1003 1989 1038 2056 &
1073 2016 1127 2061 tur
1143 1999 1266 2060 ratione
1279 2000 1402 2072 mutui,
1423 1996 1500 2074 quod
1522 1998 1743 2075 essentialiter,
1767 1992 1839 2059 idest

269 2076 440 2144 iruiiuosas
467 2078 695 2152 proportionare
713 2074 751 2139 ad
771 2072 946 2148 rensronem
962 2091 1038 2135 con·
1073 2098 1113 2141 ex
1129 2093 1240 2141 natura
1260 2076 1312 2138 lua
1336 2075 1424 2140 deber
1442 2078 1506 2140 ess'e
1526 2080 1715 2152 gratuitum.
1738 2075 1840 2156 igitur

258 2158 455 2233 comatam,
484 2157 563 2219 hanc
590 2159 722 2231 recipere
745 2152 855 2231 possit,
875 2150 1039 2216 dummodo
1074 2160 1105 2220 vi
1122 2155 1212 2219 huius
1231 2155 1407 2219 contradus
1422 2173 1486 2219 non
1507 2157 1599 2220 aliam
1620 2159 1692 2222 litet
1708 2161 1841 2234 impone·

272 2237 347 2302 aliae
363 2234 524 2300 serventur
538 2235 730 2298 conditiones
746 2232 897 2311 requisitae
913 2233 950 2295 ad
966 2249 1037 2294 con·
1073 2255 1106 2299 re
1130 2235 1351 2312 obligationem
1399 2234 1464 2314 nisr¹
1481 2237 1569 2300 sortis
1592 2235 1841 2313 restitutionem

271 2315 407 2383 arastum
426 2314 512 2379 iullae
532 2314 715 2391 locationis,
736 2314 769 2379 δι
786 2315 851 2390 luge
872 2312 1038 2389 praelertim
1071 2316 1140 2379 brec
1157 2317 1246 2378 enim
1270 2311 1334 2379 sola
1361 2281 1567 2393 sufficienter,
1588 2316 1625 2381 ἀ
1649 2320 1774 2395 integre
1795 2335 1841 2380 ε·

271 2413 311 2462 ut
326 2415 493 2461 vaccarum
506 2393 676 2470 periculum
692 2393 800 2471 spediet
817 2394 853 2457 ad
863 2392 1039 2467 locantem,
1073 2395 1257 2471 qualitatem
1271 2392 1448 2471 constituit,
1464 2392 1500 2460 dt
1513 2400 1678 2474 exequitur
1690 2399 1724 2461 id
1736 2445 1745 2476 ‚
1759 2396 1854 2475 quod.

271 2489 422 2554 tanquam
449 2495 555 2537 earum
579 2490 779 2552 emptorem,
806 2473 842 2539 dt
862 2472 1037 2536 dominum·
1074 2479 1107 2537 in
1125 2476 1210 2538 muni
1227 2472 1388 2538 eontradlu
1405 2475 1523 2539 iustitia
1537 2478 1654 2553 exigit.

269 2555 367 2699 ngd
392 2552 413 2617 sr
442 2554 567 2618 rullicua
591 2554 685 2618 arnas
717 2574 826 2618 vaccae
844 2570 955 2618 revera
974 2567 1039 2612 non
1114 2553 1202 2618 Addo
1221 2553 1349 2617 ulteriua
1364 2554 1401 2617 ad
1419 2555 1583 2619 clariorem
1596 2559 1641 2620 rei
1657 2557 1839 2623 elucidatio·

269 2633 312 2700 lta
353 2630 784 2714 at,'nechabiturussrt,est
797 2626 1039 2696 manifellaulu·
1074 2655 1161 2711 nem,
1181 2649 1219 2697 ut
1244 2629 1482 2697 faciliusomnis
1510 2631 1651 2701 solvatur
1666 2638 1840 2703 difficultas

270 2735 310 2780 ta
330 2714 383 2779 sub
401 2712 472 2779 fillo
491 2716 616 2777 nornine
633 2714 776 2788 palliata.
798 2713 877 2777 ltem
893 2708 930 2775 ab
949 2709 1038 2775 usura
1074 2719 1105 2775 in
1126 2714 1347 2786 humaretur,
1362 2713 1440 2789 quod
1460 2735 1497 2777 ea
1512 2736 1579 2791 quae
1600 2716 1690 2781 alteri
1715 2720 1839 2795 praella-

271 2795 472 2860 exctrlaretur
499 2794 553 2856 ille
583 2791 748 2856 secundum
776 2793 949 2867 Dolioret,
984 2792 1037 2867 qui
1073 2813 1107 2855 re
1127 2790 1297 2868 possumus,
1316 2792 1351 2856 dc
1372 2813 1423 2869 per
1443 2793 1538 2857 alium
1562 2814 1579 2858 a
1604 2797 1692 2860 nobit
1714 2798 1838 2874 potsunt

270 2874 393 2939 nollens
409 2874 482 2937 dare
501 2891 645 2936 mutuum
664 2893 684 2934 a
701 2870 730 2935 se
744 2875 901 2947 peritum,
919 2868 973 2934 dat
990 2890 1040 2945 pc·
1074 2870 1330 2949 exigi‚quaedam
1348 2868 1420 2935 sunt
1441 2872 1652 2952 nobiaprorsut
1669 2875 1785 2955 libera,
1799 2896 1837 2943 ut

269 2958 395 3021 cuniam
412 2957 530 3030 petenti
555 2954 651 3018 titulo
666 2949 1040 3030 anticiparrrlolurionir,
1075 2951 1161 3015 nullo
1185 2951 1281 3015 titulo
1305 2967 1466 3045 teneamur
1492 2973 1528 3018 ea
1552 2954 1644 3020 alteri
1674 2955 1817 3033 praeliare
1825 2980 1838 3035 ,·

250 3056 331 3113 -qua
352 3034 495 3099 conducit
515 3034 595 3096 illius
614 3053 739 3110 operam
756 3033 791 3096 ad
805 3029 946 3098 fututam
960 3028 1039 3094 mes·
1073 3031 1209 3107 quaedam
1223 3052 1303 3096 vero
1318 3030 1389 3095 sunt
1405 3034 1525 3098 anobis
1538 3035 1631 3100 alteri
1650 3036 1771 3116 debita,
1787 3040 1839 3104 vel

273 3118 335 3178 lem
362 3112 412 3177 seu
442 3114 650 3189 vindemiam,
677 3114 842 3177 dummodo
870 3130 974 3176 tamen
1001 3110 1039 3174 srt
1073 3132 1114 3176 ex
1140 3110 1235 3175 titulo
1262 3110 1441 3191 charitatis,
1471 3115 1522 3180 uel
1548 3112 1700 3195 iullitiae,
1720 3120 1773 3183 vel
1797 3140 1839 3184 err

273 3191 444 3273 sufficiens,
461 3195 740 3270 &proportionata
759 3214 873 3258 merces
896 3191 1040 3255 addiciat
1074 3209 1220 3269 utraque.
1241 3190 1367 3269 lnluper
1378 3212 1421 3255 ex
1437 3195 1474 3258 iis
1493 3196 1634 3273 quaedam
1646 3194 1720 3263 sunt
1737 3202 1841 3277 pretio

273 3292 382 3351 operas
404 3277 489 3337 iuxta
509 3275 566 3337 loci
589 3273 857 3339 conluetudinem.
878 3273 927 3337 Sic
946 3273 1039 3337 Moli·
1073 3268 1282 3348 aelliruabilia,
1299 3272 1373 3336 idest
1392 3272 1509 3340 habent
1525 3276 1685 3353 quemdam
1700 3278 1839 3344 valorem

273 3373 315 3419 na
330 3375 401 3417 cum
419 3354 540 3419 multis.
1072 3353 1210 3429 pecuniae
1232 3352 1491 3435 aequivalentem,
1517 3357 1640 3420 acideo
1660 3375 1696 3421 ut
1711 3363 1841 3436 pecunia
1888 3378 1890 3383 ·

312 3432 479 3512 Regulares
505 3453 567 3497 non
589 3433 708 3511 poliunt
728 3422 869 3513 accipere
896 3435 1039 3514 pecunias
1074 3429 1322 3509 considerantur,
1338 3431 1754 3514 &animantumquaedrm
1777 3460 1840 3505 non

270 3530 401 3590 mutuo,
430 3514 480 3577 vel
505 3514 543 3578 ad
564 3516 715 3579 cambium
730 3536 799 3578 tum
815 3514 965 3580 lolutione
982 3516 1038 3577 ali·
1074 3510 1144 3575 sunt
1173 3516 1274 3589 pretio
1303 3510 1513 3594 aellimabilia,
1533 3515 1576 3587 ,ἀ
1601 3514 1743 3597 suntea,
1771 3541 1841 3597 quae

272 3594 360 3658 cuiue
389 3594 494 3669 lucri,
523 3595 571 3656 vel
602 3614 672 3658 cum
701 3594 888 3672 obligatione
915 3595 1038 3663 litorum
1073 3613 1113 3657 err
1126 3610 1243 3656 natura
1256 3587 1310 3656 sua
1323 3592 1401 3655 nihil
1417 3592 1516 3661 habu
1543 3596 1652 3671 ,uude
1672 3601 1841 3676 temporale

269 3668 440 3748 bonorum,
458 3675 531 3748 quia
551 3673 718 3750 Regulares
736 3676 832 3736 etiam
856 3676 887 3734 in
907 3696 1040 3739 commu-
1073 3670 1219 3736 damnum
1235 3669 1346 3736 afferre
1362 3671 1489 3749 poffinr.
1539 3675 1596 3739 nde
1615 3674 1669 3741 srt.

271 3756 306 3816 ui
322 3751 385 3816 sune
402 3751 477 3815 iulla
488 3752 613 3828 caussa,
633 3752 665 3816 dc
690 3749 912 3826 dispensatione
936 3755 964 3816 S.
987 3755 1040 3816 Se·
1112 3752 1260 3817 Amicitia
1279 3757 1311 3815 in
1329 3753 1445 3829 patrum
1462 3757 1572 3823 dedrrci
1586 3756 1685 3833 potall
1702 3780 1757 3834 pro
1772 3781 1840 3825 mu·
1853 3763 1979 3818 auaritia

270 3833 319 3895 dir
332 3831 469 3908 obligare
488 3848 595 3893 eorum
610 3830 689 3893 bona
701 3878 709 3908 ‚
723 3830 758 3895 δι
776 3851 813 3894 eo
832 3833 932 3897 minus
947 3831 1039 3896 seeil·
1074 3847 1153 3910 tuo,
1178 3831 1213 3895 dt
1234 3834 1268 3894 in
1285 3831 1346 3896 hoc
1370 3831 1432 3897 srne
1449 3837 1514 3900 ulla
1534 3837 1747 3909 controversia
1775 3839 1841 3905 Do·
1851 3830 1983 3906 milli·

269 3909 343 3977 alem
363 3910 710 3998 expoliarenequeunt.
874 3938 877 3945 ·
1073 3909 1169 3973 tiores
1183 3931 1289 3974 omnet
1304 3917 1494 3980 conveniunt
1514 3916 1628 3993 oamS.
1649 3917 1711 3982 Tb.
1728 3937 1787 3985 att.
1804 3939 1838 3984 a.
1875 3905 1981 4008 „m”

1075 3994 1105 4051 in
1120 3987 1354 4071 fine'corporia,
1367 3996 1524 4068 quiabaec
1538 4016 1595 4059 nec
1610 3995 1674 4075 eli,
1689 4019 1839 4065 neccom·
1856 4035 1903 4080 pro
1924 4033 1979 4078 a..

593 4079 621 4138 ⁵.
650 4070 719 4135 ·xl.
1074 4087 1200 4146 putatur
1217 4073 1302 4134 inter
1319 4070 1399 4136 bona
1438 4080 1656 4156 quaeepretio,
1676 4080 1729 4144 vel
1746 4102 1838 4156 pecu·
1854 4098 1916 4135 ¹¹¹0·

340 4187 512 4269 Deusara,
535 4210 623 4268 quam
639 4207 742 4268 parere
757 4185 870 4270 poffuni
885 4191 970 4269 passa
1074 4153 1126 4214 ¹¹¹²
1147 4148 1215 4214 sunt
1230 4150 1402 4246 ²lllf¹l²bl¹l
1430 4203 1443 4237 ι
1463 4156 1496 4219 ἀ
1515 4157 1573 4231 ΙΨ(
1588 4156 1749 4254 ‘lloe'ffllm
1761 4182 1841 4238 ‘¹⁰⁰'

447 4270 607 4359 conlrassui
620 4271 719 4335 mutari
736 4270 878 4333 addila·'
1072 4249 1134 4372 llllg
1152 4230 1734 4390 ἓῗιέῐῗὲὲιὲζῧὲίὲἑδᾛᾶᾞοῗέἅξ
1743 4261 1839 4398 ’qu
1935 4360 1938 4367 .

225 4383 248 4424 l·
307 4384 592 4473 Notaslatueres.
612 4385 969 4464 Thoniama.a.quefi.
987 4382 1035 4464 78.
1073 4389 1144 4453 llari
1165 4363 1544 4466 polluntamutuatarlo.
1562 4395 1646 4461 Tota
1666 4400 1763 4478 igitur
1778 4399 1838 4464 dis·
1899 4427 1920 4457 κ

225 4516 242 4551 ..
267 4477 330 4529 *fl-
354 4484 383 4527 ²·
406 4485 462 4542 1³¹0
481 4467 613 4544 gelifflll
637 4471 762 4546 regula,
782 4466 816 4531 &
836 4468 986 4542 Ρῐὶῦῑῐιιῑθ
1006 4468 1037 4526 ln
1073 4468 1195 4534 ficultaa
1214 4467 1355 4534 versatur
1376 4476 1457 4537 cirta
1480 4472 1740 4543 condonationem
1760 4473 1839 4545 iniur

226 4582 240 4616 e
268 4564 305 4608 re
326 4545 403 4622 bac,
418 4544 679 4610 &elicommunis
699 4542 1037 4622 receptaaDodloribut
1074 4554 1149 4614 riae.
1168 4547 1229 4613 Hie
1245 4567 1351 4613 autem
1371 4550 1441 4615 non·¹
1454 4552 1606 4630 loquimur
1624 4555 1661 4619 de
1679 4561 1837 4625 condona·

225 4642 248 4679 ιι
263 4626 427 4704 omnibus,
457 4645 695 4702 quemcumque,
718 4630 770 4702 qui
794 4645 850 4703 pro
869 4645 978 4687 mutuo
996 4644 1035 4688 ex
1074 4633 1159 4693 tione
1177 4632 1318 4706 privata,
1340 4628 1412 4695 idest
1431 4634 1554 4709 quando
1569 4653 1713 4703 mutuant
1727 4645 1836 4719 exigat

264 4703 356 4782 pallo
384 4709 500 4783 tacito,
525 4705 574 4768 vel
604 4705 764 4784 expresso,
790 4727 827 4769 ac
851 4705 978 4782 proinde
1000 4724 1036 4768 ut
1071 4714 1316 4784 amutuatario,
1331 4722 1369 4774 ut
1384 4714 1537 4786 privatam
1553 4715 1837 4784 vindiilameicon·

225 4773 403 4871 J⁰debitum
426 4805 465 4849 ex
493 4782 608 4850 iullitia
629 4786 839 4878 quodcumque
857 4804 966 4878 munus
988 4805 1035 4850 ac·
1073 4789 1185 4866 donet,
1206 4791 1276 4865 quia
1290 4810 1362 4851 cum
1385 4797 1592 4858 mutuatarius
1613 4800 1665 4861 ius·
1685 4799 1723 4863 sd
1751 4800 1837 4863 illam

247 4869 404 4941 imperit,
430 4865 481 4929 vel
499 4884 577 4929 onus
598 4863 773 4944 imposuerit
792 4880 895 4942 pretio
908 4856 1037 4929 aalma·
1072 4888 1137 4931 non
1158 4868 1286 4945 babeat,
1307 4868 1382 4933 iulle
1404 4876 1521 4948 petitur
1540 4874 1578 4938 ab
1596 4896 1635 4942 eo
1655 4877 1684 4939 id
1703 4878 1785 4955 qaod
1801 4899 1842 4942 ex

265 4942 349 5020 bile,
378 4964 502 5022 peccare
528 4964 637 5011 contra
658 4944 829 5024 iustitiam,
856 4946 1035 5021 usuramque
1075 4948 1191 5012 'ullitia
1210 4948 1245 5012 δι
1259 4948 1411 5015 charitate
1430 4948 1534 5018 facere
1549 4954 1731 5033 tenebatur,
1751 4957 1786 5024 dc
1801 4958 1842 5023 lic

267 5029 481 5102 committere,
497 5029 566 5101 quia
587 5023 754 5111 seeundum
769 5020 983 5098 Philosophum
1006 5048 1045 5107 4·
1085 5031 1160 5094 icite
1176 5031 1207 5091 in
1224 5026 1343 5106 pallum
1362 5028 1426 5095 fine
1440 5031 1507 5098 labe
1522 5032 1623 5102 usur:
1643 5036 1748 5103 deduci
1773 5056 1843 5117 por·

268 5102 369 5173 Etlaic.
390 5107 455 5186 erp.
479 5127 505 5170 r.
526 5126 620 5191 omne
635 5106 710 5173 illud
721 5103 782 5187 ‘pro
797 5107 926 5183 pecunia
943 5104 1138 5279 baba-'ella
1155 5105 1317 5176 nodesola
1331 5127 1474 5179 remanet
1487 5113 1843 5264 ιιοιιιιιιικπίῑι,ἀῦωοιιιο
