4425 6000
409 551 491 631 454
646 528 903 607 Tritonos
931 519 1187 606 Praetoris
1218 525 1427 602 Etnruria
1455 526 1557 602 Cir.
1581 528 1648 605 Ill.

361 633 418 700 liiii
438 635 476 716 est
494 630 619 700 tunditis
632 627 825 713 polidensis,
853 630 955 693 lorum
985 627 1079 694 habet
1094 628 1127 692 in
1201 625 1379 691 Notandum
1407 640 1437 706 3.
1449 628 1541 705 :quod
1565 628 1639 694 licet
1667 628 1755 707 pueri
1781 647 1860 700 ante
1884 652 1936 701 ar.

359 715 452 783 rebus
471 714 510 780 ad
527 712 677 780 iiislitiam
692 708 936 787 pertinentibus,
955 710 1128 773 noninma·
1163 725 1278 772 annum
1297 704 1334 770 ad
1350 707 1499 773 ieiunium
1518 727 1581 774 non
1601 724 1786 790 teneantur,
1805 711 1875 794 sunt
1887 733 1934 782 ta·

361 798 441 860 teria
460 795 570 861 morali
588 840 598 872 ,
617 793 732 858 idcireo
747 787 826 854 nihil
842 784 970 854 inservit
991 792 1024 852 iii
1043 786 1126 852 ditiis
1162 806 1233 851 rnen
1248 782 1380 850 obslridli
1412 786 1450 851 ad
1479 784 1692 854 abstinentiam
1715 811 1735 858 a
1763 793 1934 875 carnibus,

359 874 490 951 casibus,
511 892 547 940 ut
564 875 683 940 licitam
701 864 1037 936 reddattoineiiionem
1055 888 1127 932 tum
1163 864 1285 944 aliisque
1300 863 1373 931 cibis
1396 867 1506 933 vetitis
1556 886 1594 934 ur
1617 886 1712 936 antea
1736 874 1801 941 irin
1816 873 1933 943 dldlur'ri

360 955 453 1021 dubio
468 957 507 1019 de
521 954 677 1032 completa
704 949 806 1016 media
821 948 908 1014 nolle
924 949 1127 1042 antecedente
1161 943 1203 1010 eil
1218 993 1227 1025 ,
1241 943 1349 1040 'statim
1366 942 1486 1040 acnsunt
1507 915 1568 1012 doli
1590 969 1735 1044 capaces,
1749 955 1831 1032 quod
1850 975 1935 1022 com·

360 1034 397 1101 ad
415 1034 494 1099 diem
510 1035 616 1099 ieiunii
638 1078 649 1110 ,
673 1030 708 1098 d<
728 1049 767 1095 eo
787 1033 889 1094 minus
917 1026 995 1094 disis
1021 1026 1127 1107 regula
1162 1043 1299 1092 munirer
1321 1039 1430 1093 evenit
1459 1047 1542 1093 auno
1566 1027 1698 1107 septimo
1714 1033 1842 1110 erplero
1864 1083 1873 1113 ,
1898 1057 1934 1104 ae

359 1113 411 1184 hic
430 1111 560 1180 inservit
583 1135 593 1195 3
613 1117 684 1191 quia
704 1130 775 1174 rum
789 1108 977 1176 solumnodo
992 1128 1068 1172 vera
1089 1105 1126 1172 sit
1163 1103 1287 1184 proinde
1308 1121 1438 1185 peccarit
1453 1107 1626 1175 rnortrliter
1650 1112 1703 1189 qui
1733 1112 1803 1180 illas
1818 1115 1933 1182 eisdem

359 1193 395 1263 dr
421 1195 555 1273 valeat,
580 1191 701 1272 quando
729 1193 826 1270 iura,
855 1187 908 1255 vel
936 1186 1128 1254 consuetudo
1163 1183 1338 1252 ministrant
1355 1189 1386 1250 in
1402 1185 1509 1252 diebus
1524 1188 1649 1255 ieiunii.
1671 1191 1804 1260 Atorius
1827 1196 1932 1272 ,Sari-

359 1276 471 1341 caussoe
491 1272 734 1353 prolocutionem
759 1267 930 1336 concedunt
950 1315 959 1346 ,
993 1264 1046 1332 seu
1066 1286 1128 1332 non
1162 1263 1238 1330 cher
1258 1312 1267 1342 ,
1292 1267 1322 1329 P.
1340 1266 1482 1332 Antoine
1501 1288 1572 1332 crim
1591 1267 1678 1335 aliis.
1706 1271 1837 1341 Addunt
1860 1295 1933 1344 vem

359 1355 452 1420 datur
469 1355 546 1431 lex,
570 1350 622 1419 seu
646 1367 833 1430 preceptum
856 1350 889 1412 in
907 1352 1127 1423 contrarium
1163 1343 1308 1410 Dostom
1330 1343 1535 1412 adolescentes
1564 1345 1656 1426 usque
1684 1351 1723 1417 ad
1747 1371 1798 1418 ar.
1826 1361 1931 1425 etatis

359 1434 432 1502 iiiuc
458 1453 520 1499 oon
551 1433 638 1499 valet
666 1433 698 1494 iri
717 1427 805 1495 diilis
830 1425 944 1495 casibus
970 1428 1009 1492 de
1037 1428 1129 1492 dubio
1164 1445 1279 1490 annum
1299 1444 1492 1503 nequaquam
1505 1425 1662 1495 obslridlos
1676 1431 1738 1498 esse
1757 1434 1798 1500 ad
1818 1439 1932 1505 ieiunia

358 1514 471 1582 rriedioe
488 1512 582 1579 noilis
604 1510 767 1589 conipletoe
788 1555 800 1590 ,
821 1506 960 1587 eoquod
979 1505 1128 1572 habeatur
1166 1506 1278 1571 votiva
1296 1505 1540 1572 Communitatis
1560 1509 1610 1573 vel
1631 1509 1848 1595 Remmium,
1878 1533 1932 1582 sut

359 1597 393 1741 i
412 1673 558 1739 i
641 1587 1129 1735 ...333
1164 1582 1429 1744 {irrisisti
1444 1583 1793 1750 333333·
1813 1597 1931 1743 ¹¹i¹

358 1695 493 1820 inpdislo
513 1753 580 1830 die·
688 1767 811 1826 antur,·
832 1749 943 1813 idcirco
960 1750 1062 1824 nequir
1080 1750 1129 1812 ius
1165 1745 1260 1838 titulo
1274 1743 1414 1840 censendi
1430 1741 1499 1811 sunt
1518 1751 1654 1827 exempti
1673 1771 1692 1816 a
1712 1695 1933 1836 pradestoosen

359 1836 472 1912 requiri
489 1833 528 1900 ad
544 1837 713 1911 incoeptam
728 1847 852 1894 coenam
874 1824 1128 1907 prosequendam,
1165 1824 1345 1902 particulari
1362 1841 1461 1917 voto.

361 1934 397 1979 ac
414 1931 524 1979 carnes
544 1908 754 1979 comedendas.
789 1908 838 1975 Sir
857 1905 1128 1982 salmanticenses,
1203 1903 1365 1982 Coiupleto
1390 1906 1487 1983 igitur
1512 1923 1562 1971 ar.
1590 1912 1695 1978 aetatis
1720 1929 1805 1980 anno
1830 1913 1931 1981 statim

359 2013 432 2060 rum
451 1992 519 2061 alsit
538 2012 612 2071 quos
628 1993 748 2057 citant.
1166 1987 1293 2048 iuvenes
1318 1999 1465 2049 tenentur
1492 1985 1531 2050 ad
1554 1987 1729 2069 ieiunium,
1758 1993 1804 2060 dt
1820 1997 1932 2061 idcirco

1165 2065 1211 2126 die
1228 2064 1405 2129 immediate
1426 2060 1561 2142 sequenti
1586 2065 1687 2135 srdies
1707 2070 1786 2138 esset
1802 2076 1931 2153 ieiunii,
1986 2073 1988 2078 ’

666 2154 696 2216 ς,
737 2145 828 2214 ΧΗ.
1166 2142 1241 2207 illud
1261 2141 1384 2208 servrre
1406 2142 1535 2209 debent.
1564 2143 1632 2215 lino
1658 2147 1681 2214 fi
1705 2171 1738 2216 v.
1762 2173 1792 2232 g.
1821 2154 1870 2219 die
1891 2157 1933 2218 ie·

456 2273 499 2336 De
516 2266 573 2348 iis,
593 2266 644 2349 rui
658 2264 861 2332 aeserunium
880 2272 1038 2330 tenentur.
1166 2221 1933 2392 ffigssffissrfwffflssmeffiffi‘gomd

403 2385 542 2453 Tametsi
559 2384 661 2463 aliqua
689 2382 829 2449 versetur
854 2377 1064 2446 controversia
1080 2378 1128 2441 in·
1165 2381 1345 2461 meridiem,
1386 2386 1418 2446 iri
1448 2385 1566 2463 reliquo
1592 2385 1642 2452 di'e
1668 2405 1797 2457 tenetur
1824 2392 1864 2459 ad
1892 2397 1933 2458 ie·

361 2468 602 2545 tettheologos,
621 2467 653 2528 iti
695 2484 732 2528 ua
753 2480 852 2529 etate
871 2461 998 2534 incipiat
1012 2457 1074 2522 olili
1096 2478 1129 2522 a·
1166 2461 1436 2539 iuuandum,quia
1452 2483 1517 2528 non
1537 2464 1615 2531 aliar
1634 2488 1670 2532 ac
1693 2486 1814 2552 tempus
1835 2477 1932 2548 reqiii·

359 2550 407 2614 tio
426 2549 531 2611 ieiunii
551 2486 741 2610 ecclesiastes
759 2589 768 2620 ,
785 2542 821 2605 ad
837 2559 912 2617 quos
927 2558 1033 2601 omncs
1050 2480 1126 2600 fide·
1164 2540 1255 2606 litum
1272 2542 1477 2636 aerditieni
1495 2593 1503 2622 ,
1520 2541 1724 2614 Novitiatum
1741 2598 1750 2629 ,
1777 2550 1932 2631 professio·

362 2629 405 2692 les
421 2622 577 2703 utriusque
593 2622 680 2689 serus
700 2641 801 2688 reneri
821 2637 947 2685 concon
967 2612 1129 2693 firmusque
1166 2642 1235 2686 nem
1254 2618 1456 2702 Religiosam,
1471 2642 1671 2703 computatur
1687 2649 1706 2694 a
1725 2630 1932 2700 moriientoad

360 2711 502 2773 omnium
522 2702 747 2772 catholicorum
773 2700 816 2765 esl
834 2696 933 2764 sensus
952 2746 962 2778 ,
981 2716 1017 2762 ur
1032 2717 1072 2762 ex
1088 2696 1128 2760 D.
1165 2717 1357 2767 momentum
1374 2723 1391 2767 a
1406 2704 1585 2772 nativitatis
1596 2706 1725 2791 inito,
1741 2713 1788 2778 ita
1809 2714 1931 2780 inicium

363 2786 424 2851 Tli.
447 2806 475 2849 2.
498 2805 528 2848 a.
546 2806 572 2864 q.
592 2804 663 2865 147·
684 2795 744 2849 art.
763 2804 793 2861 4.
819 2783 1022 2860 incorpore,
1045 2798 1129 2843 coin·
1164 2781 1358 2859 obligationis
1379 2785 1504 2846 ieiiinii.

360 2871 483 2932 munior
500 2884 603 2931 tamen
623 2911 632 2940 ,
660 2868 722 2928 imo
741 2882 824 2928 nuuc
851 2879 913 2924 una
932 2861 1071 2924 omniurn
1085 2853 1130 2922 ess
1203 2860 1364 2926 Discedens
1380 2883 1398 2926 a
1419 2863 1487 2929 loco
1503 2862 1553 2930 ubi
1569 2887 1630 2932 tion
1651 2869 1695 2935 eil
1713 2870 1864 2938 ieiunium
1883 2916 1893 2950 ,
1909 2870 1929 2936 si

361 2947 515 3014 sententia
531 2944 611 3023 quod
636 2946 785 3009 ieiunium
813 2936 1049 3009 ecclesiasticum
1067 2955 1131 3033 non
1165 2943 1326 3021 perveniat
1342 2942 1380 3008 ad
1394 2941 1496 3010 locum
1512 2943 1564 3010 i'ibi
1581 2950 1730 3015 ieiunium
1744 2951 1861 3033 obliget
1879 3002 1889 3033 ,
1911 2951 1931 3019 si

360 3028 476 3109 obliget
495 3046 601 3095 omnes
623 3023 728 3090 fideles
750 3019 910 3099 utriusque
933 3018 1049 3099 sexus,
1074 3016 1131 3084 nrfi
1165 3020 1205 3087 ilii
1222 3038 1394 3094 niorattirur
1409 3042 1473 3091 non
1497 3022 1534 3091 sit
1557 3025 1612 3093 nisi
1632 3028 1853 3111 transeunter,
1882 3033 1932 3101 vel

360 3111 488 3185 expleto
503 3125 586 3173 anno
605 3124 656 3167 ai.
686 3102 729 3170 Et
755 3104 813 3169 lroc
838 3097 961 3167 constat
983 3119 1023 3166 en
1038 3118 1128 3179 gene·
1164 3101 1320 3182 brevitet,
1341 3122 1451 3182 nempe
1471 3122 1534 3173 uua
1551 3106 1602 3173 vel
1620 3108 1718 3176 altera
1738 3110 1808 3191 die,
1823 3108 1933 3179 secluso

363 3190 420 3255 rali
439 3187 507 3253 dra
528 3182 708 3252 nonoribus
727 3180 866 3248 omnibus
882 3199 933 3248 rec
1025 3179 1132 3246 Eccle-
1166 3180 1337 3261 scandalo,
1364 3204 1427 3247 non
1456 3199 1583 3249 tenetur
1607 3185 1730 3255 servare
1758 3194 1932 3270 ieiunium,

363 3269 413 3335 srae
428 3264 647 3333 consuetudine
661 3283 730 3341 quae
751 3265 799 3329 ita
818 3198 1006 3330 tenax
1184 3344 1190 3356 Ι
1403 3344 1408 3357 ¹

362 3350 459 3414 etiam
486 3346 607 3409 tatione
633 3340 811 3421 comprobat
839 3340 879 3405 D.
897 3338 1035 3406 Thomas
1062 3338 1132 3405 loco
1167 3361 1245 3406 rium
1259 3339 1541 3422 salmanticenses,
1565 3349 1637 3423 qnia
1666 3350 1867 3425 particularia
1893 3356 1933 3418 le·

302 3454 308 3465 ·
361 3430 418 3496 tit.
434 3444 543 3502 nempe
558 3424 681 3501 quando
692 3422 834 3503 puerine
848 3416 1133 3487 adolescentessunt
1167 3422 1252 3486 iunia
1268 3418 1430 3498 respiciunt
1447 3422 1550 3488 locum
1568 3474 1577 3503 ,
1596 3424 1631 3493 dt
1647 3426 1791 3509 pmsnncs
1812 3430 1853 3496 ibi·
1873 3452 1934 3498 mo·

363 3512 396 3573 in
412 3505 494 3571 slaru
510 3505 666 3584 augmenti
685 3500 767 3581 quod
796 3502 829 3564 iii
854 3498 1012 3579 permultis
1026 3499 1133 3578 perdu-
1168 3516 1271 3565 rantes
1291 3521 1326 3567 at
1342 3498 1485 3567 sobieslai
1506 3505 1650 3580 potellrri
1682 3506 1838 3585 spirituali
1859 3509 1933 3577 eius·

363 3603 413 3654 rat
428 3584 520 3664 usque
541 3582 579 3651 ad
593 3582 688 3649 finem
708 3584 748 3647 tri
770 3580 835 3647 licis
853 3575 1079 3662 septennii,fit
1095 3597 1132 3645 ut
1167 3581 1235 3645 dem
1256 3579 1331 3646 loci.
1352 3581 1444 3648 Aliud
1463 3599 1569 3648 tamen
1583 3584 1745 3655 dicendum
1780 3588 1867 3655 liibi
1883 3610 1934 3669 per

364 3672 448 3735 intra
476 3666 540 3731 tale
565 3680 687 3741 tempor
712 3602 779 3741 ipss
807 3658 883 3727 satis
906 3660 970 3726 eise
997 3677 1133 3755 urqiieat
1167 3660 1287 3738 aliquot
1316 3661 1380 3727 dies
1400 3663 1481 3759 'esset
1514 3682 1723 3751 norsturiu,
1752 3636 1806 3735 sed
1830 3670 1870 3735 de
1892 3671 1935 3737 his

362 3750 455 3814 nnita
471 3743 595 3812 “sellio
613 3764 684 3809 cuni
700 3762 798 3820 parva
819 3740 1040 3831 collatiunciila
1059 3762 1072 3818 ,·
1088 3744 1134 3802 id·
1167 3762 1206 3806 ex
1237 3735 1367 3818 proseslo
1397 3762 1460 3809 iarn
1487 3744 1722 3827 percutitur,
1753 3748 1808 3816 ulii
1831 3752 1872 3818 de
1894 3752 1935 3819 le·

364 3832 447 3894 circo
470 3847 531 3892 non
555 3821 626 3890 sunt
645 3821 778 3891 obslrisli
806 3822 845 3889 ad
872 3818 1074 3889 melesusiica
1089 3821 1134 3888 ie·
1167 3819 1275 3903 gibus.

364 3912 449 3975 iunia
468 3904 636 3972 servanda.
909 3980 916 3995 ¹
1107 3979 1115 3995 ⁹
1208 3898 1348 3981 Religiosi
1377 3899 1494 3979 professi
1524 3921 1664 3973 anrear.
1692 3910 1934 3977 actitantium

405 3986 587 4051 Notandum
610 4003 685 4049 vero
702 4004 775 4050 runi
791 3978 975 4047 Dodioribus
992 3977 1074 4059 quod
1094 3979 1133 4042 li·
1166 3981 1383 4071 completum,
1402 3987 1541 4060 quamvis
1561 4004 1625 4052 noir
1648 4005 1820 4057 teneantur
1840 3993 1877 4057 ad
1898 3994 1936 4055 ie·

364 4085 416 4134 eet
436 4062 640 4132 adolescentes
660 4083 723 4129 non
745 4079 911 4140 teneantur
929 4060 967 4125 ad
983 4062 1134 4125 ieiunium
1169 4063 1252 4126 iunia
1269 4060 1409 4155 Ecclesia
1429 4108 1439 4139 ‚
1463 4079 1500 4128 ut
1528 4070 1688 4133 nnanitnes
1715 4065 1854 4136 sentiunt
1874 4072 1936 4136 Do

364 4144 599 4213 ecclesiasticum
621 4160 695 4210 ante
710 4164 827 4210 annum
845 4159 894 4205 ar.
922 4140 1110 4217 completum
1167 4140 1279 4219 liores,
1296 4162 1368 4218 quia
1388 4146 1421 4204 i'ii
1437 4141 1497 4207 lioc
1516 4144 1624 4211 eadem
1643 4146 1686 4212 ell
1698 4152 1780 4216 ratio
1800 4152 1936 4232 Religio·

366 4227 489 4307 possunt
511 4243 616 4291 tamen
639 4226 772 4291 maxime
800 4242 884 4288 anno
912 4240 960 4301 ¹4·
994 4219 1034 4286 ad
1056 4186 1136 4283 illud
1168 4219 1318 4315 lutumst
1339 4217 1554 4310 secularium,
1576 4224 1621 4291 est
1643 4233 1938 4297 tarneneommmiis

273 4352 277 4357 -
366 4308 427 4374 obl'
449 4310 493 4373 tri
508 4327 549 4373 ex
566 4322 666 4383 voto,
685 4304 721 4370 dt
736 4305 945 4383 penitentia,
962 4297 998 4366 dt
1013 4300 1135 4378 quando
1169 4299 1324 4366 sententia
1340 4304 1440 4366 teneri
1464 4300 1517 4367 suli
1546 4308 1667 4373 mortali
1689 4310 1726 4373 ad
1751 4310 1868 4377 iciunis
1893 4329 1937 4375 ie·

366 4329 509 4454 tersenis
529 4386 652 4452 l’raelati
672 4386 890 4452 obmaximam
910 4379 1061 4460 publicam
1079 4400 1134 4443 ne·
1169 4381 1250 4462 gulre
1271 4379 1413 4477 Ordinis,
1433 4382 1464 4444 iii
1485 4384 1635 4481 quosurit
1712 4384 1805 4470 feffi,
1837 4390 1940 4455 fille·

365 4464 536 4533 utilitatem
560 4468 677 4533 ieiunia
702 4466 877 4539 indicunt,
911 4481 948 4555 ut
973 4459 1065 4525 docet
1094 4459 1134 4523 D.
1169 4462 1237 4541 gula
1255 4476 1413 4538 precipiat
1431 4461 1483 4557 sua
1501 4482 1620 4557 ¹ieiunia
1647 4408 1878 4549 salomonen,
1902 4484 1938 4535 ut

366 4538 1135 4637 Τὴλοεοοίιηκωὼῃηωσμ(3380οᾶοῇ
1170 4541 1290 4623 Regula
1309 4540 1337 4609 S.
1354 4538 1527 4618 francisci,
1562 4549 1940 4616 uccumtslionereiu·

364 4646 471 4709 magnii
486 4624 672 4691 tribulatione
685 4624 861 4712 imminente
876 4623 1034 4710 misem
1044 4636 1135 4700 puin·
1169 4622 1221 4687 bet
1247 4623 1421 4701 ieiunium,
1458 4642 1476 4688 a
1563 4628 1676 4693 irritare
1699 4634 1840 4695 omnium
1865 4630 1939 4694 San·

364 4704 936 4787 unnleerllr'orr'serr'rrrspsserr'rrer'rsrsiae
949 4701 1137 4779 radiemur,
1170 4701 1284 4767 riniani
1306 4700 1397 4778 usque
1417 4700 1454 4765 sd
1470 4702 1580 4768 Clitisli
1601 4706 1841 4789 Nativitatem,
1857 4708 1892 4776 ἃ
1907 4712 1939 4773 in

363 4788 442 4859 sieut
461 4789 559 4853 etiam
571 4786 614 4852 de
631 4788 774 4853 surientis
790 4785 903 4863 sepitur
918 4780 1004 4848 lori·
1025 4796 1054 4859 3·
1170 4778 1307 4847 nundine
1324 4777 1409 4847 ferii'r
1428 4780 1522 4848 sextis
1542 4789 1643 4850 totius
1664 4791 1736 4853 antii
1755 4811 1768 4866 ,·
1788 4808 1858 4857 nrm
1915 4792 1939 4852 i·

405 4867 590 4935 Notandum
607 4884 640 4928 a.
663 4862 826 4943 aliquando
838 4866 935 4933 etiarn
957 4864 1026 4927 iure
1045 4877 1134 4958 natu·
1172 4861 1243 4927 libet
1264 4860 1362 4939 poresi
1379 4877 1455 4928 ante
1470 4880 1519 4926 ar·
1548 4870 1654 4932 aetatis
1675 4886 1791 4934 annum
1815 4866 1846 4935 se
1866 4810 1940 4935 gp.

366 4950 425 5017 rali
458 4950 557 5014 teneri
590 4946 730 5013 lioniiiies
759 4945 797 5012 ad
821 4944 955 5029 aliquam
983 4938 1136 5007 abstineri·
1171 4960 1243 5022 gare
1261 4960 1301 5006 eir
1317 4957 1398 5009 voto
1413 4942 1449 5006 ad
1467 4959 1583 5011 ceteri
1600 4949 1713 5015 ieiunis
1734 4950 1938 5031 &lavanda

367 5035 464 5109 tiam,
479 5027 555 5094 utsi
576 5046 631 5105 per
649 5028 711 5094 alia
728 5026 828 5096 media
850 5023 1135 5093 tentationibutre·
1172 5023 1349 5099 idcircoqui
1380 5018 1524 5101 proscissis
1549 5024 1593 5089 eil
1615 5028 1749 5106 aliquam
1766 5030 1941 5127 Reqnlam,

1004 3260 1132 3326 hociam
1166 3281 1222 3327 nec
1241 3258 1476 3341 rbslinentiam,
1490 3264 1633 3343 quidquid
1648 3267 1754 3337 dicant
1769 3273 1933 3339 incontra·

218 5134 224 5143 .
365 5108 466 5243 fiper?
485 5124 660 5191 mg,
720 5224 763 5245 Ι·
879 5146 934 5177 ,.
1043 5168 1046 5173 .
1171 5122 1240 5186 quc
1257 5098 1381 5229 stllulst
1400 5102 1502 5173 diebus
1523 5107 1673 5235 ieiunium
1697 5108 1941 5259 meip'glgfissss
