4425 6000
389 498 470 596 498
570 485 1665 567 ‘Tricr.uaSerut·runtsCar.Unio.

341 598 495 676 pusturam
511 592 643 674 eligere,
665 590 829 655 dummodo
848 593 876 654 ei
896 591 962 653 iure
983 610 1046 653 non
1063 592 1109 652 in·
1145 588 1182 654 ad
1221 590 1285 651 iura
1314 586 1512 665 spiritualia,
1549 592 1641 666 quale
1676 587 1717 652 esl
1746 589 1792 653 ius
1824 585 1924 666 sepul·

342 676 538 741 terdicaiur.
567 674 615 737 Sic
644 673 847 736 communiter
882 669 951 731 DD.
977 689 1018 733 eit
1043 691 1107 746 cap.
1147 688 1228 734 turae
1258 663 1488 733 Filiursamisiar
1514 690 1575 734 non
1604 669 1647 734 esl
1679 667 1830 734 subiedsus
1867 690 1925 745 pa·

343 761 408 821 Nor
436 754 524 834 t'irstr'r.
545 773 572 816 i.
603 773 668 830 cap
686 750 913 841 Fraternitasem
935 765 962 829 3.
987 771 1052 828 cap.
1070 755 1111 840 iii
1146 752 1217 814 triae
1243 747 1408 826 potessati;
1431 769 1499 828 cap.
1525 751 1644 894 pulegio
1675 770 1721 813 ra.
1756 748 1849 828 causi.
1874 762 1924 827 ις.

229 877 234 886 =
342 840 435 918 nostra
466 854 511 900 to.
538 833 574 898 de
595 832 775 913 sepulturis.
799 831 841 894 Et
862 831 961 907 potesl
982 849 1050 893 eam
1059 831 1111 916 sibi
1146 826 1242 906 quest.
1271 843 1299 887 a.
1329 825 1368 890 Et
1398 831 1478 903 quod
1515 831 1552 893 de
1608 831 1675 905 lio,
1710 827 1750 894 ub
1780 830 1925 893 eamdem

340 915 454 998 eligere
484 932 576 979 cutia
601 914 751 991 propriam
765 912 898 975 Patriam
915 911 947 972 in
965 909 1112 992 diversa,
1147 911 1298 992 rationem
1309 903 1405 970 dicito
1414 908 1451 971 dc
1460 907 1569 987 servo,
1588 931 1696 988 nempe
1705 913 1777 987 quia
1785 908 1925 974 servitus

340 997 374 1064 dt
403 1014 525 1062 remota
556 994 748 1068 Provincia,
784 989 818 1056 &
846 993 940 1054 etiam
975 986 1112 1067 sepultu·
1147 1008 1208 1050 nou
1238 990 1268 1049 se
1297 986 1437 1052 extendit
1459 992 1494 1053 ad
1525 991 1730 1068 spiritualia,
1758 989 1798 1055 sic
1829 987 1921 1053 Card.

338 1099 405 1143 rain
432 1078 590 1152 alienam,
625 1089 660 1137 ut
696 1072 902 1136 cummuniter
940 1073 1111 1135 excitatis
1146 1069 1257 1142 Petra,
1275 1063 1310 1132 ἀ
1339 1066 1415 1130 alii.
1446 1066 1642 1145 Sepulturain
1667 1070 1762 1136 libere
1787 1068 1841 1133 sibi
1866 1069 1924 1132 eli·

341 1159 484 1224 iuribus.
516 1155 633 1218 Verum
660 1151 681 1214 si
709 1155 776 1230 quis
802 1152 899 1230 eligat
932 1147 1049 1227 sepeliri
1079 1152 1111 1212 in
1146 1166 1215 1227 gere
1247 1144 1368 1223 possunt
1401 1147 1553 1228 Novitii,
1588 1154 1680 1218 etiam
1713 1154 1746 1214 in
1777 1149 1840 1213 asia
1867 1149 1921 1212 Et·

341 1240 446 1303 alieno
465 1234 629 1311 sepulcro,
652 1251 714 1297 non
738 1229 837 1310 potesl
863 1228 901 1292 ibi
919 1229 1035 1306 sepeliri
1055 1227 1110 1292 nist
1146 1222 1234 1292 clefia
1264 1244 1353 1291 extra
1382 1227 1629 1312 Monaslcrium,
1664 1251 1738 1298 cuni
1767 1227 1921 1295 discedere

339 1339 379 1383 ex
409 1320 612 1384 Patronoruni
634 1311 806 1387 consensu;
848 1312 920 1385 qula
947 1308 1025 1386 quod
1053 1330 1110 1373 no·
1148 1303 1256 1384 poffint
1273 1326 1291 1371 a
1310 1307 1493 1387 Religione,
1513 1309 1548 1376 dt
1578 1313 1610 1374 in
1639 1311 1751 1378 saeculo
1775 1305 1807 1374 sc
1839 1307 1921 1373 tcsli·

342 1401 436 1463 sirum
464 1394 508 1460 esl
528 1441 538 1472 ,
559 1392 622 1457 sine
653 1392 738 1456 nobit
767 1386 840 1454 idest
867 1387 930 1454 sine
954 1389 1057 1454 nolito
1076 1389 1111 1451 li·
1147 1404 1257 1450 tutte.
1294 1386 1342 1452 Sic
1380 1409 1446 1466 cap.
1483 1392 1642 1472 ,satuimus
1676 1393 1713 1456 de
1749 1387 1918 1470 Regulari's.

340 1471 415 1544 beto
430 1472 578 1542 concursu
602 1491 665 1537 non
691 1468 789 1549 potesl
809 1466 910 1542 uubis,
924 1465 1064 1547 auferri,
1089 1470 1109 1532 s.
1148 1464 1262 1528 idcirco
1287 1465 1343 1530 lioc
1363 1487 1426 1533 non
1448 1470 1545 1548 potest
1562 1472 1605 1534 issi
1627 1472 1821 1552 denegariin
1842 1489 1919 1532 nior·

340 1560 376 1625 i'd
392 1560 471 1639 quod
500 1556 627 1637 nqlruiu
661 1635 664 1640 Ι
699 1570 725 1614 r.
771 1549 839 1613 .de
866 1547 987 1629 iseguli's
1015 1550 1108 1613 iuris.
1148 1563 1198 1610 te.
1229 1545 1372 1623 Religiosi
1405 1563 1511 1614 tamen
1538 1547 1656 1629 ptosessi
1685 1571 1747 1618 non
1768 1547 1919 1628 possunt,

341 1641 383 1707 Et
411 1641 446 1704 ad
484 1638 566 1701 stunc
602 1571 743 1697 efl’tdum
779 1649 841 1693 non
879 1630 1024 1724 dicuntur
1058 1632 1119 1694 Pu.
1147 1628 1218 1720 dum
1246 1628 1278 1688 in
1305 1626 1445 1693 Clauslro
1475 1629 1629 1696 decedunt
1658 1629 1710 1696 sibi
1730 1629 1919 1708 sepulturam

340 1723 422 1787 troni
440 1715 581 1783 uectores
611 1710 833 1788 Ecclesiastim,
852 1710 1027 1788 Superiores
1041 1711 1112 1774 Mo·
1147 1705 1257 1783 eligere
1280 1727 1290 1780 ;
1312 1729 1383 1772 cuni
1409 1711 1536 1786 amplius
1560 1732 1624 1776 non
1652 1710 1787 1778 habeant
1817 1708 1919 1787 velle,

339 1801 545 1867 naslerioruui
571 1845 581 1874 ,
611 1792 660 1860 scd
689 1794 733 1857 illi
760 1839 770 1871 ,
803 1789 909 1869 quibus
946 1811 997 1869 prr
1019 1787 1113 1859 diuos
1147 1783 1298 1868 diuolsa,
1317 1789 1396 1869 quod
1421 1791 1510 1862 valet
1525 1793 1623 1861 etlam
1646 1789 1786 1875 respeslu
1802 1809 1919 1858 cotum·

338 1879 503 1956 Reslores‘,
524 1877 579 1942 seu
604 1876 780 1954 Superiores
808 1873 975 1952 Regulares
991 1875 1111 1938 conces·
1148 1872 1216 1934 deni
1253 1869 1451 1947 Superiorum
1482 1897 1491 1953 ;
1522 1878 1591 1953 quia
1631 1895 1684 1952 pet
1716 1875 1918 1940 Praesaturam

339 1963 369 2026 l'a
397 1959 441 2025 esi
469 1957 653 2035 sepultura,
686 1959 734 2022 iia
762 1972 798 2018 ut
826 1957 859 2014 in
887 1951 943 2017 tali
965 1951 1037 2017 casti
1062 1975 1112 2032 pe·
1149 1970 1211 2014 non
1237 1948 1378 2016 desinunt
1406 1954 1468 2018 esse
1494 1955 1692 2034 Regularcs,
1730 1975 1766 2020 ac
1792 1956 1861 2018 ideo
1887 1956 1917 2014 in

338 2041 435 2107 tenda
468 2035 506 2102 sit
537 2036 663 2101 licentia
704 2033 888 2101 aPattonis
926 2033 977 2097 vel
1004 2055 1112 2098 eoruui
1150 2028 1215 2106 ipsis
1252 2028 1426 2106 perseverat
1469 2031 1624 2110 dispositio
1672 2036 1746 2100 iuris
1786 2033 1919 2096 Canoni-

339 2115 578 2188 successotibus:
599 2115 634 2182 dt
651 2111 672 2176 fi
692 2115 793 2191 plures
820 2111 880 2177 sint
904 2114 1058 2192 Patroni,
1094 2134 1111 2177 a
1148 2113 1200 2187 ci,
1227 2126 1263 2173 ut
1295 2113 1325 2172 in
1349 2133 1416 2188 cap.
1449 2111 1484 2177 Si
1509 2111 1671 2194 Religiifi.
1706 2115 1792 2178 Nam
1814 2133 1918 2190 quam·

338 2200 463 2281 singulis
489 2198 614 2263 licentia
641 2197 772 2273 petenda
796 2192 870 2270 esi,
900 2190 963 2256 siue
989 2214 1049 2269 qua
1074 2193 1113 2257 li-.
1149 2211 1239 2268 quini
1267 2186 1400 2268 respeilu
1428 2189 1551 2256 suorum
1570 2195 1756 2262 subditorum
1789 2191 1918 2257 habeant

337 2284 441 2347 centia
464 2276 612 2348 Redotes
639 2323 648 2353 ,
678 2293 734 2341 aut
761 2273 927 2350 superiores
959 2277 1113 2338 nerninem
1149 2269 1260 2346 velle,
1289 2269 1323 2336 dt
1346 2271 1457 2351 nolle,
1490 2271 1572 2338 secus
1611 2293 1714 2340 tamen
1753 2270 1798 2338 esl
1823 2275 1918 2346 res'pe·
1969 2289 1971 2294 ·

338 2361 494 2428 tumulare
529 2356 650 2435 possunt
688 2359 720 2420 in
760 2351 864 2417 iisdem
901 2352 1069 2431 sepulturis
1100 2376 1112 2429 ,·
1148 2347 1196 2413 ssu
1220 2347 1343 2416 suorum
1375 2353 1600 2430 superiorum,
1636 2372 1672 2419 ut
1696 2353 1841 2431 Superior
1871 2353 1917 2416 lo·

337 2446 409 2530 quia
439 2438 475 2504 de
501 2440 569 2502 iure
600 2456 662 2513 quo
684 2439 749 2513 quis
781 2437 813 2497 in
840 2429 933 2496 sundo
960 2433 1053 2500 habet
1079 2455 1113 2498 u·
1147 2429 1223 2494 calis
1251 2427 1386 2506 respellu
1408 2434 1852 2508 Provinciasis,l’rovinciasis
1873 2450 1917 2495 te·

336 2521 436 2600 suin,
464 2537 525 2583 nou
561 2514 662 2595 potest
687 2516 829 2581 dontinus
860 2513 1033 2579 inhabitare
1067 2517 1114 2576 iii·
1150 2506 1244 2586 spcilu
1275 2508 1465 2589 Generalis,
1502 2513 1666 2579 Generalis
1701 2511 1835 2590 respeilu
1862 2513 1946 2575 tu·

338 2605 409 2665 rito
449 2597 607 2662 usuario.
640 2600 679 2660 L.
703 2602 805 2660 Haerer
833 2594 867 2675 ᾖ
895 2595 931 2657 de
964 2591 1042 2673 usu,
1073 2593 1114 2654 (9·
1149 2609 1213 2667 pat.
1247 2589 1296 2654 sta
1320 2591 1494 2671 Donatus,
1516 2593 1639 2659 Bordon
1667 2594 1782 2672 aliique
1812 2607 1919 2657 contra

337 2679 514 2762 usufruiiu.
533 2679 659 2741 Patroni
684 2694 790 2740 autem
808 2672 964 2750 prohibere
981 2722 990 2752 ,
1006 2673 1040 2740 dt
1057 2693 1113 2739 ne·
1148 2670 1186 2732 ali
1210 2689 1281 2732 uos.

356 2780 407 2826 ate
432 2756 555 2835 possunt
582 2755 662 2831 quod
692 2756 785 2831 aliqui
815 2753 982 2830 [peliuntur
1005 2755 1036 2816 in
1059 2751 1114 2818 suo
1221 2768 1276 2813 xor
1296 2749 1369 2817 sicet
1385 2750 1422 2815 stt
1444 2748 1498 2817 sub
1522 2753 1675 2829 potestate
1695 2756 1777 2830 viri,
1797 2748 1860 2816 sine
1888 2769 1919 2814 e·

349 2841 475 2918 epulcro
490 2837 511 2901 Ι.
528 2838 621 2900 locum
642 2837 712 2918 sfi
727 2837 823 2913 plures
850 2854 898 2914 qr.
915 2829 947 2895 ss.
969 2834 1008 2898 de
1034 2833 1115 2906 Reli·
1149 2832 1195 2893 ius
1221 2829 1347 2894 licentia
1372 2831 1468 2909 potesl
1493 2831 1544 2896 sibi
1570 2834 1682 2913 eligere
1715 2833 1918 2912 sepulcrum,

332 2921 442 3005 giafis,
462 2916 504 2986 Φ
516 2911 683 2998 sumpsibus
698 2921 808 2980 furser.
828 2913 879 2980 Sic
897 2911 1028 2978 Barbosa
1048 2961 1058 2994 ,
1079 2912 1114 2979 dt
1148 2912 1220 2987 quia
1250 2913 1282 2973 iu
1304 2910 1362 2976 boc
1390 2911 1486 2977 libera
1514 2911 1557 2976 esl
1583 2960 1592 2990 ,
1619 2935 1656 2979 ac
1676 2911 1721 2980 sui
1747 2915 1822 2979 iuris
1886 2926 1920 2974 ut
1972 2980 1975 2986 ‚

338 3003 391 3067 alii
413 3046 420 3063 .
450 2995 597 3063 Extindlis
613 3013 717 3060 autem
731 2998 872 3062 Patronis
885 2991 1024 3060 omnibus
1046 3012 1115 3061 tuni
1147 2992 1352 3081 communiter
1367 2991 1435 3058 DD.
1455 3013 1521 3072 cap.
1538 2993 1576 3059 de
1588 2999 1692 3062 ¹[litore
1712 3014 1740 3075 7·
1768 2992 1806 3061 de
1821 2959 1923 3073 sepul·

339 3081 483 3146 Redlotes
508 3076 739 3155 Ecclesiaruni,
774 3072 828 3141 seii
856 3074 1022 3156 Regulares
1047 3072 1112 3155 pos·
1149 3090 1223 3137 cris.
1678 3102 1683 3111 ·

337 3160 411 3226 sunt
442 3209 451 3239 ,
481 3178 543 3223 non
572 3156 670 3221 solum
694 3156 771 3221 alios
795 3173 933 3221 mortuos
963 3155 1004 3220 ibi
1032 3155 1114 3233 sepe·
1188 3152 1361 3230 impuberes
1395 3174 1470 3221 vero
1504 3172 1662 3235 nequeunt
1698 3153 1750 3221 sibi
1788 3152 1922 3232 sepultu-

338 3244 423 3316 lite;
462 3243 525 3303 inio
557 3241 657 3302 etiam
690 3233 876 3312 sepulturam
911 3235 1004 3302 alteri
1040 3257 1114 3301 con·
1149 3253 1214 3321 tatii
1243 3234 1372 3313 eligere.
1396 3234 1444 3299 sta
1468 3241 1674 3303 communiter
1704 3236 1773 3300 DD.
1795 3256 1835 3299 ex
1855 3253 1921 3309 cap·

339 3319 452 3387 cedere
481 3341 493 3394 ,·
525 3321 597 3392 quia
632 3332 757 3380 mortuo
800 3312 1025 3381 usustuiluario
1058 3315 1113 3379 ille
1149 3314 1217 3377 lices
1244 3337 1273 3393 ᾳ
1294 3315 1332 3379 de
1350 3314 1511 3395 sepulturis
1528 3318 1560 3380 iii
1588 3320 1619 3380 6.
1641 3314 1696 3380 nisi
1725 3335 1833 3382 tamen
1858 3333 1922 3376 ma·

339 3398 411 3465 usus
461 3398 559 3463 reddit
598 3396 636 3460 ad
687 3396 922 3472 proprietarium
961 3394 1055 3459 libere
1091 3395 1111 3458 l.
1151 3392 1220 3457 litia
1244 3395 1380 3473 suppleat
1404 3416 1535 3462 aetatem
1564 3420 1574 3475 i
1613 3403 1683 3474 quia
1709 3399 1743 3460 in
1771 3397 1828 3461 tali
1855 3388 1923 3458 casu

338 3479 556 3567 surreptionem
574 3472 757 3566 ususfruisui
775 3480 823 3538 16.
843 3476 913 3541 Crd.
939 3476 976 3540 de
990 3473 1114 3557 usufru·
1150 3470 1244 3548 posset
1268 3489 1303 3538 ut
1330 3475 1503 3554 Lavurius,
1523 3475 1654 3544 barbosa
1675 3478 1694 3540 s.
1712 3496 1741 3538 a.
1766 3473 1846 3540 sutis
1868 3473 1924 3535 Ec·

339 3566 409 3640 liii,
427 3559 461 3626 dt
486 3557 675 3623 habitarunt.
703 3557 783 3620 item
806 3554 950 3621 Redintes
970 3553 1112 3620 Ecclesiae
1147 3550 1302 3619 clesiassici
1331 3554 1467 3637 uiir'uerfi
1491 3574 1554 3638 cap.
1573 3576 1619 3621 ro.
1655 3582 1685 3623 ii.
1706 3576 1756 3639 ap.
1778 3558 1838 3621 Pto
1867 3557 1923 3615 im·

339 3647 393 3707 seu
424 3640 593 3720 Regularcs
624 3636 727 3702 caufl'a
750 3633 940 3702 necessitatis
976 3638 1113 3701 interve·
1150 3633 1262 3709 pubere
1296 3653 1401 3701 autem
1428 3684 1440 3717 ,
1475 3641 1526 3714 qui
1555 3640 1665 3714 nequit
1700 3634 1754 3701 sibi
1785 3633 1924 3713 sepultii·

339 3727 450 3787 niente
468 3724 501 3783 in
527 3717 670 3796 sepulcris
698 3731 882 3794 patronatus
911 3716 1046 3793 aliquem
1070 3714 1113 3780 se·
1149 3733 1215 3778 ram
1241 3712 1374 3795 eligere,
1393 3716 1491 3794 potesl
1528 3719 1619 3783 Pater
1652 3717 1736 3783 illam
1774 3720 1802 3781 ei
1833 3715 1924 3793 elige·

339 3801 436 3879 pelice
465 3800 614 3879 possunt.
651 3796 700 3861 lta
728 3798 905 3875 Lavoriua,
936 3794 1113 3879 &flssbbas
1150 3813 1209 3870 re,
1244 3796 1409 3862 dummodo
1442 3814 1546 3862 tamen
1572 3797 1643 3863 iasii
1682 3794 1760 3863 adst
1798 3792 1924 3862 consue·

339 3903 411 3947 cum
450 3882 544 3945 aliis.
581 3876 753 3941 Necessitas
790 3879 874 3941 enim
911 3877 1032 3941 licitum
1068 3872 1113 3941 sa·
1150 3875 1227 3939 tudo
1256 3893 1292 3940 ut
1315 3898 1354 3941 eit
1385 3878 1439 3943 cit.
1458 3877 1623 3957 capistri.
1653 3879 1740 3943 Nam
1766 3876 1819 3943 ubi
1851 3873 1922 3939 talis

338 3966 384 4028 cit
414 3961 494 4041 quod
522 3960 711 4035 ceteroquin
739 3959 773 4020 in
799 3957 862 4039 lege
891 3976 955 4023 nori
979 3953 1023 4021 est
1045 3956 1113 4022 sici·
1149 3974 1213 4017 non
1248 3960 1335 4035 viget
1374 3952 1566 4025 consuetudo
1591 3962 1700 4036 nequit
1738 3958 1833 4023 Pater
1870 3972 1923 4032 pro

339 4062 425 4107 tum,
758 4058 781 4097 ·.
940 4092 945 4099 .
1149 4032 1214 4099 filio
1240 4032 1295 4100 suo
1323 4036 1470 4113 impuberi
1498 4036 1688 4117 sepulturam
1718 4038 1834 4117 eligere
1857 4086 1865 4114 ‚
1888 4048 1922 4096 ut

342 4152 346 4157 ·
375 4118 511 4199 Qiolii
531 4118 658 4185 Patroni
686 4117 827 4184 recusent
857 4119 991 4193 recipere
1008 4120 1040 4181 in
1057 4115 1112 4181 suo
1148 4135 1188 4179 ert
1215 4114 1324 4180 eodem
1354 4119 1409 4183 cit.
1430 4139 1498 4194 cap.
1520 4120 1553 4182 in
1587 4138 1647 4197 quo
1683 4118 1751 4185 sic:
1793 4122 1857 4183 Hac
1881 4126 1923 4200 νὴ

337 4200 474 4281 sepulcro
496 4218 593 4279 euin,
619 4202 670 4276 qui
702 4199 776 4264 illud
800 4204 831 4263 in
857 4196 1042 4275 sepulturam
1058 4197 1111 4262 sibi
1148 4216 1214 4260 meir
1255 4218 1310 4260 irari
1340 4198 1425 4277 potest
1457 4195 1510 4261 udi'
1535 4198 1717 4278 consuetudo
1756 4192 1923 4279 huiusmodt

336 4284 498 4363 elegerat,
517 4282 659 4347 censetur
683 4278 827 4343 decedere
851 4299 914 4342 non
942 4276 1020 4344 sadla
1048 4279 1112 4341 cle·
1148 4298 1205 4340 iiiii
1232 4275 1386 4354 hebetum
1414 4275 1448 4344 dt
1471 4275 1512 4343 sic
1542 4297 1629 4345 tenet
1656 4279 1792 4347 Barbula
1824 4286 1857 4343 iti
1883 4275 1924 4337 di·

336 4362 465 4443 dlione3
497 4360 668 4426 cumidem
694 4356 731 4425 sr't
758 4378 819 4425 non
840 4358 962 4431 aliquod
985 4356 1047 4424 esse
1067 4357 1112 4422 sa·
1147 4354 1196 4421 stu
1218 4376 1284 4435 cap.
1313 4358 1381 4423 lices
1412 4381 1441 4437 4
1462 4359 1500 4422 de
1523 4360 1685 4439 sepulwri's
1716 4381 1748 4425 n.
1769 4383 1797 4441 5.
1828 4360 1864 4427 ἃ
1887 4352 1924 4419 sic

334 4442 445 4523 dium,
472 4464 507 4507 ac
537 4442 665 4505 uiilsiter
690 4439 803 4504 salium
834 4440 853 4500 s.
880 4438 912 4502 Si
936 4436 970 4517 se
990 4437 1111 4506 murb-
1148 4439 1244 4503 etiam
1269 4438 1441 4503 declaravit
1469 4439 1498 4501 S.
1522 4439 1642 4521 Congre
1662 4440 1865 4509 atioConcis.
1895 4439 1926 4500 iu

336 4522 411 4591 sulit
439 4544 468 4603 5.
492 4530 518 4590 s.
541 4525 571 4585 6.
592 4518 625 4586 ss.
644 4521 681 4587 de
710 4541 742 4587 re
761 4517 937 4583 iudiciaria.
1148 4517 1283 4583 Placent.
1309 4538 1357 4600 27·
1395 4519 1481 4583 Nov.
1510 4523 1600 4600 1646.
1657 4541 1747 4589 etum
1775 4542 1840 4589 non

375 4600 447 4667 Filii
477 4600 623 4667 Familias
639 4600 763 4680 quando
784 4596 853 4663 sunt
881 4598 923 4666 sui
944 4601 1041 4679 iuris,
1065 4619 1112 4669 et·
1147 4597 1219 4663 sunt
1246 4598 1314 4663 DD.
1347 4597 1401 4663 insi
1423 4602 1471 4664 nis
1507 4619 1591 4667 notoe
1612 4599 1810 4671 .-suslinenter
1840 4598 1926 4666 nodie

337 4685 400 4747 iarn
431 4682 494 4748 sine
530 4685 626 4761 patris
659 4678 804 4747 c'onsens'u
838 4678 1026 4758 sepulturam
1058 4682 1108 4747 sibi
1147 4680 1359 4759 generaliter,
1460 4681 1546 4747 nulla
1582 4699 1709 4749 attenta
1731 4677 1925 4749 consuetudi·

336 4766 449 4844 eligere
483 4764 606 4841 possunt
638 4761 673 4827 dt
702 4761 747 4826 est
775 4764 943 4826 communis
982 4784 1021 4825 ex
1046 4782 1107 4843 cap.
1148 4780 1187 4823 ne
1220 4764 1354 4838 pennitti
1382 4763 1523 4827 Patribus
1548 4758 1604 4827 suo
1623 4760 1690 4828 sisio
1711 4764 1859 4845 impuberi
1884 4763 1926 4829 se·

196 4890 208 4909 .
335 4863 519 4925 unaqueque
562 4856 591 4922 3.
632 4849 659 4907 s.
694 4858 722 4920 3.
756 4840 883 4919 exemplo
923 4843 1018 4921 causi.
1060 4860 1107 4924 13.
1148 4840 1304 4919 pulruraui
1329 4843 1440 4921 eligere
1468 4844 1500 4905 in
1527 4844 1638 4921 quavis
1673 4844 1833 4923 Ecclesia,
1858 4846 1927 4912 nus·

334 4941 395 5003 cap.
416 4925 467 4993 bor
486 4922 597 5005 instiiu.
620 4940 647 4986 ι.
670 4922 900 5003 dejepulsuris.
927 4923 1010 4990 Nam
1032 4946 1109 5004 quo·
1149 4923 1180 4991 la
1212 4938 1344 5002 excepta
1373 4925 1471 4992 etiam
1505 4922 1730 5002 Regulariuni.
1773 4928 1930 5081 Siliosw'

1325 5056 1329 5063 -
1591 5058 1594 5065 .
1726 5058 1729 5063 -
1759 5056 1761 5061 -
1869 5031 1887 5075 a
