4425 6000
459 522 531 596 108
689 515 898 590 Threi.
932 533 1000 592 nr:
1036 510 1714 596 lurusrt‘rri&c.cn.11.

446 644 472 699 5.
506 615 617 683 Talem
641 616 853 696 praelationem
885 617 1045 680 anterioris
1075 616 1093 679 h
1120 637 1173 693 po-
1209 637 1272 680 rem
1293 617 1405 682 habent
1426 618 1632 700 hypothecam
1652 621 1789 685 locator
1808 620 1906 698 quoad
1926 619 1975 685 in·

404 700 504 766 thecae
529 694 622 760 habet
652 706 779 773 pecunia
809 710 951 761 mutuata
981 715 1089 773 prove
1129 716 1171 759 rra
1210 698 1295 761 vesta
1323 718 1358 761 ac
1381 698 1466 762 illata
1499 698 1621 762 mobilia
1640 698 1719 763 bona
1747 723 1764 763 a
1791 700 1974 765 condiidore

404 781 553 843 mercium
569 775 603 841 ἀ
622 775 820 842 εοηάιιᾶἰοοε
844 776 973 851 aedium,
997 796 1050 852 pro
1065 794 1173 851 eorum
1210 780 1242 840 in
1264 777 1386 841 domum
1405 778 1582 841 condudlam
1608 774 1743 843 absolute
1770 781 1974 856 praeferendus

404 857 641 925 conservatione
660 856 713 922 vel
731 876 784 932 pro
803 852 1024 919 consimilione
1042 855 1093 918 vel
1108 873 1173 917 em·
1209 856 1251 919 esi
1262 854 1466 933 propensione
1485 877 1660 922 conventa.
1683 858 1766 922 Nam
1782 863 1918 926 Locator
1934 879 1977 923 cx

367 996 369 999 ⁴
403 941 511 1017 ptione
530 938 655 1015 domus,
677 938 765 1014 agri,
789 931 839 998 seu
870 935 997 999 alterius
1027 935 1174 1012 rei,cum
1209 934 1331 1012 speciali
1369 938 1533 1014 privilegio
1560 939 1737 1001 locationis
1768 941 1883 1004 dicitur
1922 958 1976 1014 pro

404 1014 492 1095 pasto
513 1018 651 1093 expresso
676 1014 754 1091 quod
784 1015 853 1077 talis
883 1014 1013 1089 domus,
1039 1034 1143 1091 agrum
1165 1060 1174 1090 ,
1211 1015 1352 1092 pensione
1371 1035 1528 1081 conventa
1546 1016 1694 1096 possidere
1710 1017 1834 1083 inveda
1852 1068 1860 1096 ,
1876 1015 1912 1083 ἀ
1941 1017 1976 1079 il·

404 1113 459 1162 aut
479 1097 538 1160 alia
555 1115 603 1159 res
619 1110 787 1159 remaneret
811 1092 860 1155 fibi
882 1093 1087 1177 hypothecata
1110 1092 1172 1157 s&
1211 1096 1276 1159 lata
1295 1099 1327 1157 in
1349 1096 1473 1159 domum
1495 1094 1578 1159 suam
1594 1119 1613 1159 a
1628 1096 1809 1162 conduilote
1829 1099 1852 1160 l.
1871 1092 1976 1178 Poffrs·

400 1180 488 1241 ratio
513 1178 620 1253 prioris
648 1172 691 1238 eil
719 1176 792 1250 quia
820 1171 891 1249 ipsae
916 1194 1032 1238 merces
1047 1191 1173 1236 manent
1203 1177 1244 1258 fio
1262 1196 1288 1238 1.
1309 1181 1334 1240 s.
1353 1194 1401 1239 21.
1422 1172 1454 1237 ff.
1471 1177 1507 1240 de
1525 1176 1701 1252 acquirenda
1718 1177 1854 1256 poffrffio.
1873 1178 1978 1241 Deiu·

406 1254 622 1335 hypothecatae
653 1254 809 1317 mutuanti
837 1258 1026 1332 pecuniam,
1052 1272 1173 1329 proeo
1211 1274 1243 1318 re
1261 1259 1343 1320 enim
1362 1254 1528 1320 meliorest
1556 1256 1692 1320 conditio
1712 1255 1886 1331 possidentis
1909 1277 1975 1331 car.

405 1356 475 1402 rum
491 1335 649 1410 veslione,
667 1331 700 1399 &
715 1333 991 1397 collocationecum
999 1332 1173 1399 omnimoda
1210 1333 1258 1399 Ad
1277 1355 1363 1397 aures
1383 1337 1413 1395 6.
1435 1336 1472 1400 dr
1483 1333 1642 1415 praescripr.
1665 1334 1698 1401 ἅ
1719 1336 1738 1398 l.
1755 1342 1794 1400 In
1812 1339 1880 1415 pari
1895 1333 1977 1414 taus·

407 1417 588 1493 praelatione
618 1414 655 1477 ad
684 1411 760 1476 alios
784 1413 958 1477 Creditorcs
990 1414 1174 1492 hpotheca·
1205 1413 1302 1493 [aaa.
1340 1416 1404 1478 .de
1423 1414 1621 1493 regrediaris.
1963 1424 1970 1436 ‘

406 1492 929 1581 rios.Erratioalteriushabetur
951 1497 981 1556 in
1010 1436 1032 1558 b
1061 1498 1173 1577 Quam·
1252 1515 1297 1556 ιι.
1351 1494 1501 1574 ypotheca
1522 1493 1725 1557 instrumento
1747 1495 1871 1570 publico
1894 1516 1978 1560 com·

407 1578 459 1639 vir
481 1594 527 1652 17.
545 1574 611 1638 sod.
633 1572 670 1635 dr
683 1569 866 1651 pignoribus,
889 1572 971 1637 &in
995 1576 1016 1637 l.
1039 1574 1123 1639 Licet
1142 1592 1170 1653 7.
1211 1575 1336 1651 probata
1356 1577 1607 1637 anterioritarem
1624 1572 1732 1652 babet,
1754 1573 1804 1639 seu
1822 1576 1980 1652 praelatio·

407 1655 471 1722 sed.
490 1655 542 1731 qui
557 1653 679 1732 potiores
701 1651 732 1713 in
749 1651 886 1730 pignore.
1210 1675 1279 1719 nem
1306 1653 1487 1733 hypothecas
1514 1658 1636 1731 privata
1655 1652 1804 1729 scriptura
1831 1651 1977 1727 consedlaev

446 1737 473 1796 6.
485 1735 529 1797 Ex
550 1732 606 1796 tali
627 1730 787 1808 privilegio
808 1733 1033 1797 anterioritatir
1045 1734 1111 1798 aliis
1120 1731 1173 1813 hy·
1210 1754 1247 1798 eo
1267 1734 1345 1808 quod
1361 1737 1393 1796 in
1413 1736 1542 1809 privatis
1562 1730 1746 1806 suspiciost
1768 1731 1897 1809 fraudis,
1916 1746 1978 1809 qua

406 1816 541 1900 pothecis
561 1809 704 1876 solvenda
720 1807 762 1873 esl
785 1813 912 1886 pecunia
927 1812 999 1877 data
1021 1833 1039 1877 a
1069 1811 1174 1875 Tuto·
1211 1812 1338 1886 seclusa,
1361 1814 1445 1876 nulla
1459 1815 1539 1876 inter
1556 1810 1743 1877 bascedatur
1761 1814 1913 1889 praelatio,
1926 1811 1975 1875 sed

405 1911 440 1961 re
466 1894 589 1956 nomine
615 1888 722 1967 Popilli
745 1888 905 1966 impuberis
928 1891 964 1953 ad
989 1895 1174 1968 emptionem
1209 1914 1279 1970 quae
1297 1889 1391 1956 suerit
1413 1895 1493 1969 prior
1513 1896 1543 1955 in
1568 1910 1704 1969 tempore
1723 1894 1784 1955 erit
1809 1895 1913 1969 potior
1945 1893 1978 1954 in

401 1972 511 2053 ‚predii
531 2019 539 2047 ,
562 1970 688 2044 domus,
707 1968 738 2030 br
761 1965 948 2047 huiusmodi,
968 1968 1085 2035 etiamsi
1112 1990 1172 2034 non
1211 1977 1292 2035 iure.
1315 1972 1427 2050 Excipe
1443 1989 1548 2038 tamen
1574 1970 1725 2048 siprivata
1738 1969 1888 2049 scriptura
1908 1967 1977 2036 sub·

407 2052 579 2145 paciscatur
608 2051 638 2114 in
669 2047 840 2128 hypotheca
866 2072 875 2126 ;
903 2047 937 2116 &
966 2049 1024 2115 hoc
1051 2050 1171 2126 speciali
1211 2051 1318 2126 scripta
1348 2050 1385 2115 sit
1414 2073 1431 2115 a
1461 2051 1556 2115 tribus
1582 2050 1705 2115 testibus
1725 2049 1784 2113 fide
1804 2050 1922 2128 dignis,
1940 2049 1974 2115 ἀ

406 2131 568 2211 privilegio
584 2126 679 2193 slatus
700 2127 854 2205 pupillaris
873 2129 894 2191 l.
914 2129 1086 2209 deniquerst
1105 2130 1172 2209 pff.
1211 2132 1247 2195 ab
1265 2131 1331 2208 ipsis
1351 2130 1605 2195 contrahentibus
1625 2130 1643 2192 i.
1669 2132 1818 2209 Scriptura
1838 2152 1889 2194 ιι.
1910 2130 1975 2196 od

404 2212 459 2293 qui
476 2211 599 2290 potiores
617 2206 650 2272 in
666 2210 803 2288 pignore,
819 2209 869 2272 ubi
881 2205 919 2271 sic
942 2235 952 2271 .·
970 2216 1007 2273 sn
1028 2230 1061 2273 re
1078 2220 1175 2287 empta
1208 2212 1270 2293 Qui
1282 2210 1405 2290 potiores
1425 2210 1457 2273 in
1470 2210 1585 2291 pignore
1600 2207 1756 2273 habentur.

406 2309 462 2373 prr
478 2296 619 2354 Tutorem
653 2289 755 2352 reunia
768 2289 890 2366 pupilli,
903 2289 1060 2371 praefertur
1078 2287 1174 2368 pupil-
1250 2291 1408 2367 Excipitur
1429 2292 1614 2356 acommuni
1633 2292 1736 2360 regula
1754 2288 1928 2378 hypotheca
1939 2310 1978 2354 ex

409 2372 457 2437 lus
484 2304 676 2435 anteriorilrrs
706 2367 906 2433 erediroriius
923 2415 933 2448 ,
954 2388 1103 2446 quatenus
1133 2387 1172 2431 ex
1211 2370 1379 2437 liberali&
1399 2373 1532 2448 gratuita
1553 2366 1765 2447 promissione,
1788 2372 1980 2435 scilicetcre·

407 2455 474 2516 eius
491 2451 619 2527 pecunia
636 2446 672 2511 sit
692 2444 842 2512 solutum.
1210 2452 1293 2514 ditor
1306 2471 1345 2513 ex
1366 2448 1672 2526 contrauugramho
1691 2449 1797 2513 cedere
1812 2448 1900 2513 debet
1912 2452 1979 2514 cui·

448 2550 475 2621 7.
505 2529 544 2591 Vi
567 2528 638 2592 talis
668 2526 820 2604 privilegii
851 2523 1056 2603 praefereadus
1084 2526 1126 2592 esl
1144 2529 1174 2589 in
1210 2550 1337 2605 cumque
1352 2530 1510 2603 creditori,
1529 2532 1578 2604 qui
1602 2528 1690 2593 habet
1712 2528 1919 2611 hypothecam
1939 2548 1979 2593 ex

406 2608 555 2675 solutione
575 2610 753 2683 cuicumque
775 2611 920 2699 anteriori
935 2607 1088 2673 Creditori
1116 2607 1174 2686 by·
1209 2606 1536 2684 'contraditoncrosm
1559 2611 1631 2684 quia
1655 2629 1722 2684 quae
1753 2608 1905 2671 debentur
1939 2629 1977 2672 ea

407 2690 586 2766 po'tbecario
609 2689 660 2763 qui
691 2706 848 2761 pecuniam
875 2685 958 2750 dedit
986 2708 1040 2763 pro
1073 2687 1173 2752 caussa
1210 2689 1368 2753 contrado
1386 2685 1538 2765 oneroso,
1560 2706 1596 2751 ut
1627 2690 1686 2750 iam
1712 2688 1840 2750 diximus
1862 2688 1975 2753 liabent

406 2771 526 2835 militias
556 2764 629 2829 idest
649 2769 713 2843 'pro
731 2763 951 2831 sustentatione
978 2770 1010 2829 in
1040 2766 1144 2831 caslris
1166 2813 1175 2843 ,
1210 2768 1421 2845 praelationem
1440 2767 1547 2832 debitis
1566 2789 1605 2833 eat
1621 2766 1778 2835 contrado
1798 2771 1968 2845 gratuito:

406 2871 461 2926 pro
481 2850 636 2927 emptione
656 2866 827 2925 armorum,
848 2848 936 2923 equi,
956 2844 1017 2913 &e
1039 2845 1175 2911 reserva·
1209 2846 1248 2913 src
1267 2847 1417 2912 Salmatic.
1439 2848 1473 2912 ὃ(
1490 2849 1559 2910 alii.

407 2948 440 2994 ta
470 2927 521 2992 srbi
547 2947 599 3005 per
626 2925 862 2990 instrumentum
892 2923 1016 2989 tellibus
1048 2924 1174 2992 subscri·
1201 2976 1203 2979 .
1247 2926 1442 2992 Generaliter
1463 2926 1610 3005 loquendo
1632 2928 1761 3003 solutio,
1780 2923 1830 2991 seu
1859 2924 1980 2990 reslitu·

406 3009 527 3088 ptumh
553 3005 733 3083 potbecam.
754 3005 890 3077 Novella
909 3027 975 3082 cap.
987 3025 1036 3088 97.
1209 3010 1256 3072 tio
1276 3006 1416 3074 facienda
1436 3005 1479 3070 est
1501 3011 1580 3084 prius
1597 3006 1805 3073 Creditoribus
1831 3007 1847 3069 li
1915 3008 1980 3072 the·

449 3089 476 3152 8.
509 3030 589 3150 1me
621 3085 813 3178 privilegium
849 3086 1034 3160 praelationis
1061 3086 1174 3152 habent
1209 3091 1299 3151 cariis
1319 3091 1458 3160 quamvis
1474 3085 1818 3167 posterioribus,quam
1868 3087 1978 3153 redito·

411 3168 595 3262 hypothecae
622 3163 728 3242 Fisei,
756 3185 825 3226 nam
857 3167 905 3252 qni
933 3165 1175 3231 ‘contrahitcnm
1211 3167 1289 3232 ribus
1309 3166 1584 3246 chirographariis.

354 3320 362 3329 κ
405 3250 492 3313 Fisco
518 3245 631 3323 obligat
661 3245 764 3306 omnia
790 3243 867 3307 bona
897 3239 946 3308 sua
974 3266 1028 3325 per
1052 3247 1174 3310 modum
1281 3260 1283 3264 ‘

366 3328 373 3334 ”
406 3327 586 3410 hypothecae
607 3345 677 3388 cum
694 3323 855 3400 privilegio
873 3325 1062 3400 praelationis
1088 3327 1175 3390 huiu·
1450 3335 1477 3395 9.
1517 3328 1741 3392 xxv111.

334 3413 343 3435 ¹
406 3408 454 3472 sce
474 3404 565 3470 debiti
586 3406 684 3467 cuivis
705 3405 798 3480 priori
814 3403 966 3468 Creditori
990 3404 1177 3490 habentihy·

402 3487 567 3564 emiseram
586 3479 739 3558 tacitam,
755 3503 816 3546 non
833 3503 908 3548 vero
926 3486 1093 3562 expressam
1110 3485 1128 3548 l.
1143 3486 1176 3552 sr'

405 3567 520 3646 hirqui
541 3573 566 3630 §.
589 3564 624 3627 de
646 3562 715 3627 Iure
736 3559 829 3626 Fisci.

445 3667 472 3727 9.
505 3649 588 3711 Ante
616 3664 721 3709 omnes
750 3643 924 3708 Creditores
953 3644 1097 3710 habentes
1118 3645 1175 3729 hy·
1251 3638 1317 3703 Post
1342 3641 1517 3707 creditores
1546 3642 1785 3723 hypothecarios
1802 3641 1984 3710 solvendum

407 3728 571 3808 pothecam
587 3728 716 3788 tacitam
740 3729 769 3784 in
788 3722 875 3787 bonis
892 3727 1012 3798 mariti,
1035 3726 1123 3790 lixor
1140 3748 1175 3789 ac
1211 3716 1263 3783 seu
1283 3719 1503 3785 restituendum
1523 3721 1564 3785 cll
1582 3727 1663 3799 prius
1686 3720 1898 3787 Creditoribus
1921 3722 1987 3786 cbi-

405 3808 461 3873 silii
483 3810 547 3870 eius
569 3804 678 3868 habent
702 3803 893 3881 privilegium
919 3822 953 3867 ut
983 3807 1035 3868 dos
1067 3808 1174 3884 praela·
1209 3800 1431 3878 rographariis,
1451 3798 1500 3864 seu
1531 3801 1736 3886 personalibus
1765 3803 1987 3882 privilegiatis,

407 3877 527 3951 tionem'
550 3884 681 3964 gaudeat
714 3888 743 3944 in
775 3878 951 3946 solutione.
985 3884 1071 3950 Bona
1090 3890 1174 3948 enim
1210 3902 1299 3955 quam
1321 3880 1522 3946 creditoribus
1543 3903 1605 3946 non
1627 3883 1831 3961 privilegiatis
1854 3882 1988 3946 scurrie-

406 3968 507 4030 rirariti
538 3968 581 4028 ita
610 3961 679 4026 sunt
704 3961 838 4040 obligata
860 3966 950 4024 uxori
976 3962 1036 4028 suae
1053 3967 1175 4040 eiusque
1211 3979 1244 4023 re
1276 3959 1510 4037 pecinnalibus.
1542 3962 1715 4025 Creditores
1745 3961 1990 4042 chirographarii
2009 4008 2016 4024 .-

406 4047 477 4110 liliis
495 4041 743 4108 descendentibus
764 4063 802 4104 ex
827 4041 932 4104 eodem
958 4047 1174 4122 matrimonio,
1210 4039 1261 4103 seu
1279 4039 1449 4117 personales
1472 4040 1500 4102 hi
1518 4040 1609 4119 sunt,
1627 4040 1734 4118 quibus
1754 4058 1789 4105 ut
1807 4045 1868 4104 iam
1889 4058 1990 4105 autea

406 4146 443 4192 ut
473 4123 546 4187 diila
574 4122 664 4185 Uxor
697 4172 705 4198 ‚
734 4121 860 4196 didique
889 4125 952 4184 eius
980 4122 1035 4185 lilii
1071 4121 1173 4200 prese·
1209 4123 1392 4185 notavimus
1407 4139 1470 4182 non
1490 4121 1833 4202 immediareohligatae
1855 4121 1926 4185 sunt
1941 4139 1992 4184 res

405 4222 516 4272 rantur
540 4202 752 4265 Creditoribus
780 4200 961 4262 habentibus
988 4207 1174 4267 anteriorem
1210 4200 1384 4264 debitorum
1416 4203 1447 4260 in
1476 4220 1614 4278 genere,
1649 4201 1697 4264 vel
1732 4205 1764 4264 in
1794 4201 1892 4277 specie
1914 4196 1993 4276 ,sed

407 4290 540 4352 tacitam
561 4281 784 4367 hypothecamr
806 4281 872 4343 dico
894 4283 1013 4344 tacitam
1034 4303 1097 4346 oon
1119 4304 1173 4347 ve·
1209 4279 1299 4358 ipsius
1321 4279 1446 4354 persona
1462 4327 1470 4356 ,
1486 4279 1519 4342 &
1535 4300 1573 4343 ex
1594 4281 1651 4344 hoc
1673 4279 1843 4357 personales
1874 4300 1994 4344 vocan-

404 4387 442 4431 ro
457 4365 649 4437 anteriorem„
659 4359 859 4438 hypothecam
883 4363 1067 4436 expressam.
1091 4361 1175 4427 Inter
1212 4380 1290 4424 tur.
1316 4361 1363 4423 Ex
1383 4358 1428 4422 bis
1456 4377 1560 4423 autem
1588 4360 1640 4421 alii
1665 4364 1735 4424 sunt
1762 4360 1993 4438 privilegiari,

405 4439 712 4516 fiscamnum&
735 4437 1097 4506 Uxoremnonhabetur
1124 4445 1175 4506 do·
1209 4442 1260 4504 alii
1285 4461 1346 4503 non
1363 4437 1549 4516 privilegiati
1586 4439 1632 4502 Sit
1653 4441 1751 4516 igitur
1850 4450 1854 4457 '

404 4528 448 4590 tis
470 4523 637 4601 praelario,
661 4516 709 4582 sed
738 4521 819 4582 inter
849 4537 1011 4596 utrumque
1036 4517 1176 4586 servatur
1253 4520 1336 4583 inter
1352 4518 1526 4581 Creditores
1545 4518 1825 4598 chirographarios,
1845 4517 1896 4582 seu
1922 4521 2013 4596 per-¹·

404 4605 480 4669 ordo
503 4604 627 4679 prioris,
646 4598 679 4663 ἀ
698 4597 865 4674 posterioris
892 4604 1055 4676 temporis,
1080 4619 1175 4666 uteri
1211 4600 1326 4664 sonales
1348 4599 1560 4678 privilegiatos
1590 4597 1786 4663 recensentur
1819 4621 1847 4664 1.
1872 4596 1996 4676 Respu-

405 4688 425 4749 l.
452 4693 593 4762 quamvis
618 4700 646 4741 a.
675 4679 743 4744 sod.
778 4680 812 4741 dr
843 4678 1004 4757 privilegio
1027 4677 1174 4743 Fisci.1n
1213 4679 1292 4743 blica
1313 4678 1462 4743 creditrix
1483 4701 1499 4755 ς,
1518 4677 1669 4743 creditum
1698 4684 1781 4741 enim
1798 4680 1996 4756 Reipublicn

405 4762 497 4827 dubio
522 4780 628 4826 tamen
657 4764 723 4835 quis
749 4755 842 4821 fuerit
873 4762 978 4837 prior,
1007 4760 1116 4822 mulier
1132 4759 1174 4822 est
1213 4755 1373 4837 praesertur
1402 4758 1542 4821 omnibus
1568 4759 1640 4820 aliis
1663 4762 1792 4832 privatis
1810 4779 1871 4824 non
1889 4760 2010 4842 hyponr

405 4840 622 4920 preferenda,
649 4857 682 4902 ut
708 4838 867 4915 colligitur
883 4857 923 4899 ex
940 4837 959 4901 l.
980 4838 1014 4901 in
1029 4835 1172 4917 ambiguis
1210 4839 1357 4902 thecariis
1380 4863 1390 4900 .·
1410 4839 1431 4899 i.
1448 4840 1540 4901 Bonis
1570 4837 1705 4915 veridiiir
1728 4840 1761 4918 ff
1790 4840 1827 4901 de
1851 4843 1994 4920 privileg.

405 4926 443 4985 de
459 4920 570 5005 regulis
587 4922 659 4984 iuris
676 4908 744 4985 isin
764 4913 907 5007 ambiguis
924 4922 950 4982 i.
972 4917 1008 4981 dr
1027 4919 1092 4983 iare
1102 4938 1175 4998 gen·
1210 4920 1344 4985 creditor.
1366 4938 1396 4979 2.
1408 4919 1526 4995 'Sponsa
1546 4918 1586 4979 de
1603 4914 1710 5003 futuro
1727 4924 1927 5006 matrimonio
1936 4940 1997 4996 pro

407 5003 499 5067 rium.
1212 5002 1397 5076 repetitione
1418 4997 1498 5063 dotis
1521 4997 1644 5060 traditae
1664 4999 1790 5076 sponso,
1813 5020 1874 5063 non
1889 4999 1996 5066 secuto

449 5101 494 5149 ιο.
522 5081 609 5147 Inter
635 5080 711 5146 alios
737 5077 929 5154 creditores,
958 5079 1008 5157 qui
1035 5077 1175 5144 anterio·
1210 5080 1409 5147 matrimonio
1433 5077 1454 5140 l.
1474 5078 1637 5157 perficam
1670 5095 1715 5156 ¹7·
1742 5085 1773 5144 s.
1808 5077 1929 5172 Sponsa·
1958 5076 1998 5149 rr

959 5181 962 5192 '
1875 5178 1945 5242 ert.-

1249 3448 1292 3508 De
1307 3440 1503 3509 Creditoribus
1517 3443 1712 3525 personalibus
1726 3445 1943 3527 privilegialis,

1417 3523 1458 3592 Φ·
1478 3548 1532 3589 non
1545 3526 1761 3607 privilegiatis„
