4425 6000
301 527 307 543 '
428 503 603 617 >r98'
722 417 1635 612 κὤοταιε(Ζοιιι·ιιιιιιτ.(ἶιιι.Ν.
1749 556 1757 566 -

419 645 423 653 ·
455 619 543 683 Nota
559 634 587 678 a.
614 612 733 681 nullum
759 613 849 677 dubio
875 614 936 677 elle
966 614 1069 678 locum
1089 610 1178 676 hosce
1217 633 1290 693 ter,
1310 618 1360 678 leu
1381 616 1563 693 generaliter
1582 612 1604 678 si
1620 613 1657 680 stt
1677 613 1830 694 famulus,
1855 617 1906 682 eui
1933 640 1982 684 re·

418 713 625 778 proxenetas,
649 696 700 771 qui
725 689 811 780 supra
838 690 948 757 iustum
970 697 1104 771 pretium
1131 711 1178 755 res
1215 691 1377 772 spondetur
1397 714 1415 758 a
1441 693 1565 760 domino
1583 714 1667 761 terta
1690 716 1832 775 mrcet,
1860 700 1900 761 de
1922 719 1981 775 qua

418 778 558 852 endunt
572 823 582 854 ,
596 775 741 840 obnoxios
757 776 817 837 elle
842 771 1027 837 restitutioni
1044 770 1179 837 excessua
1215 778 1277 839 iarn
1304 793 1546 851 convenerunt,·
1567 795 1628 839 non
1655 777 1750 840 etiam
1775 775 1796 838 sr
1817 776 1846 840 se
1870 773 1981 854 sponte

419 860 508 939 pretii
526 904 535 933 ,
551 875 613 918 non
633 854 759 917 domino‘
777 852 930 930 illorum,
953 852 1002 915 sed
1022 854 1182 931 emptori,
1216 854 1362 921 obtulerit
1384 902 1392 930 ,
1420 869 1457 917 ut
1485 870 1630 931 tanquam
1660 860 1773 921 amicus
1802 856 1918 933 aliquid
1950 860 1980 922 el

420 939 492 1014 quia
512 935 602 1014 huic,
623 954 684 997 non
704 932 828 996 domino
845 934 957 996 iniuria
982 931 1071 996 illata
1098 928 1183 1007 suit,
1217 952 1351 1011 emeret,
1370 933 1422 997 vel
1440 933 1612 1009 venderet‚·
1628 954 1690 1000 non
1706 935 1985 1012 deniquequiado·

364 1067 366 1071 Α
421 1020 452 1082 ei
474 1016 541 1095 plur
560 1018 650 1093 pretii
667 1009 855 1089 surripiendo
873 1057 883 1089 ,
902 1032 994 1089 quam
1009 1032 1049 1076 ex
1064 1009 1182 1075 iuslitia
1218 1019 1318 1079 minus
1342 1016 1371 1077 ei
1398 1014 1530 1090 pretium
1550 1013 1606 1079 hoc
1624 1013 1760 1092 expresse
1779 1063 1788 1092 ,
1809 1017 1861 1080 vel
1889 1018 1985 1081 tacite

421 1094 601 1171 respondere
617 1092 795 1159 tenebatur.
1219 1091 1433 1173 assignaverit,
1453 1095 1526 1173 quia
1544 1091 1683 1158 dominus
1703 1095 1897 1170 prescribens
1918 1116 1986 1173 pre-

196 1208 199 1212 ·
252 1175 395 1249 *ando
465 1176 551 1239 Nota
570 1188 599 1253 3.
620 1171 726 1249 quodsi
749 1191 796 1235 ree
815 1170 979 1236 meliorata
998 1167 1057 1235 suit
1077 1189 1184 1235 eorum
1220 1178 1299 1239 tium
1315 1170 1376 1237 suae
1398 1175 1461 1250 rei,
1481 1170 1577 1236 solum
1593 1174 1727 1239 intendit
1743 1178 1986 1240 neminutven·

262 1245 587 1331 Quum,
605 1252 639 1318 dt
658 1250 697 1316 ob
717 1249 747 1313 id
766 1252 820 1316 alti
860 1252 995 1352 ipretio
1021 1270 1089 1314 eam
1108 1270 1184 1316 ven·
1219 1254 1330 1329 datur,
1351 1271 1412 1314 non
1436 1271 1511 1315 vero
1535 1272 1573 1316 ne
1598 1254 1690 1329 pluris
1717 1252 1837 1318 srioste
1868 1253 1983 1330 poffit.

286 1309 406 1420 }{,{’,‘,¹,'‘
423 1337 500 1402 dant
520 1354 613 1415 quam
633 1351 652 1395 a
675 1331 800 1395 domino
854 1333 878 1394 it
900 1329 1129 1410 praescriptum,
1149 1328 1185 1390 il·
1220 1332 1300 1398 ltem
1315 1347 1419 1396 totum
1436 1334 1481 1394 rei
1496 1330 1609 1395 lullum
1625 1335 1757 1410 pretium
1783 1325 1919 1411 per'tinet
1947 1333 1987 1398 ad

287 1432 400 1497 potunt.
425 1415 476 1480 lud
497 1416 720 1479 incrementum
741 1427 853 1489 utpote
873 1405 934 1482 suae
951 1406 1082 1474 frustum
1101 1411 1186 1499 indu·
1221 1414 1377 1477 domicum
1397 1413 1440 1473 rei
1463 1410 1598 1477 venditae
1619 1459 1627 1490 ,
1648 1412 1728 1477 unde
1742 1413 1819 1477 nihil
1836 1412 1889 1477 sabi
1910 1414 1986 1478 r‘eti·

423 1495 533 1573 litiae,
556 1492 608 1557 srbi
627 1511 767 1571 arrogare
794 1491 915 1567 possunt
932 1538 941 1567 ,
959 1510 1008 1554 ex.
1028 1510 1071 1566 gr.
1092 1491 1113 1550 lr
1134 1488 1187 1554 do·
1222 1511 1294 1557 nere
1314 1488 1413 1568 potest
1429 1488 1490 1552 sine
1505 1493 1570 1557 eius
1587 1489 1750 1559 consensu.
1771 1495 1820 1558 Sic
1834 1492 1998 1558 Salmann

420 1580 527 1640 minus
542 1576 749 1637 committeret
766 1590 833 1636 rem
853 1567 937 1633 suam
957 1567 1186 1635 vendendamin
1221 1569 1254 1636 P.
1276 1573 1435 1647 Antoine,
1455 1567 1607 1638 Tournel.
1628 1592 1700 1637 curn
1719 1573 1803 1643 aliia.

424 1654 482 1724 bac
496 1654 657 1732 civitate,
675 1650 710 1719 dt
729 1653 946 1715 internuncius
973 1696 982 1724 ,
1001 1647 1065 1715 sive
1081 1667 1188 1725 proxe-
1263 1652 1330 1737 Nec
1345 1647 1416 1727 qnid
1443 1646 1622 1729 suffragatur
1642 1651 1721 1729 quod
1739 1652 1797 1717 dici
1818 1651 1911 1729 posset
1931 1671 1986 1717 ex·

420 1748 501 1802 ueta
520 1728 597 1797 salla
625 1731 733 1796 morali
757 1728 916 1808 diligentia
940 1748 1003 1793 non
1029 1731 1187 1793 inveniret
1221 1732 1335 1800 cellum
1362 1731 1453 1807 pretii
1481 1726 1612 1794 srutlum
1638 1731 1700 1795 elle
1725 1731 1883 1796 industriae
1907 1748 1986 1799 vene

420 1812 481 1881 -nisr
503 1814 630 1891 viginti,
652 1808 700 1874 sed
721 1812 752 1872 in
769 1809 863 1872 alium
882 1808 984 1874 locum
999 1827 1033 1871 re
1052 1807 1187 1882 transla·
1223 1811 1342 1876 dentis.
1363 1809 1445 1873 Nam
1470 1811 1563 1886 ipsam
1581 1809 1756 1874 industriam
1773 1813 1823 1877 vel
1841 1814 1938 1889 gratie
1956 1812 1987 1873 se

424 1913 462 1961 ta
482 1894 638 1957 inveniret
659 1891 785 1967 triginta
801 1891 814 1968 l
830 1892 912 1953 intra
931 1885 1188 1952 latitudinemiu·
1224 1888 1365 1969 praestare
1378 1887 1538 1966 exhibuit,
1556 1891 1676 1955 &tunc
1693 1888 1743 1954 srbi
1759 1910 1829 1955 earn
1842 1908 1987 1970 compen·

423 1972 462 2037 lli
482 1972 594 2049 pretii)
612 1969 666 2031 illa
675 1968 779 2038 decem
793 1988 861 2043 quae
872 1964 905 2031 su
944 1964 1120 2046 rsunt,s1bi
1143 1985 1187 2029 re·
1224 1969 1288 2035 sare
1311 1971 1440 2046 nequit,
1458 1990 1528 2033 tum
1551 1989 1619 2033 eam
1637 1968 1818 2045 donaverit,
1846 1970 1897 2035 vel
1938 1988 1986 2035 re·

417 2050 552 2118 -servare
580 2046 677 2127 potell
708 2063 817 2124 utpote
845 2044 874 2110 fr
924 2069 974 2110 um
1010 2048 1072 2111 luae
1100 2043 1189 2110 indu·
1225 2053 1271 2116 tio
1291 2049 1426 2126 locrvit,
1444 2046 1478 2113 dt
1501 2065 1577 2113 tunc
1600 2047 1674 2112 nibil
1700 2053 1730 2113 ei
1752 2049 1880 2114 debetur
1899 1989 1983 2116 ubera

426 2128 536 2197 ilriae:
558 2132 675 2193 etenim
699 2126 823 2205 habita,
855 2124 918 2191 slve
945 2124 1096 2203 acquisitas
1118 2123 1188 2189 sunt
1223 2145 1411 2195 conventam
1429 2128 1624 2208 mercedem,
1643 2126 1737 2192 vel-fi
1760 2127 1805 2193 est
1827 2123 1981 2201 sammua,

424 2228 517 2275 extra
534 2207 726 2286 diligentiam
744 2205 794 2268 sibi
816 2204 992 2272 iniuniiarn.
1224 2226 1301 2276 cunc
1320 2208 1358 2274 acl
1381 2227 1451 2271 eam
1475 2225 1601 2272 tenetur
1619 2228 1660 2273 ex
1679 2206 1733 2273 suo
1750 2204 1854 2274 officio
1874 2202 1982 2285 absque

467 2289 553 2354 Nota
573 2310 602 2367 4.
618 2288 697 2364 quod
718 2284 737 2346 sr
754 2284 907 2365 expresse,
927 2286 979 2351 vel
999 2288 1095 2350 tacite
1114 2304 1189 2350 con·
1214 2309 1307 2368 nova
1321 2288 1481 2355 mercede.
1766 2335 1773 2354 .

425 2370 550 2434 veniret
570 2388 640 2432 curn
659 2366 782 2430 domino
810 2365 888 2429 idern
909 2369 1105 2430 interventor
1124 2412 1133 2442 ,
1152 2381 1188 2429 ut
1256 2368 1294 2431 ¹Si
1327 2383 1433 2432 autern
1468 2364 1607 2433 dominus
1630 2368 1741 2452 dixerit
1778 2365 1987 2445 proxeneta,

319 2455 334 2472 ·’
427 2447 482 2513 sibi
499 2441 716 2524 acciperet'ld,
735 2448 768 2508 in
787 2466 848 2522 quo
863 2445 1114 2524 ultrapraefixum
1145 2465 1189 2509 re·
1224 2447 1324 2514 vende
1348 2467 1414 2512 rem
1435 2444 1529 2524 banc,
1552 2465 1625 2525 puta
1650 2448 1774 2522 librum,
1803 2449 1852 2511 vel
1874 2447 1988 2512 veliem

419 2530 509 2593 ¹tium
528 2525 695 2604 venderet,
715 2523 788 2602 illud
813 2523 865 2596 sibi
888 2522 1044 2593 reservare
1065 2545 1104 2603 po
1129 2541 1186 2589 et.
1225 2528 1338 2607 viginti
1364 2525 1541 2605 librirpaut
1566 2530 1676 2606 viginti
1696 2526 1830 2603 duabus,
1852 2549 1922 2613 qupa
1946 2522 1988 2589 el·

426 2604 571 2685 Expresse
590 2606 710 2682 quidem
725 2605 795 2669 talis
810 2609 979 2671 conventio
994 2606 1082 2669 datur
1118 2603 1189 2669 utsr
1225 2607 1293 2672 sent
1318 2609 1448 2688 pretium
1475 2605 1625 2680 medium,
1648 2606 1700 2670 vel
1726 2605 1865 2671 infimum
1883 2657 1892 2688 ,
1913 2626 1989 2668 num

330 2763 342 2778 ,
427 2688 509 2751 dicat
529 2685 687 2765 dominus,
702 2703 766 2749 rem
785 2688 867 2749 tanti
887 2688 1005 2763 vende,
1027 2654 1100 2749 &ss
1125 2684 1189 2759 plus
1226 2686 1320 2765 possit
1336 2702 1522 2764 proxeneta,
1541 2683 1603 2748 srve
1623 2682 1755 2750 samnius
1770 2682 1824 2762 sit,
1845 2685 1911 2750 five
1926 2686 1989 2748 alio

423 2766 618 2845 vendideris,
633 2783 720 2829 tuum
740 2767 817 2828 erit.
836 2764 947 2829 Tacite
967 2786 1044 2830 vero
1062 2786 1133 2828 cum
1152 2784 1190 2827 eo
1215 2768 1318 2843 ,modo
1338 2763 1375 2830 ad
1399 2761 1453 2828 sua
1473 2768 1599 2843 negotia
1619 2785 1636 2829 a
1655 2763 1778 2829 domino
1795 2763 1989 2839 condudiur,

425 2848 592 2912 convenire
611 2845 768 2924 censetur,
783 2841 804 2906 sr
820 2844 960 2909 dominus
976 2846 1042 2921 illi,
1057 2848 1107 2922 qui
1128 2863 1189 2907 non
1226 2848 1290 2912 srve
1316 2850 1454 2922 amicur,
1471 2849 1524 2923 qui
1543 2840 1667 2922 sponte·
1679 2843 1735 2908 nli
1765 2843 1938 2909 venditioni
1960 2842 1989 2905 le

426 2926 474 2989 eli·
495 2925 564 2989 suue
587 2921 748 3002 famulus,
775 2923 985 2990 venditionem
1014 2926 1191 2987 corumitte·
1225 2925 1383 3003 exhibuit,
1401 2922 1453 2989 sibi
1475 2943 1541 2988 rem
1567 2924 1653 2988 illam
1678 2942 1778 3008 emere
1795 2971 1805 3003 ,
1824 2922 1859 2989 ἃ
1884 2919 1987 2987 sic-sa·
2045 2946 2047 2948 ¹

427 3024 499 3084 ret,
519 3006 605 3069 nullo
623 3025 678 3082 pro
694 3005 813 3079 labore,
827 3005 860 3070 dt
877 3004 1021 3070 industria
1043 3004 1191 3084 affignato
1225 3007 1303 3072 iiam
1317 3006 1403 3070 suam
1423 3004 1556 3068 vendere
1572 3005 1638 3068 aliis
1659 3001 1777 3068 summo
1797 3008 1917 3083 pretio,
1936 3000 1986 3065 sibi

429 3086 465 3174 ili
506 3085 601 3162 ndio;
622 3088 691 3161 quia
717 3103 879 3160 reputatur
899 3088 928 3148 ei
953 3088 985 3148 in
1012 3083 1190 3163 stipendium
1227 3104 1446 3169 augumentum
1461 3082 1629 3157 servando,
1649 3081 1735 3160 super
1755 3082 1811 3146 hoc
1832 3103 1894 3148 non
1913 3103 1988 3146 con⁴

429 3184 448 3228 a
473 3167 569 3243 ignari
591 3164 669 3241 quod
696 3164 779 3228 ultra
806 3162 964 3241 prrefixutn
992 3169 1125 3251 pretium
1143 3167 1192 3226 in·
1227 3171 1359 3232 veniunt
1382 3164 1533 3240 theologi.
1557 3159 1672 3229 Leffius
1687 3165 1788 3235 enirn,
1807 3162 1987 3248 Malderus,

430 3247 575 3321 venerit,
597 3241 650 3306 nisr
671 3242 797 3307 excedat
817 3243 871 3306 dili
891 3246 1029 3319 entiam,
1049 3243 1083 3310 dt
1108 3242 1191 3307 labo·
1227 3247 1366 3324 aliique,
1395 3241 1503 3320 quibur
1531 3232 1667 3306 adbaeret
1691 3244 1722 3307 P.
1749 3242 1913 3320 Antoine,
1935 3261 1988 3304 vo·

174 3351 177 3358 ¹
290 3313 403 3393 ’ΨΜ
431 3341 513 3388 rem.
534 3323 626 3401 Dixi,
649 3321 700 3402 qai
720 3345 775 3386 non
794 3324 832 3404 est
874 3345 929 3387 ιιιιι
942 3322 1100 3405 samaim
1120 3343 1191 3386 nam
1228 3327 1322 3402 lunt,
1349 3324 1432 3411 polle
1453 3320 1618 3386 hoc*licite
1640 3320 1705 3385 fieri
1733 3367 1743 3399 ,
1767 3336 1879 3398 utpote
1909 3316 1988 3398 qood

288 3381 454 3496 {ffssssffisl
469 3400 505 3467 srt
526 3402 616 3491 ipsius
636 3399 787 3491 famulus,
807 3421 897 3468 extra
917 3399 1191 3467 omnedubiumesl
1227 3407 1345 3470 nullum
1368 3404 1514 3467 damnum
1542 3399 1652 3466 afferat
1683 3419 1739 3464 nec
1766 3399 1912 3477 domino,
1939 3397 1989 3462 cui

289 3516 393 3559 mn..
430 3503 492 3548 non
514 3484 595 3560 polle
609 3483 721 3559 aliquid
742 3483 794 3546 nbi
814 3485 970 3561 retinere,
991 3485 1192 3561 quantumvis
1228 3479 1439 3566 pretiumase
1463 3478 1623 3559 praefixum
1650 3478 1821 3556 tribuitur,
1840 3499 1898 3546 nec
1919 3477 1987 3543 aliia

290 3569 334 3620 ttn
350 3582 397 3634 aro
429 3565 578 3629 maiorem
607 3562 797 3643 diligentiam
811 3611 821 3642 ,
848 3584 938 3640 quam
964 3566 1071 3642 exigat
1099 3563 1194 3625 dorni·
1228 3562 1335 3642 quibus
1352 3560 1514 3627 vendendo
1527 3559 1643 3624 summo
1659 3561 1777 3642 pretio,
1793 3558 1935 3624 venditio
1950 3554 1987 3620 fit

289 3631 505 3730 d⁰¹²¹¹⁸⁰fnus·,
526 3642 690 3721 adhibeat,
715 3644 785 3720 quia
810 3645 908 3708 minis
929 3646 993 3707 eius
1021 3662 1140 3720 opera,
1159 3640 1193 3709 dt
1230 3649 1312 3708 intra
1335 3643 1448 3707 limites
1479 3643 1568 3717 pretii
1591 3635 1685 3714 iusti,
1715 3659 1750 3703 ac
1778 3632 1849 3702 ideo
1878 3639 1988 3701 licite.

428 3721 602 3789 sollicitudo
629 3721 672 3786 est
697 3721 821 3808 domino
849 3721 973 3800 debita,
1002 3739 1113 3799 utpote
1163 3724 1193 3784 ui
1229 3725 1314 3788 Duas
1337 3742 1440 3788 tamen
1469 3736 1581 3793 notant
1601 3718 1689 3781 iide'rn
1708 3717 1866 3796 Theologi
1885 3715 1989 3780 conli-

428 3806 495 3868 eius
509 3800 690 3868 famulatum
714 3799 899 3880 luscip'iendo
913 3822 1034 3866 ornnem
1050 3742 1196 3868 suumda·
1229 3807 1330 3869 tiones
1346 3804 1455 3878 requiri
1471 3799 1508 3864 ad
1526 3800 1672 3864 iustitiam
1693 3797 1783 3864 huius
1800 3793 1974 3861 contraitur

427 3881 553 3960 borem,
572 3880 790 3948 &industriam
805 3881 901 3945 aldem
910 3881 1079 3947 locaverit.
1096 3880 1194 3945 idern·
1232 3905 1259 3947 1.
1281 3883 1426 3948 videlicet
1450 3878 1528 3957 quod
1548 3879 1718 3955 deputatus
1733 3872 1868 3953 quisquis
1891 3874 1929 3940 sit
1955 3894 1972 3937 a

397 3964 399 3973 '
428 3983 488 4037 que
511 3964 607 4028 dicito
627 3962 663 4024 de
683 3965 809 4037 antico,
832 3965 881 4038 qui
902 3982 978 4025 onus
1000 3962 1070 4026 talis
1089 3961 1194 4025 vendi·
1231 3985 1293 4037 reor
1316 3962 1399 4026 illam
1422 3957 1630 4032 vendendam,
1650 3977 1714 4021 rem
1738 3956 1824 4020 illam
1844 3954 1931 4019 suam
1947 3949 1993 4018 sa·

427 4044 523 4106 tionis
543 4043 707 4118 susciperet
728 4042 927 4106 titulomerae
942 4042 1194 4118 amicniaelquia
1230 4063 1298 4107 cere
1322 4059 1476 4118 nequeat,
1495 4057 1564 4101 eam
1589 4035 1640 4101 fibi
1664 4036 1792 4101 emendo
1809 4038 1910 4112 pretio
1929 4051 1994 4096 mer

428 4124 461 4184 in
480 4121 536 4187 tali
554 4118 626 4187 casu
643 4121 782 4188 dominus
797 4140 919 4197 operam
942 4124 1007 4185 eius
1027 4123 1195 4202 gratuitam
1231 4128 1299 4206 dio,
1315 4121 1349 4187 dt
1365 4117 1469 4183 infimo
1489 4138 1505 4181 a
1527 4120 1570 4180 rei
1589 4116 1713 4181 domino
1732 4112 1784 4177 sibi
1806 4112 1999 4206 constituto,

427 4200 487 4266 sibi·
498 4199 563 4267 sote
582 4203 694 4291 merito
711 4199 885 4277 praesumit.
909 4196 1001 4265 Hisce
1019 4203 1175 4278 exceptis.
1233 4219 1397 4278 antequam
1413 4188 1574 4276 diligenter
1597 4197 1754 4260 curaverit
1785 4189 1928 4286 consequi
1949 4212 1995 4253 ιιι·

291 4306 409 4358 traxere
468 4283 660 4359 Proxeneta,
675 4277 725 4343 seu
736 4276 847 4355 failor3
865 4300 900 4344 ac
910 4285 1088 4355 quicumque
1100 4281 1195 4358 alius,
1233 4281 1309 4346 llam
1337 4282 1468 4358 pretium
1495 4277 1711 4353 qualecumque
1740 4276 1892 4350 invenire,
1910 4289 1996 4348 pote·

297 4384 324 4420 rt
337 4367 411 4442 ,nllus
434 4365 483 4426 cui
505 4363 612 4438 aliquis
629 4363 805 4424 committat
824 4364 865 4422 rei
888 4357 949 4423 suae
965 4363 1195 4438 venditionem,
1233 4364 1293 4426 rit.
1313 4380 1343 4421 2.
1368 4357 1458 4434 Quod
1487 4372 1675 4433 proxeneta,
1695 4352 1747 4417 seu
1767 4349 1898 4428 quisquir
1917 4350 1998 4442 alter

294 4445 404 4482 ’ΨΜ
426 4461 488 4507 aaut
508 4446 695 4517 emptionem
711 4439 837 4502 alterius
853 4437 874 4500 sr
891 4438 1006 4521 vendat
1015 4437 1123 4516 supra,
1144 4440 1194 4503 vel
1233 4439 1376 4505 venditor
1395 4441 1559 4514 deputatus
1580 4434 1634 4513 lit,
1654 4436 1700 4498 rei
1721 4430 1760 4497 sic
1779 4448 1893 4524 emptae
1920 4449 2000 4507 perl*

291 4560 324 4633 “³
340 4573 400 4622 ⁹¹²·
431 4515 1196 4666 {sillllsslllollit“lli‘'l‘al‘llr
1232 4509 1904 4663 illm,illlsllltitl‘llllllll
1932 4527 2000 4653 ¹²22

190 4676 204 4699 '
293 4632 347 4673 ω’
429 4625 561 4748 reddasne
591 4624 682 4758 ‘dnn
714 4679 765 4745 vel
795 4675 876 4743 infra
903 4620 1195 4754 doullitbtumqpre·
1233 4675 1316 4742 iamsi
1335 4681 1530 4754 contingeret
1553 4694 1618 4738 rem
1637 4672 1722 4736 illam
1745 4670 1828 4734 tanti
1858 4635 1999 4751 vendere
2040 4694 2042 4699 ·

431 4766 529 4842 tium,
550 4760 599 4825 sibi
624 4766 777 4835 retinere,
800 4761 872 4834 quia
893 4758 1011 4820 nullum
1033 4755 1122 4822 habet
1152 4759 1196 4819 iu·
1233 4777 1295 4821 non
1312 4755 1393 4832 posse
1408 4757 1518 4832 quanti
1538 4757 1563 4816 ir
1582 4756 1675 4817 emit.
2010 4764 2050 4830 q

429 4842 509 4908 sium
530 4841 683 4914 titulum,
706 4858 768 4917 quo
798 4833 1001 4901 huiuscemodi
1029 4840 1196 4900 incremen-
1272 4835 1363 4898 Unde
1386 4855 1426 4898 ex
1442 4834 1487 4898 hir
1502 4833 1659 4910 colligitur
1674 4828 1765 4896 valde
1780 4845 1875 4893 caute
1891 4844 1998 4920 procer
2021 4830 2050 4885 el

428 4937 497 4989 turn
517 4915 568 4987 fibi
595 4924 728 4992 retineat
745 4939 754 4978 ε
777 4935 839 4979 non
861 4932 947 4980 certe
974 4919 1096 4980 rarione
1116 4919 1160 4980 tei
1188 4962 1197 4991 ,
1232 4914 1362 4980 dendunr
1379 4913 1439 4977 esse
1459 4915 1493 4975 in
1510 4911 1732 4992 permittendo,
1752 4926 1788 4974 ut
1807 4905 1926 4972 sutores
1943 4905 2002 4971 alr·
2019 4906 2050 4945 ⁸¹

428 5005 500 5078 qnia
520 5001 574 5066 sua
595 5020 658 5065 non
674 4996 739 5074 est,
760 5015 824 5060 non
840 4997 964 5059 tatione
981 4995 1108 5072 laboris,
1124 4998 1196 5072 quia
1232 4995 1304 5073 quid
1320 5016 1338 5059 a
1354 4990 1593 5069 mercatoribus,
1610 4991 1687 5069 apud
1702 5010 1778 5068 quos
1797 5004 1906 5057 entunt
1922 4988 2003 5051 reci:
2020 5035 2050 5073 w

428 5081 609 5161 slipendium
628 5099 684 5162 pro
707 5097 744 5142 ea
768 5077 912 5156 recepit,
939 5073 989 5140 seu
1005 5076 1196 5154 particulari·
1232 5078 1318 5155 piant
1336 5123 1347 5156 ,
1378 5075 1449 5151 quia
1465 5087 1500 5139 ut
1517 5073 1679 5153 plurimum
1694 5069 1774 5150 quod
1801 5065 2001 5218 sanoriscedit
2018 5100 2050 5139 ιι

1641 5174 1644 5183 ’
1817 5195 1820 5199 v
1859 5195 1864 5211 ι
1915 5168 1965 5219 0·
2019 5171 2050 5214 αι
