4425 6000
501 517 708 596 rerer.
733 537 805 593 η
832 511 1173 593 lutosa-trra
1202 507 1273 588 dte.
1301 513 1420 592 Cae.
1447 517 1504 591 li.

1024 612 1090 691 sper
1106 614 1135 676 ei
1157 611 1297 678 valebat.
1315 611 1366 677 Eli
1396 617 1564 684 coromunis
1592 616 1668 684 telle
1698 621 1791 687 Card.

505 706 535 768 ἱ.
585 697 712 765 xxll.
1023 691 1395 771 deLugo&Santher.
1415 697 1499 775 Quia
1526 699 1600 764 licet
1625 699 1789 778 impeditur

273 823 322 888 vt
348 811 761 910 ,pigmnnpnnum
779 809 942 892 “ium
1024 770 1214 918 lidii*
1223 774 1423 919 ilidii&
1429 775 1564 924 alid
1562 779 1615 923 ⁰1¹?
1617 781 1737 925 ‘idid
1754 782 1791 925 ³¹f3

460 897 755 1026 ⁶⁰⁸¹‘Wsecunmf‘’
852 1009 859 1025 1
953 1010 987 1024 ..
1023 931 1129 997 ficium
1147 899 1317 999 &o'babet
1335 952 1440 1001 tamen
1461 939 1507 1003 ius
1535 881 1789 1019 abtolgutumJbe
1896 963 1900 968 ·

262 1013 386 1082 Bonum
407 1013 535 1080 alteriue
551 1012 714 1089 multiplici
733 1010 829 1074 modo
849 1006 987 1086 impediri
1023 1031 1078 1091 per
1099 1015 1182 1090 vim,
1202 1010 1360 1094 fraudem,
1380 1016 1431 1080 vel
1448 1022 1586 1094 quamvis
1614 1019 1709 1085 aliam
1732 1024 1789 1083 ini·

227 1095 326 1176 puell
345 1143 355 1174 ‚
377 1093 413 1160 dt
440 1093 605 1172 aliquando
626 1089 840 1171 culpabiliter,
856 1088 894 1156 dc
916 1107 988 1153 cum
1021 1113 1113 1168 quam
1133 1110 1232 1157 artem
1253 1097 1349 1158 viati
1377 1094 1413 1159 ad
1438 1096 1519 1164 illiur
1542 1099 1789 1165 consecutionem

226 1195 319 1244 onere
334 1175 554 1250 restitutionis,
573 1172 736 1251 aliquando
750 1169 812 1234 fine
836 1170 893 1235 tali
914 1187 988 1234 one·
1022 1172 1217 1252 recludatur,
1235 1173 1307 1238 idest
1327 1194 1366 1239 ne
1386 1172 1453 1254 spes
1478 1179 1516 1243 ad
1535 1179 1629 1259 illud,
1645 1179 1696 1246 vel
1717 1199 1788 1259 pro·

226 1250 986 1337 re,tamencolpabiliter,·&aliquandoetiamin·
1020 1249 1160 1316 habilitas
1193 1253 1394 1333 impediatur,
1419 1272 1455 1320 ut
1474 1278 1544 1323 cum
1559 1262 1716 1326 communi
1733 1261 1790 1325 do·

226 1334 434 1416 culpabiliter.
456 1333 540 1398 Nam
562 1332 727 1409 aliquando
745 1329 802 1394 hoc
830 1327 895 1393 lieri
916 1348 985 1406 pot·
1020 1346 1071 1397 cet
1090 1334 1144 1396 cit.
1159 1332 1197 1397 de
1214 1336 1317 1411 Lugo.
1340 1334 1428 1399 Talis
1444 1338 1537 1417 igitur
1565 1340 1675 1406 iniuria
1703 1360 1789 1404 com·
1917 1349 1923 1364 ‘

226 1415 268 1486 til
281 1437 355 1482 cnm
370 1418 420 1495 vi,
442 1410 549 1479 fraude
567 1412 628 1479 &e
650 1411 813 1487 aliquando
831 1407 895 1474 stne
914 1410 986 1475 tali·
1021 1409 1169 1489 pensanda
1185 1411 1248 1492 eli,
1264 1413 1328 1478 live
1338 1411 1421 1480 fraus
1430 1435 1485 1483 aut
1497 1420 1545 1483 vit
1560 1420 1788 1487 versetutcirca

226 1497 278 1566 h
296 1495 425 1575 modis,
447 1491 496 1558 sed
518 1515 557 1558 ex
571 1493 662 1570 odio,
678 1490 712 1557 ἀ
732 1488 793 1584 stne
809 1488 885 1553 iulia
900 1489 987 1556 caus·
1019 1512 1108 1582 eum,
1123 1495 1175 1566 qui
1196 1496 1360 1571 impeditur
1385 1516 1403 1558 a
1431 1494 1512 1562 bono
1542 1498 1727 1576 obtinendo,
1748 1518 1785 1565 ut

226 1577 274 1658 h,
302 1575 344 1642 cli
365 1574 466 1640 nando
497 1574 560 1639 stne
584 1572 666 1638 maia
692 1567 863 1648 offertione,
883 1568 919 1635 dt
938 1588 988 1635 et·
1020 1573 1084 1635 livi
1104 1577 1170 1649 quit
1188 1594 1261 1638 eum
1275 1574 1433 1653 detinear,
1454 1579 1505 1641 vel
1525 1580 1554 1641 ei
1570 1583 1669 1645 minas
1686 1583 1788 1644 inten-

226 1659 287 1724 hm
301 1597 582 1736 erbollaeaulia,
598 1653 762 1729 aliquando
776 1667 884 1714 contra
900 1647 985 1714 iulii·
1020 1668 1068 1716 tet
1084 1669 1121 1718 ut
1143 1673 1162 1717 a
1182 1655 1313 1730 petendo
1329 1675 1399 1719 eum
1422 1656 1596 1738 deterreat,
1625 1659 1675 1723 vel
1692 1655 1788 1724 falla·

226 1735 558 1804 iimdcchatitatem
573 1730 740 1812 aliquando
757 1746 868 1795 contra
890 1726 985 1795 lolam
1019 1734 1074 1796 ciis
1108 1753 1181 1796 eum
1213 1733 1371 1812 decipiat;
1398 1733 1462 1801 slve
1490 1744 1571 1803 circa
1596 1738 1787 1805 collatorem

226 1815 435 1882 Uber-iterem.
1020 1812 1193 1876 minitando
1211 1834 1250 1877 ne
1266 1810 1408 1882 conferat
1444 1817 1494 1881 vel
1510 1814 1710 1884 fraudulentis
1721 1841 1789 1898 per·

226 1894 433 1974 ·-lmpediens
470 1895 600 1973 aliquem
627 1913 647 1956 a
671 1888 887 1982 consecutione
912 1888 982 1953 boni
1020 1862 1594 1983 suasionibusdemonllrandoetnnell'e
1610 1899 1787 1978 indignum.

226 1973 264 2042 ad
283 1975 364 2054 quod
388 1977 436 2038 ius
458 1974 550 2040 habet
574 1971 734 2052 quaesltum
760 1989 793 2034 tn
817 1971 920 2036 revel
945 1970 988 2034 ad
1019 1971 1091 2035 Dixi
1107 1985 1210 2051 quanti
1227 1974 1407 2052 prudentum
1426 1974 1534 2042 iudicio
1549 1975 1617 2057 spes
1635 1976 1787 2045 &neum

226 2071 304 2132 m,
324 2051 398 2118 idest
412 2075 453 2118 ex
473 2054 587 2120 iullitia
610 2050 661 2130 ipst
678 2051 771 2115 debiti
795 2069 984 2127 quocumque
1019 2051 1184 2128 impediens
1213 2074 1275 2117 non
1304 2071 1450 2121 teneatur
1474 2058 1512 2122 ad
1540 2058 1691 2136 aequalem
1706 2079 1789 2124 corn·
1839 2067 1843 2088 ⁸

225 2133 315 2202 nib
331 2133 568 2199 bocliatetiam
589 2132 658 2198 solit
678 2127 814 2209 precibus
836 2150 890 2194 aut
909 2151 984 2194 ton·
1019 2128 1227 2209 pensationem
1253 2154 1287 2197 ac
1318 2133 1339 2196 li
1365 2138 1496 2214 gratiam
1526 2138 1653 2215 adeptus
1677 2139 1784 2219 eller,

225 2211 416 2282 fflo-ltltem
435 2214 542 2292 ablque
557 2212 633 2279 iulia
651 2211 752 2276 caulia
771 2214 908 2286 graviter
928 2209 984 2274 boc
1018 2233 1089 2277 cum
1100 2210 1165 2277 baec
1182 2214 1565 2293 potueritmultipliciter,
1581 2221 1626 2282 ait
1642 2222 1671 2282 S.
1683 2219 1787 2284 Tuom.

225 2291 314 2376 ndu
328 2311 436 2374 peccat
459 2312 570 2361 contra
591 2287 737 2357 iustitiam
752 2288 785 2355 dt
802 2306 929 2355 tenetur
947 2289 983 2353 td
1018 2314 1046 2369 q.
1062 2293 1116 2353 62.
1133 2303 1191 2357 art.
1212 2312 1241 2355 a.
1261 2296 1291 2358 ei
1317 2294 1471 2372 impediri.
1489 2296 1529 2360 Et
1549 2294 1570 2359 st
1594 2293 1676 2363 forte
1700 2300 1788 2366 nulla

225 2371 472 2441 dirotiom.
501 2374 550 2437 Sic
577 2373 783 2438 communiter
816 2370 883 2432 DD.
913 2389 983 2433 cum
1017 2371 1093 2436 ellet
1110 2368 1194 2452 spes,
1211 2372 1331 2438 nullum
1346 2373 1483 2440 debitum
1499 2396 1639 2443 curreret
1664 2379 1787 2445 rellitu·
1824 2425 1833 2456 Ι

225 2453 389 2520 {Thomu
408 2473 436 2515 a.
451 2474 479 2519 2.
498 2475 522 2535 q.
536 2458 585 2517 62.
602 2452 780 2533 m.4.quia
794 2468 984 2527 quocumque
1019 2452 1114 2516 tionis
1132 2451 1253 2540 damni3
1268 2474 1339 2518 cum
1360 2474 1393 2517 re
1410 2452 1471 2532 ipsa
1487 2456 1605 2521 nullum
1624 2456 1789 2525 eilinfera·

225 2535 317 2602 nodo
335 2535 498 2613 impediat,
517 2533 558 2598 est
575 2531 685 2597 iniusta
701 2531 785 2594 illius
803 2527 919 2606 cauffo,
939 2529 983 2591 id·
1019 2549 1086 2596 tur.
1109 2532 1198 2598 Elset
1218 2534 1557 2613 tamencompensanda
1573 2536 1595 2600 st
1613 2537 1715 2616 aliqua
1743 2537 1788 2602 es·

225 2621 302 2686 dieo
321 2616 404 2683 illius
418 2616 489 2679 boni
506 2611 696 2689 sublatione,
711 2612 759 2675 ius
773 2609 902 2676 alterius
918 2629 985 2673 vro·
1017 2608 1061 2676 let
1082 2611 1156 2678 licet
1171 2616 1282 2692 exigua
1312 2617 1544 2696 proportionate
1570 2617 1637 2683 eius
1661 2619 1788 2685 levitati

225 2695 334 2776 hildo,
348 2696 426 2772 quod
449 2692 537 2758 babet
554 2697 586 2756 in
606 2713 659 2767 re,
674 2690 724 2755 vel
742 2688 780 2753 ad
795 2709 882 2784 rem,
899 2687 983 2752 iulii·
1018 2690 1176 2769 prudentia
1195 2694 1328 2759 iudicio.

225 2781 300 2860 mter
314 2778 436 2852 violat,
452 2795 487 2839 ac
504 2773 605 2839 laedit.
623 2775 729 2847 Quare
745 2767 767 2831 st
784 2769 865 2833 alter
873 2789 921 2834 tus
931 2769 983 2830 ha·
1057 2770 1224 2848 impediens
1254 2774 1386 2851 aliquem
1416 2794 1456 2841 ne
1486 2776 1600 2843 bonum
1623 2778 1788 2855 consequa·

225 2851 273 2928 ἢκ
293 2861 325 2920 in
343 2876 393 2934 re,
416 2870 543 2920 tenetur
562 2853 727 2931 impediens
742 2848 882 2912 valorem
901 2848 982 2911 illius
1018 2867 1070 2914 tur
1088 2852 1247 2915 occuitum
1261 2854 1326 2917 eius
1340 2856 1455 2919 crimen
1475 2858 1643 2923 revelando
1664 2857 1786 2924 tametsi

225 2939 265 3007 rei
291 2933 486 3015 compensare
508 2956 518 3013 ;
541 2930 562 2994 st
584 2951 662 2996 vero
682 2925 776 2993 solum
794 2930 840 2989 itu
862 2926 899 2992 ad
917 2947 983 2991 rem
1019 2949 1155 3011 verum,
1187 2932 1352 3001 dummodo
1380 2935 1411 3000 id
1441 2956 1505 3001 non
1529 2934 1625 3004 fatiat
1650 2957 1690 3004 ex
1710 2935 1787 3004 iusta

225 3034 298 3099 pote
313 3014 492 3097 periollam
509 3009 735 3102 promiiiionem
764 3022 981 3085 acceptatam,
1017 3009 1141 3094 caussa,
1158 3034 1263 3092 peccat
1299 3018 1414 3081 taviter
1437 3014 1472 3082 dt
1500 3015 1719 3098 obligationem
1739 3020 1788 3082 in·

225 3097 420 3177 ardonem,
441 3096 710 3178 praelentationem
733 3087 793 3155 dte.
815 3108 879 3152 non
895 3108 983 3157 tene-
1017 3097 1114 3159 currit
1145 3037 1295 3174 compenl5

224 3196 274 3249 tur
292 3179 492 3259 compenlare
509 3192 633 3251 totum,
648 3172 792 3235 damnum
801 3189 833 3232 v.
844 3190 870 3248 g.
878 3187 983 3234 totum
1017 3174 1079 3239 lum
1100 3194 1207 3256 peccet
1226 3194 1337 3242 contra
1377 3177 1486 3240 roximi
1513 3175 1645 3256 famam,
1666 3176 1715 3243 led
1737 3195 1787 3244 et·

224 3258 402 3327 ¹deuelicium
433 3256 640 3335 promillum,
672 3250 707 3316 dt
734 3245 981 3330 praesentatum,
1018 3256 1079 3319 iam
1098 3272 1207 3321 contra
1225 3260 1270 3320 ius
1288 3278 1326 3333 qu
1388 3255 1440 3319 ille
1456 3255 1549 3322 habet
1565 3278 1603 3322 ne
1620 3261 1786 3338 iniqueper

224 3340 269 3407 ud
292 3339 429 3403 nondum
448 3335 626 3410 Collatum,
641 3351 696 3394 nec
713 3346 815 3396 totum
835 3331 973 3396 valorem
1017 3335 1109 3399 talem
1128 3336 1346 3401 detrallionem
1361 3338 1594 3413 impedireturc
1615 3337 1688 3404 boni
1710 3359 1791 3406 ton·

224 3416 333 3503 plius,
360 3416 409 3481 l'ed
436 3413 532 3479 solum
552 3429 673 3492 partem
693 3410 782 3476 iuxta
802 3410 981 3477 aestimatio·
1017 3412 1193 3481 secutione.
1212 3417 1262 3481 Sic
1277 3416 1344 3480 DD.
1362 3420 1586 3484 communiter.

224 3518 291 3567 nn
312 3500 388 3563 iuris
403 3495 437 3562 dt
460 3493 517 3573 lpei
540 3492 651 3558 babitae
675 3490 750 3554 illud
780 3489 981 3568 consequendi
1057 3496 1141 3560 Hinc
1161 3494 1335 3575 Advocati,
1358 3498 1495 3575 Medici,
1517 3497 1686 3579 Chirurgi,
1707 3498 1787 3563 Ludi

224 3576 356 3647 bourn.
378 3579 427 3643 Sic
446 3575 654 3642 conmuniter
682 3592 754 3636 com
775 3574 830 3636 cit.
852 3571 891 3634 D.
920 3575 982 3636 An·
1018 3574 1157 3655 Magistri
1173 3623 1182 3653 ,
1201 3572 1334 3640 artifices
1349 3596 1483 3652 omnes,
1505 3577 1698 3643 Mercatores
1718 3579 1788 3643 alii·

269 3662 337 3739 leo.
1018 3675 1075 3732 que
1085 3655 1210 3719 huiusce
1220 3658 1357 3735 generis,
1377 3658 1500 3734 quivi,
1525 3655 1648 3734 fraude,
1664 3657 1787 3722 menda·

224 3740 346 3806 *idem
365 3758 487 3817 quoqne
506 3733 665 3802 dicendum
680 3731 716 3794 de
730 3733 833 3809 coqui
853 3733 983 3798 alterum
1018 3736 1091 3819 ciis,
1112 3735 1402 3811 criminationibus,
1430 3735 1554 3811 aliilqoe
1572 3738 1685 3812 iniquia
1708 3738 1786 3801 arti·

224 3824 349 3905 inpedit
378 3838 417 3881 ne
447 3819 514 3880 iure
543 3814 597 3879 suo
625 3828 761 3887 utatur,
789 3828 864 3888 puta
886 3830 984 3875 artem
1019 3814 1074 3878 bus
1097 3832 1206 3879 curant
1235 3813 1355 3879 trahere
1373 3814 1410 3878 ad
1437 3814 1467 3876 le
1489 3836 1562 3879 cum
1585 3816 1717 3882 aliorum
1732 3815 1786 3882 dt·

224 3900 301 3969 'mm
319 3904 370 3964 vel
392 3893 527 3960 offitium
542 3890 724 3969 exercendi,
742 3910 869 3968 operam
885 3891 986 3954 locan·
1019 3914 1092 3958 mno
1108 3896 1161 3969 qui
1179 3894 1255 3958 alios
1273 3890 1409 3958 solebant
1419 3893 1632 3975 frequentare,
1650 3895 1787 3963 reifiunt

224 3980 259 4049 Ι
296 3976 410 4055 aliquid
439 3975 562 4053 petendi
579 3972 640 4038 dcc.
657 3970 801 4046 Quilibet
830 3972 913 4033 enim
940 3973 985 4033 ius
1019 3975 1121 4053 gravis
1142 3974 1240 4050 culpae
1263 3972 1297 4038 dt
1317 3972 1509 4037 restitutioni
1537 3973 1661 4041 obttorii
1682 3973 1787 4043 secun·

224 4030 315 4141 lebet
346 4056 456 4121 utendi
487 4059 553 4120 iure
580 4048 721 4143 suo,·‚at
743 4071 782 4114 ne
808 4070 825 4113 a
853 4050 912 4112 tali
933 4043 987 4112 usu
1020 4054 1091 4116 dum
1112 4054 1278 4129 praeiudicii
1295 4056 1503 4130 quantitatem
1518 4042 1688 4141 quod'tlis
1704 4060 1786 4124 intu-

224 4137 406 4221 mediatur
417 4133 478 4199 fine
490 4132 697 4211 iustataolla,
715 4133 762 4196 uti
778 4124 988 4193 fieretfiasut
1022 4132 1138 4208 lerint,
1158 4130 1231 4196 idest
1251 4151 1401 4209 quatenus
1420 4131 1535 4198 bonum
1555 4134 1622 4203 aliie
1641 4137 1787 4214 impedie-

223 4228 321 4296 l'rte,
348 4215 399 4281 vel
423 4213 526 4279 officio
552 4213 781 4290 impediretur,
805 4207 989 4285 adquorum
1022 4214 1104 4290 rint,
1119 4233 1189 4276 cum
1210 4211 1287 4275 tales
1303 4212 1480 4290 delinquant
1502 4234 1566 4279 non
1590 4208 1687 4280 solun
1709 4235 1787 4282 ton-

223 4301 403 4367 exercitium
420 4297 468 4359 ios
488 4293 595 4358 habet.
1023 4309 1072 4356 tra
1087 4290 1289 4369 charitatem,
1309 4289 1468 4357 sedetiam
1487 4310 1599 4361 contra
1616 4295 1784 4362 iustitiam.

247 4380 287 4445 ςδί
303 4381 370 4453 quit
387 4378 420 4437 ti
442 4371 567 4447 fraude,
587 4370 775 4452 dolo,minis
793 4412 802 4444 ‚
818 4368 988 4446 mendacio,
1022 4369 1072 4434 Est
1092 4375 1280 4436 communis.
1299 4371 1394 4445 Quod
1415 4370 1437 4435 st
1458 4372 1486 4436 id
1509 4371 1626 4441 faciant
1649 4373 1712 4440 stne
1733 4382 1787 4455 vi,

223 4455 594 4534 calomniqdetntuone,
605 4453 706 4517 aliove
716 4449 806 4516 modo
816 4448 927 4515 iniullo
934 4451 988 4510 im-
1023 4447 1146 4528 fraude,
1166 4452 1324 4515 mendacio
1342 4449 1405 4516 &c-
1421 4449 1469 4516 sed
1485 4452 1554 4519 solis
1573 4455 1786 4522 commonibus

223 4540 427 4621 pedimentum
447 4535 641 4613 ponatalicui
656 4528 856 4607 consequendi
874 4527 987 4594 benefi·
1021 4531 1127 4595 mediis
1136 4526 1349 4620 persuasionis,
1368 4532 1507 4612 consilii,
1527 4556 1667 4613 precum,
1687 4537 1784 4603 &ltu-

223 4622 320 4695 Μ,
341 4614 477 4683 officium
491 4614 670 4692 quodignut
688 4629 758 4676 erat
776 4610 850 4686 ,vel
867 4609 986 4685 aliquod
1022 4610 1147 4675 iulrnodi
1173 4609 1279 4686 aolque
1293 4613 1471 4677 intentione
1492 4614 1562 4681 illos
1583 4615 1755 4682 offendendi
1771 4636 1786 4693 ‚·

223 4698 303 4765 allud
319 4697 449 4775 bonum,
465 4712 541 4770 puta
553 4688 987 4771 legatum,haereditatem,do-
1021 4708 1096 4756 tunc
1112 4692 1182 4766 quia
1203 4688 1278 4753 tales
1295 4708 1428 4757 utuntur
1448 4696 1513 4758 iure
1543 4694 1616 4774 suo,
1635 4697 1717 4774 quod
1734 4697 1787 4761 ha·

223 4796 317 4854 nom,
336 4777 397 4844 dcc.
419 4772 490 4839 idest
507 4773 623 4838 bonum
647 4769 768 4847 aliquod
796 4771 825 4833 ei
845 4788 885 4832 ex
902 4766 985 4831 iusti·
1020 4768 1094 4834 bent
1119 4767 1156 4833 ad
1189 4769 1264 4833 alios
1287 4770 1504 4846 perluadendot
1529 4777 1560 4839 in
1586 4774 1630 4841 sui
1664 4777 1786 4841 utilita-

223 4860 267 4923 tla
281 4878 345 4923 non
374 4854 529 4933 debitum,
548 4870 675 4918 tenetur
706 4846 868 4914 restituere
894 4851 985 4912 iuxtt
1022 4867 1106 4925 tem,
1124 4868 1181 4912 nec
1205 4848 1258 4912 alii
1287 4848 1401 4919 habent
1428 4854 1474 4919 ius
1501 4852 1634 4921 lirilium
1658 4855 1696 4919 ad
1716 4853 1786 4919 illoc

223 4932 279 5017 leel
297 4938 543 5016 proportionem,
559 4930 812 5021 probabilitatis»,
833 4924 985 4993 seucetti·
1020 4929 1149 5021 clientes
1171 4975 1181 5006 ,
1201 4927 1360 5019 dilcipulos
1385 4929 1415 4998 se
1437 4929 1692 5010 frequentantes,
1713 4954 1786 4998 nam

223 5015 335 5081 tudinis
375 5032 464 5093 quam
479 5010 612 5079 habebat
631 5011 715 5075 illius
724 5006 794 5072 bont
802 5007 985 5085 consequen·
1021 5007 1066 5069 illi
1090 5024 1233 5084 poterant
1263 5009 1325 5073 line
1346 5012 1495 5078 iniustitia
1512 5011 1617 5090 sponte
1632 5011 1685 5077 loa
1702 5031 1787 5077 rece·

223 5094 271 5173 dl,
286 5065 370 5185 raeti,
389 5109 540 5172 quantum
562 5089 745 5169 prudentum
773 5086 886 5155 iudicio
913 5085 986 5153 calu
1020 5085 1112 5165 dere,
1134 5084 1173 5154 fic
1192 5084 1318 5169 poliunt
1337 5089 1401 5159 fine
1421 5091 1571 5161 iniustitia
1586 5090 1786 5171 perlutderi.

231 5224 235 5232 .
295 5174 392 5261 lastae.
410 5171 510 5243 Theoi.
531 5171 642 5239 Muci.
663 5162 820 5237 Tomlll.
1459 5170 1513 5235 G·
1682 5168 1748 5239 Imo

1285 3098 1428 3174 ationis,
1456 3113 1567 3176 utpote
1593 3101 1644 3176 qui
1661 3119 1724 3165 noo
1741 3097 1757 3162 l
1775 3128 1788 3147 ·
