4425 6000
385 524 436 593 42
649 498 859 573 'sitiet
889 497 1212 573 puluinar
1241 496 1355 573 luit.
1384 500 1586 576 Canii.

335 598 484 675 quamdiu
498 596 584 662 bonis
612 594 671 661 suis
695 618 748 669 pei
775 596 960 663 sententiam
992 596 1096 661 iudicis
1141 592 1253 673 sidere,
1272 596 1320 661 scd
1341 598 1413 662 talis
1436 598 1628 677 perseverare
1647 598 1755 680 debet,
1773 599 1814 672 ,ᾱ
1842 599 1904 676 e·
1931 588 1941 610 ’

330 697 361 742 ·ti
373 700 403 742 in
419 678 460 743 eil
478 677 667 754 expoliatur.
685 677 771 757 ,Nam
786 676 864 757 leger
885 675 1019 755 poeualet
1033 697 1096 741 nori
1141 680 1288 753 continua
1309 694 1379 741 toto
1395 696 1530 755 tempore
1546 681 1612 759 lege
1632 679 1751 754 statuto
1766 683 1805 746 ad
1824 702 1905 760 pru·

338 761 497 836 obligant,
517 755 571 821 nisi
593 755 656 833 post
672 760 779 823 iudicis
799 759 1000 823 sententiam.
1106 770 1112 779 ·
1140 752 1352 844 scriptionem.
1371 757 1441 820 Hoc
1460 760 1595 823 extendit
1616 759 1811 826 covaruvias
1827 810 1837 840 ,
1856 778 1904 828 eo·

380 841 514 903 Obiicies
530 856 558 899 2.
577 836 651 900 Dari
669 837 765 911 potest
786 839 973 912 piael'criptio
992 852 1100 900 contra
1140 839 1221 898 iamli
1238 835 1338 912 pollea
1356 837 1477 900 recedat
1494 840 1575 902 mala
1595 837 1687 902 fides:
1715 843 1821 918 Naris,
1840 845 1902 920 iit,

340 936 412 980 euin
428 923 479 993 qui
502 916 593 988 habet
613 922 661 978 ius
676 913 838 993 ,servituris
862 914 980 990 iuslicae
1001 919 1033 976 in
1059 914 1101 976 al·
1141 914 1221 1001 masa
1239 916 1320 994 fides
1344 915 1534 995 interrumpit
1555 917 1753 998 poffrffioiim:
1775 918 1904 986 interm

338 1000 438 1060 tetius
466 998 608 1075 praedio,
629 1017 660 1057 v.
676 1017 703 1072 g.
730 997 905 1068 transeundi
933 1016 985 1071 pet
1014 991 1100 1056 suuni
1134 1005 1196 1076 prio
1218 1005 1320 1057 aurem
1342 995 1458 1059 indicii
1482 999 1667 1077 ntceffi'tarrm
1687 997 1878 1078 usucapiendi'
1889 1045 1901 1078 ,

340 1079 510 1155 praedium,
532 1077 672 1152 quamvis
689 1080 739 1151 qui
759 1072 892 1140 subiacet
908 1077 936 1136 ci
956 1074 1098 1138 servituti
1131 1072 1186 1150 seii
1202 1071 1363 1152 incipiendi·
1382 1073 1600 1153 usucapionem.
1623 1076 1749 1142 Undesi
1769 1082 1836 1155 quir
1855 1081 1903 1147 iu.-

337 1153 415 1220 stiat
434 1178 503 1218 cuni
516 1158 565 1230 ,ius
581 1155 654 1217 illud
677 1156 801 1219 habere.
824 1157 895 1232 [eg.
913 1154 974 1217 baec
1000 1164 1100 1215 autem
1138 1150 1182 1216 sle
1203 1171 1236 1216 re
1253 1154 1365 1228 ‘aliqua
1392 1159 1589 1233 privaretur,
1613 1154 1773 1221 &eadem
1799 1156 1904 1234 polica

338 1232 749 1316 odinventionum.
768 1235 903 1313 praedi'or.
925 1232 960 1296 ln
983 1231 1099 1295 liocca·
1136 1230 1182 1293 illi
1202 1231 1399 1312 redderetur,
1424 1234 1619 1298 inchoaretur
1637 1235 1673 1299 de
1682 1256 1767 1303 novo
1776 1252 1904 1315 ’,τουπ

340 1314 372 1381 sii
383 1316 471 1393 plane
487 1317 528 1377 cll
542 1316 621 1378 mala
634 1313 720 1378 fides.
740 1312 827 1391 Resp.
840 1314 1000 1393 negando.
1017 1312 1099 1373 Nam
1137 1307 1388 1392 praescriptionis3
1409 1316 1505 1377 itaut
1522 1313 1543 1377 li
1564 1313 1614 1376 leit
1637 1322 1773 1389 requirat
1793 1318 1902 1382 decen·

340 1401 477 1471 quamvis
493 1392 581 1469 sciam
595 1393 682 1457 illum
702 1398 747 1456 iui
764 1394 871 1457 habere
887 1390 1032 1455 transitus
1047 1409 1100 1465 pet
1135 1390 1221 1460 nium
1243 1392 1278 1453 ad
1296 1394 1546 1467 prael'ciibtndum
1558 1441 1567 1467 ,
1579 1391 1615 1466 dt
1627 1395 1717 1459 linito
1732 1398 1903 1474 quinquen·

339 1496 441 1538 mcum
458 1473 632 1556 'piaedium,
657 1493 721 1537 non
745 1470 811 1536 suin
838 1491 943 1550 tamen
964 1475 995 1533 in
1018 1470 1100 1531 mala
1137 1471 1188 1532 nio
1208 1489 1254 1533 ies
1270 1471 1436 1545 alienetur.
1455 1493 1518 1535 nori
1540 1470 1743 1551 praescribitur
1762 1523 1771 1553 ‚
1790 1480 1900 1542 etiam,

291 1577 294 1582 ·
338 1555 419 1633 side,
440 1552 616 1631 siipsenon
643 1550 801 1621 transeat;
822 1557 892 1630 quia
913 1550 988 1614 nihil
1011 1550 1099 1611 illici·
1135 1543 1241 1637 siper
1268 1549 1399 1637 alterum
1426 1556 1664 1627 quinquennium
1684 1551 1897 1629 possideatur,

338 1652 407 1698 tiim
426 1630 520 1707 facio,
542 1651 596 1696 nec
623 1634 734 1709 aliquid
757 1636 872 1696 omitto
895 1632 933 1695 ad
953 1631 1033 1707 quod
1050 1646 1096 1691 te·
1136 1626 1259 1692 Dicitur
1285 1633 1420 1717 apposite
1438 1633 1466 1708 fi
1492 1631 1562 1713 i'rstr
1584 1651 1614 1696 re
1641 1632 1740 1710 aliqua
1759 1633 1901 1712 priver·

338 1733 431 1778 near.
453 1714 526 1776 Non
549 1714 630 1775 enirn
658 1711 733 1796 milii
762 1710 908 1775 incumbit
930 1713 1016 1773 illum
1036 1728 1099 1769 mo·
1137 1718 1204 1770 rur.
1226 1708 1309 1771 Nam
1329 1715 1350 1769 li
1372 1713 1543 1784 privaretur
1559 1708 1803 1789 iniusletelua,
1822 1731 1900 1784 tem·

337 1790 428 1873 nere,
447 1809 483 1856 tit
503 1796 568 1858 iure
585 1792 638 1854 l'uo
653 1809 760 1856 utatur
777 1838 788 1868 ,
811 1811 845 1854 ac
869 1790 994 1869 proinde
1018 1787 1098 1851 bona
1137 1806 1187 1860 pus
1205 1807 1265 1850 non
1282 1791 1552 1874 interrumperetur
1562 1787 1813 1870 praescriptionis3
1828 1796 1901 1869 quie

336 1872 398 1937 fide
422 1871 466 1950 rcl
480 1892 562 1950 nquo
581 1871 667 1934 illurn
687 1873 752 1950 iure
771 1868 827 1935 s'iio
839 1890 904 1934 uon
921 1873 967 1933 uti
979 1892 992 1947 ,·
1006 1866 1041 1933 dt
1058 1869 1097 1932 sic
1132 1871 1168 1938 ,in
1192 1866 1249 1930 illo
1269 1866 1337 1931 casu
1353 1869 1453 1933 civilis
1473 1866 1614 1959 positsfiu
1630 1888 1809 1945 permanere
1830 1892 1900 1947 ¹cerii

335 1973 411 2033 egro
425 1971 495 2016 meo
507 1950 688 2026 libertatem
709 1952 840 2027 acquiri.
977 1959 979 1963 “
1135 1946 1235 2009 setur.

378 2032 424 2095 Ex
455 2032 500 2094 hir
518 2030 676 2109 colligitur
692 2028 773 2107 ,leges
788 2028 1007 2106 municipales,
1030 2046 1098 2102 quae
1175 2024 1292 2115 ilerum
1315 2028 1386 2101 quia
1409 2026 1487 2092 bona
1506 2026 1580 2099 fider
1603 2025 1748 2106 requisita
1768 2032 1804 2095 ad
1825 2051 1899 2109 pit·

338 2114 519 2192 praecipiunt
527 2158 538 2194 ,
558 2130 596 2173 ne
606 2111 786 2187 mercenarii
802 2110 911 2186 aliique
925 2109 1098 2185 elapsocet·
1135 2102 1322 2188 scribendum
1336 2105 1426 2169 debet
1441 2106 1505 2170 esse
1522 2109 1594 2172 talis
1610 2108 1778 2187 versutiis),
1792 2128 1829 2176 ut
1844 2113 1899 2190 qui

335 2208 375 2255 to
390 2208 527 2268 tempore
543 2209 631 2270 aequa
646 2186 795 2270 laboribus
814 2186 872 2252 suis
891 2185 1036 2265 slipendia
1053 2205 1099 2249 re·
1137 2183 1326 2257 proscribere
1347 2186 1436 2269 debet
1457 2184 1544 2273 supet
1568 2209 1630 2251 rein
1658 2189 1793 2264 aliquam
1819 2193 1898 2260 iudi·

337 2287 442 2349 petere
463 2266 572 2345 possint
590 2316 599 2345 ,
620 2268 741 2350 quando
758 2285 835 2344 ¹urite
855 2268 920 2333 tale
937 2266 1099 2330 delinitum
1135 2282 1184 2327 cet
1205 2282 1269 2346 rein
1288 2263 1372 2327 illam
1392 2270 1476 2328 suain
1490 2269 1570 2344 elle,
1589 2269 1701 2331 idcirco
1716 2268 1801 2334 licite
1816 2267 1898 2348 posse

336 2368 456 2425 tempus
475 2368 537 2413 non
554 2350 718 2426 petierint,
736 2347 840 2426 valere
857 2365 982 2427 tantum
998 2352 1030 2408 in
1053 2343 1099 2408 l'o-
1134 2362 1203 2405 eatn
1221 2340 1272 2414 ¹sibi
1300 2350 1434 2408 retinere
1459 2369 1468 2421 ;
1493 2346 1563 2409 hinc
1591 2352 1713 2425 exurgit
1732 2345 1897 2414 difficultis

336 2449 373 2493 io
389 2446 545 2502 externo,
572 2427 645 2490 idell
666 2426 815 2491 astionem
840 2430 873 2490 in
892 2426 949 2491 boc
969 2423 1036 2490 foro
1063 2429 1099 2488 iis
1134 2427 1214 2510 circa
1232 2439 1323 2505 euni,
1340 2427 1390 2511 qui
1407 2424 1527 2488 dubitat
1549 2446 1621 2490 niun
1642 2448 1710 2503 ies,
1727 2446 1821 2504 quam
1836 2425 1898 2504 pos·

335 2510 496 2586 denegati.
518 2507 556 2570 Et
574 2510 701 2580 merito,
723 2525 757 2571 ut
778 2504 890 2584 soliciti
908 2504 967 2569 sint
987 2524 1099 2569 merce·
1135 2502 1209 2590 sidet
1230 2547 1239 2577 ,
1266 2502 1319 2564 sua
1340 2505 1395 2579 lit,
1422 2505 1471 2566 vel
1491 2506 1608 2580 aliena,
1628 2527 1664 2570 ac
1685 2508 1809 2580 proinde
1824 2529 1917 2576 nuin-

336 2591 437 2663 narii,
458 2585 568 2662 aliique
588 2590 618 2648 in
640 2586 752 2665 legibus
772 2583 899 2661 expressi
923 2585 1099 2662 slipendium
1136 2580 1207 2644 talis
1222 2579 1375 2644 dubitatio
1392 2582 1535 2659 impediat
1559 2584 1668 2649 bonam
1683 2582 1771 2648 fidem
1799 2583 1897 2654 neceb

337 2665 427 2730 finito
449 2684 588 2747 ternpore
608 2683 729 2743 petere,
748 2686 787 2729 ne
807 2665 957 2732 debitores
983 2669 1100 2744 pericii·
1136 2657 1244 2730 sariam
1260 2661 1296 2721 ad
1313 2657 1582 2750 praescribendum.
1601 2664 1738 2736 Tametli
1760 2666 1826 2732 liaec
1842 2687 1896 2731 an·

337 2746 400 2810 luin
429 2745 602 2822 repetendae
633 2745 793 2824 solutionis
821 2764 943 2821 propter
967 2744 1101 2807 oblivio-
1135 2756 1186 2815 tea
1209 2743 1416 2817 attigerimus,
1438 2759 1536 2818 utres
1557 2761 1659 2807 tamen
1675 2745 1782 2808 melius
1802 2747 1895 2818 eluti·

335 2823 406 2891 neni
430 2830 620 2887 minutorum
640 2825 814 2889 debitorum
835 2832 1008 2887 inciiirant.
1032 2824 1098 2886 Un·
1135 2821 1241 2897 detut,
1264 2824 1354 2883 iuvat
1373 2841 1455 2884 nunc
1481 2823 1545 2886 liaec
1569 2820 1659 2886 susius
1686 2824 1897 2906 perinane,

335 2925 373 2969 ce
393 2901 415 2967 si
435 2908 500 2981 quis
522 2902 628 2966 hebeat
649 2902 865 2989 conscientiam
886 2902 1002 2983 debiti,
1021 2904 1100 2980 quod
1135 2917 1170 2963 ut
1189 2894 1309 2962 facilius
1328 2920 1523 2975 quaecuinque
1542 2900 1725 2981 difficultas,
1744 2926 1814 2981 quai
1841 2907 1896 2978 tip-

334 2986 388 3049 lua
408 2984 513 3061 sponte
534 3001 659 3062 tenetur
679 2980 816 3063 solvere,
837 2983 956 3049 solvere
976 3003 1100 3048 tenetur
1135 3001 1171 3042 ca
1189 2999 1251 3042 reni
1273 2977 1352 3042 hanc
1366 2986 1440 3044 oriri
1459 2979 1575 3057 potest,
1596 2980 1706 3069 resolvi
1726 3003 1843 3060 queat.

335 3062 525 3141 quorumque
543 3081 678 3145 tempore
693 3064 815 3138 elapso,
835 3086 906 3127 cum
925 3063 1100 3138 careatbo-
1175 3060 1222 3121 Ad
1254 3058 1410 3133 propositae
1438 3065 1530 3138 igitur
1557 3059 1751 3127 difficultatis
1785 3061 1895 3131 resolu·

337 3164 376 3206 na
393 3142 452 3204 fide
469 3144 508 3204 ad
526 3140 788 3218 praescribendum.
811 3145 841 3207 Si
857 3146 1100 3220 quisveioigno·
1136 3139 1254 3200 tionem
1279 3137 1443 3223 videndum
1467 3140 1510 3200 est
1535 3161 1574 3203 an
1598 3142 1751 3206 dubitatio
1775 3164 1896 3209 omnem

336 3237 386 3288 ret
418 3221 643 3305 invincibiliter·
661 3221 824 3299 debiturn,
853 3225 903 3285 vel
936 3222 1100 3297 prudenter
1116 3274 1121 3313 ι
1135 3217 1290 3308 procedit·
1315 3218 1547 3296 possessionem,
1569 3221 1619 3284 vel
1649 3220 1819 3297 possessioni
1846 3226 1897 3289 bu·

337 3318 425 3379 putet
444 3299 578 3372 solutum
594 3300 675 3377 elle,
701 3302 774 3365 illud
792 3299 980 3380 praesciibere
1000 3300 1098 3378 potest
1134 3317 1173 3358 na
1201 3299 1260 3358 side
1282 3296 1435 3376 inchoatae
1460 3305 1683 3374 superveniat,
1712 3304 1742 3363 Si
1777 3302 1894 3375 dubita·

338 3378 438 3456 spatio
453 3396 503 3461 30.
524 3399 690 3460 annotuip,
1136 3378 1183 3461 ¹tio
1210 3377 1363 3461 praecedit
1399 3398 1522 3451 ornnem
1549 3377 1789 3460 possessionem,
1824 3378 1896 3447 idest

376 3460 406 3525 Si
423 3466 491 3538 quis
507 3476 611 3522 autern
628 3461 703 3522 esset
722 3461 753 3525 iii
774 3461 851 3525 mala
875 3460 935 3544 ¹fide
955 3481 994 3524 eir
1016 3479 1099 3524 erro·
1134 3454 1368 3532 superveniat,
1395 3475 1560 3543 antequam
1594 3459 1756 3525 inchoetur
1790 3456 1895 3537 postes·

336 3557 391 3617 re,
410 3539 462 3604 vel
483 3541 656 3618 ignorantia
673 3543 745 3602 iuris
764 3588 773 3615 ,
793 3560 828 3606 ut
850 3542 869 3602 si
895 3557 1017 3618 putaret
1046 3539 1098 3602 sibi
1135 3531 1203 3609 sio,
1232 3533 1357 3626 impedit
1385 3536 1519 3612 protetio
1539 3537 1651 3603 bonani
1673 3540 1762 3603 sidem
1784 3588 1793 3618 ,
1812 3541 1847 3615 dc
1863 3542 1894 3603 iii

337 3637 398 3682 noti
419 3619 512 3685 licere
528 3617 690 3695 usucapere
706 3620 787 3694 quod
804 3619 948 3696 posfidet,
968 3620 1040 3680 dum
1052 3634 1100 3680 ta·
1136 3612 1194 3676 hoc
1212 3632 1401 3700 conveniunt
1421 3637 1527 3679 omncs
1547 3638 1585 3682 eir
1605 3621 1660 3681 cit.
1681 3620 1787 3683 Later.
1814 3621 1896 3685 Con·

336 3717 407 3762 inen
428 3702 455 3762 ei
474 3698 591 3762 licitum
612 3699 674 3774 ell3
700 3698 749 3762 liic
768 3717 853 3763 certe
873 3719 935 3762 non
968 3697 1099 3773 proscri-¹
1134 3694 1197 3756 cilii
1223 3696 1409 3772 sententia,
1445 3697 1521 3772 quod
1545 3721 1599 3761 riori
1620 3700 1657 3785 est
1679 3719 1717 3775 tx
1743 3700 1809 3777 fide
1835 3717 1896 3778 pec·

332 3774 444 3853 beret,
467 3781 537 3855 quia
554 3801 624 3841 cnm
646 3776 829 3856 praescriptio
849 3799 910 3841 non
928 3778 1033 3841 valeat
1054 3780 1099 3842 ni·
1134 3781 1231 3835 caium
1250 3773 1311 3849 eps.
1336 3773 1376 3836 Et
1400 3781 1481 3839 tatio
1501 3773 1544 3839 est
1574 3780 1727 3853 quianon
1755 3780 1799 3852 ell
1815 3778 1896 3843 bona

336 3855 359 3919 li
375 3860 653 3937 irrundumleper,
675 3856 740 3921 liaet
765 3854 894 3934 ptostdlo
915 3857 989 3934 nihil
1011 3856 1100 3920 vale·
1134 3851 1207 3915 fides
1222 3851 1273 3915 ubi
1287 3855 1353 3928 quis
1376 3854 1466 3921 debet
1486 3856 1624 3922 iudicare
1648 3875 1712 3921 rein
1742 3855 1805 3922 este
1822 3861 1896 3930 alie·

337 3952 404 4013 ret,
419 3939 550 4016 eoquod
569 3938 708 4018 possessor
729 3956 790 3999 non
811 3935 890 3999 bona
914 3935 975 4014 side
995 3935 1100 4015 ridri·
1135 3952 1314 4019 iiam,‚curri
1334 3937 1421 3998 iuxta
1443 3935 1579 4011 tegulam
1596 3939 1667 3999 iuris
1684 3936 1716 4007 i'ir
1734 3934 1832 4012 dubiis
1847 3956 1896 4015 po·

337 4032 390 4080 tiit
412 4016 580 4094 possidere,
609 4020 735 4093 ideoque
765 4028 876 4078 contra
901 4015 1004 4092 leget,
1028 4035 1097 4089 qiiae
1137 4014 1429 4157 slusjavendumffs
1447 4033 1598 4089 mquam
1618 4016 1731 4080 ctiori.
1753 4020 1816 4092 Qui
1846 4037 1897 4079 au·

335 4092 455 4161 nullam
467 4099 537 4162 esle·
551 4097 661 4161 volunt
693 4096 945 4173 praitaiptionrm
965 4094 1028 4156 sine
1047 4093 1100 4158 bo·
1135 4109 1200 4155 tem
1220 4097 1329 4168 incipit
1347 4115 1385 4170 po
1411 4091 1510 4175 idere,
1530 4093 1573 4157 eil
1597 4093 1693 4169 assor,
1714 4094 1822 4173 &qui
1834 4091 1897 4173 pos·

335 4196 375 4238 iia
398 4176 475 4252 fide,
496 4192 530 4239 ut
551 4172 679 4237 liabetur
701 4177 765 4252 lege
777 4177 805 4252 ſs
814 4172 871 4254 fur
889 4171 921 4235 ff.
938 4172 1097 4252 deusurrp.
1134 4169 1227 4236 fidere
1251 4170 1368 4247 desiit,
1391 4175 1434 4235 rei
1450 4172 1474 4183 ''
1497 4192 1583 4237 utini
1601 4178 1700 4257 gerit;
1722 4175 1804 4245 unde
1827 4175 1898 4242 liiiio

334 4255 397 4320 &o
420 4255 453 4320 si
474 4256 541 4331 quis
562 4255 595 4316 i'd
621 4258 697 4328 quod
710 4255 845 4336 poffidrr,
873 4275 928 4316 noir
942 4264 1028 4331 piricii
1047 4254 1098 4329 fili·
1135 4255 1234 4326 potius
1261 4247 1428 4318 favendum
1454 4272 1471 4315 e
1517 4291 1526 4330 ,
1554 4274 1589 4317 ac
1614 4253 1682 4315 ideo
1702 4255 1897 4318 iudicandum

331 4333 587 4414 perlegissent
615 4333 970 4411 usucaperc,di'ceiidrim
995 4335 1033 4414 est
1053 4346 1096 4397 ts·
1134 4352 1197 4397 iem
1222 4331 1304 4393 illius
1327 4331 1417 4393 else.
1445 4331 1494 4395 Sic
1524 4331 1705 4408 Habertus,
1735 4332 1897 4414 Tournely

334 4414 421 4491 ianifi
439 4415 532 4489 erret,
548 4432 605 4476 non
622 4412 768 4491 procedere
790 4412 854 4475 ri'irs
874 4412 1097 4491 usucapionem,
1132 4432 1202 4474 cuin
1216 4409 1264 4489 Μ.
1279 4409 1439 4481 Grandip.
1460 4409 1589 4482 Quodsi
1609 4410 1761 4480 dubitatio
1775 4416 1898 4475 oriatur

334 4491 391 4555 orl
415 4487 491 4567 quir
515 4512 569 4569 noir
595 4489 666 4554 sona
681 4494 744 4571 fide
772 4494 912 4555 uideatur
937 4491 1068 4573 possidere
1088 4543 1097 4571 ,
1134 4488 1198 4566 post
1217 4495 1379 4566 incaeptam
1395 4485 1603 4563 possessionem
1618 4536 1627 4566 ,
1641 4490 1899 4555 dissentiuntDo·

334 4571 389 4635 'ocs
414 4569 482 4650 quiri
504 4569 535 4636 sii
564 4570 630 4655 i'iirf
659 4572 771 4654 erranti
795 4580 1005 4654 ninprocedar
1028 4576 1097 4654 usit·
1131 4571 1227 4633 tiores
1253 4589 1284 4632 in
1310 4565 1484 4633 definiendo
1508 4591 1583 4632 nutri
1606 4569 1703 4634 adhuc
1722 4570 1803 4634 bona
1824 4570 1898 4632 sides

334 4669 368 4718 ra
386 4650 427 4712 io.
873 4666 876 4671 ’
1043 4664 1048 4672 ·
1132 4649 1330 4726 perseveret,
1354 4666 1465 4721 necne.
1489 4648 1547 4715 Sed
1559 4650 1688 4724 quando
1707 4652 1739 4711 iii
1760 4650 1817 4713 tali
1842 4649 1899 4711 dii·

345 4668 438 4807 ’νομί
458 4731 553 4806 coepit
573 4727 719 4804 poffideie
738 4730 819 4801 bona
838 4729 897 4813 lide
919 4781 927 4809 ,
951 4752 1021 4807 quae
1042 4753 1096 4808 po·
1131 4729 1182 4806 bio
1198 4726 1333 4803 adhibita
1352 4725 1541 4807 diligentiae
1559 4727 1819 4813 debitaveritatis
1847 4733 1897 4790 in·

333 4807 397 4872 flea
420 4807 553 4889 descrit,
575 4811 623 4891 liic
641 4859 649 4896 ,
670 4811 710 4880 ur'
727 4810 815 4889 paret
845 4832 886 4875 eir
912 4810 1011 4889 lisia,
1033 4830 1096 4892 nori
1131 4805 1294 4884 quisitione
1313 4805 1389 4875 nihil
1410 4807 1550 4877 reserare
1573 4805 1663 4883 poffit
1687 4805 1833 4883 possessor
1855 4827 1900 4875 ex

334 4889 426 4954 babet
441 4889 519 4965 quod
537 4890 608 4958 satir
625 4890 661 4967 sit
679 4890 995 4970 adpraescribendum.
1014 4892 1096 4953 Nam
1131 4907 1192 4963 quo
1220 4885 1328 4950 habeat
1352 4887 1569 4953 conscientiam
1596 4890 1639 4948 rei
1661 4886 1797 4962 alienae,
1822 4884 1898 4948 idest

334 4968 371 5034 ad
389 4970 523 5048 legitime
539 4966 883 5049 praescrbcndiim,non
898 4971 1095 5046 sufficitquod
1130 4968 1292 5045 cognoscat
1316 4984 1381 5029 rem
1405 4965 1537 5031 alienarii
1569 4962 1739 5041 possidete,
1771 4965 1896 5031 videtur

333 5047 428 5116 suerit
447 5046 524 5115 bona
541 5048 613 5115 sidet
633 5052 751 5128 quando
767 5049 909 5129 possessor
928 5048 1096 5128 coepitpos·
1133 5044 1316 5124 Prohibfflffl
1335 5041 1526 5122 Ρθῐῖθῖθῐῦῐθ
1542 5043 1625 5114 bom
1641 5043 1712 5109 fides
1733 5049 1765 5109 ¹¹¹
1786 5042 1899 5185 Pfsssss’

1812 5145 1855 5189 io·
