4425 6000
473 537 647 616 circi.
673 558 730 607 oc
757 533 1001 607 interimi
1036 525 1251 604 Dreitooi
1285 530 1386 603 Cirr.
1415 520 1515 599 viti.
1667 549 1742 622 405

208 658 289 704 men
308 637 440 703 tenenda
464 636 623 714 sitregiila
639 635 721 711 illa,
747 652 838 709 quam
860 630 986 694 tradunt
1025 633 1135 694 idcirco
1155 631 1201 692 ius
1221 649 1283 693 non
1304 627 1395 692 liabet
1413 624 1541 689 iuridice
1560 625 1798 704 interrogandi,

214 717 293 784 sanc
305 716 360 781 liez
381 716 414 782 ἃ
432 720 470 780 dc
492 719 595 802 Lupo,
618 733 722 791 nempe
738 711 819 788 quod
836 708 899 773 siin
921 730 989 786 pio·
1024 712 1104 774 utei'
1127 707 1325 772 revelandum
1345 705 1382 769 fit
1401 703 1549 769 secretum
1566 751 1576 779 ,
1595 706 1676 780 quod
1692 726 1732 769 ex
1750 708 1797 766 iu·

215 796 357 861 miffione
376 793 514 860 servandi
531 797 678 860 secretum
707 786 799 854 suerit
821 787 922 853 nostra
945 793 986 849 in·
1026 809 1056 852 re
1074 804 1194 852 naturae
1217 785 1436 850 inviolabiliter
1456 783 1634 848 servandam
1659 782 1723 861 est,
1743 781 1798 847 nisi

216 880 324 941 tentio
346 880 486 956 graviter
503 895 559 939 not
575 874 710 951 obligate
733 890 836 947 ‚tunc
852 872 990 948 graviter
1027 869 1077 932 vel
1100 871 1159 932 alia
1184 871 1242 931 'via
1263 864 1300 930 lit
1324 867 1510 943 cognitum,
1536 878 1572 926 ut
1593 860 1695 937 possea
1717 863 1799 928 dice·

186 941 202 962 ‘
215 955 349 1034 obligati
370 954 511 1020 censendi
532 950 634 1018 sumtis
654 974 663 1029 ;
690 949 711 1012 si
732 970 809 1014 vero
826 948 990 1014 intenderi·
1014 966 1106 1023 tiit,
1136 947 1189 1011 vel
1206 945 1283 1011 iusta
1308 942 1427 1010 intersit
1447 943 1550 1007 caussa
1567 942 1649 1006 illiid-
1665 940 1798 1007 manile·

216 1056 287 1099 mut
304 1055 360 1101 nos
374 1035 515 1113 obligare
536 1053 574 1097 ex
595 1031 658 1096 soli
679 1030 887 1115 urbanitate,
913 1025 991 1119 iide3
1028 1026 1143 1091 slandi.
1385 1105 1391 1119 1
1673 1104 1679 1115 ·
1918 1089 1924 1100 Ι

191 1114 334 1192 ΑΜ,
354 1134 476 1179 nonex
494 1110 733 1191 iussitia,loluti
750 1111 852 1172 lomus
874 1125 990 1185 agrarii
1066 1107 1224 1170 Secretum
1256 1123 1332 1197 vero
1367 1101 1535 1245 rigsorosum
1566 1101 1603 1167 ἀ
1629 1097 1791 1196 siricium,
1808 1086 1935 1202 ”jusslel
1967 1107 1973 1150 ἴ

177 1215 181 1220 ·
216 1192 431 1273 obligatione,
450 1193 484 1260 δε
502 1196 546 1257 ita
564 1192 685 1269 proptio
716 1186 892 1253 testimonio
912 1184 990 1249 sian·
1025 1186 1102 1262 quod
1118 1182 1255 1249 absolute
1276 1184 1387 1246 dicitur
1415 1198 1551 1247 ecretum
1563 1182 1730 1259 naturale,
1747 1168 1908 1268 ιιι-ξω

217 1270 295 1338 dum
314 1276 348 1337 in
361 1269 432 1338 soto
452 1272 665 1337 conscientiae.
686 1267 723 1331 ln
744 1266 835 1332 dubio
856 1286 932 1340 ‚vero
953 1264 990 1326 de
1027 1272 1138 1329 minim
1165 1264 1244 1340 quod
1274 1261 1463 1326 commissum
1486 1259 1530 1325 esi
1556 1283 1591 1325 ac
1709 1261 1936 1331 iisuriicomariff:

222 1352 471 1417 retionenoslrae
487 1350 703 1430 obligationis,
723 1345 837 1411 scilieet
858 1348 991 1408 numin-
1027 1345 1174 1429 implicite
1193 1341 1246 1406 vel
1266 1340 1564 1420 explicite‚obligat
1585 1336 1617 1403 su
1651 1345 1739 1421 gravi
1758 1340 1836 1404 ad&
1877 1359 1934 1404 pm

223 1436 327 1496 tentio
349 1432 456 1496 noslia
479 1427 575 1495 suerit
606 1427 805 1493 contrahendi
829 1423 991 1502 obligatio·
1027 1423 1099 1487 illud
1121 1422 1299 1486 servandum
1319 1425 1414 1485 etiam
1433 1439 1471 1484 ex
1492 1419 1608 1484 iiislitia
1628 1436 1798 1486 commuta·
1819 1405 1905 1461 'mm'

223 1531 296 1576 nem
315 1508 428 1580 silentii
445 1530 483 1573 ex
495 1508 637 1585 iustitio,
658 1504 821 1571 vellosum
843 1524 883 1568 ex
904 1505 991 1566 urba·
1028 1507 1115 1569 tiva.
1143 1503 1273 1565 Etenim
1287 1518 1363 1565 tiiiic
1383 1519 1445 1564 non
1460 1500 1552 1564 dator
1567 1499 1651 1564 nuda
1672 1499 1798 1578 promis·

221 1590 380 1658 nitate&
400 1591 550 1657 fidelitate
580 1607 678 1666 ‚tunc
693 1606 738 1650 ex
752 1584 991 1651 circumstantiis
1028 1578 1097 1658 sio,
1133 1580 1179 1644 sed
1203 1579 1325 1656 qiidam
1346 1578 1428 1658 quasi
1452 1577 1629 1645 contraditis
1654 1577 1796 1645 onerosus

221 1669 284 1736 loci
325 1672 470 1747 temporit
490 1668 587 1748 ,boni
609 1665 744 1743 persono
768 1665 830 1730 dic.
853 1684 899 1728 res
918 1682 990 1757 pen·
1028 1667 1123 1727 initur
1136 1664 1221 1725 inter
1237 1658 1391 1725 secretum
1407 1657 1493 1724 suum
1510 1659 1796 1740 commendantem,

189 1718 317 1813 *sarisa
338 1746 397 1812 esi.
427 1748 469 1811 Et
495 1749 629 1824 equidem
662 1745 821 1823 si-qiiando
838 1745 989 1823 promitti·
1028 1734 1298 1808 aciliudserrare
1320 1744 1579 1819 promittentem:
1610 1760 1687 1804 unus
1713 1744 1796 1806 enim

223 1847 294 1892 inus
319 1845 476 1909 peteretur
499 1848 516 1889 a
543 1828 630 1892 nobis
650 1875 659 1902 ,
682 1846 755 1891 num
783 1830 912 1890 velimus
940 1817 991 1883 sub
1029 1825 1179 1887 secretum
1199 1823 1366 1886 committit
1383 1818 1434 1884 sub
1452 1818 1632 1885 conditione
1650 1821 1729 1897 quod
1750 1821 1796 1886 al·

223 1909 316 1986 gravi
334 1925 461 1988 peccato
478 1925 532 1972 nos
563 1908 723 1985 obligare,
751 1904 786 1972 ἃ
806 1908 848 1970 ita
866 1902 992 1967 sentire·
1028 1922 1076 1966 tei
1088 1898 1248 1964 observet.
1270 1898 1353 1964 Cum
1385 1917 1490 1964 autem
1517 1904 1712 1965 committens
1732 1923 1796 1966 terii

225 2008 258 2051 in
281 2008 313 2066 s,
334 1987 530 2051 iudicandum
549 1986 625 2049 esset
639 2007 698 2049 nos
718 1989 867 2063 obligatos
889 1999 992 2043 mane·
1028 1978 1080 2045 sub
1104 1980 1282 2044 conditione
1302 1983 1381 2056 quod
1410 1979 1490 2044 alter
1516 1979 1689 2064 observet,
1718 1989 1796 2048 oriua'

226 2086 262 2132 ie
302 2087 324 2131 x
339 2064 479 2130 iustitia.
500 2064 537 2126 Si
566 2086 640 2127 tero
662 2084 854 2129 renueremus
872 2081 925 2125 nos
947 2064 992 2122 ita
1029 2059 1135 2125 subeat
1158 2058 1315 2123 revelandi
1334 2061 1421 2123 alteri
1445 2059 1530 2124 suum
1551 2060 1725 2138 secretum,
1747 2061 1796 2127 bic

224 2144 386 2223 obligtte,
407 2141 591 2207 oenl'endum
605 2145 678 2207 etlct
695 2164 735 2207 eir
753 2141 937 2208 urbanitate
958 2135 992 2218 ᾃ
1030 2141 1110 2204 alter
1134 2155 1263 2201 tenetur
1287 2159 1405 2215 ponere
1426 2160 1469 2202 err
1494 2157 1583 2213 parte
1613 2140 1664 2203 sua
1687 2139 1796 2207 secreti

225 2222 635 2299 fidelitate,miniiiievero
654 2242 695 2285 eit
715 2221 992 2286 iustitiavelsenos
1028 2220 1286 2297 observantiam
1318 2224 1361 2282 ita
1384 2237 1529 2298 iitgravc
1552 2219 1695 2284 damnum
1715 2243 1798 2285 com-

225 2302 385 2381 obligare,
408 2323 443 2366 ac
464 2301 591 2376 proinde
611 2305 643 2364 in
667 2302 722 2367 tali
743 2302 812 2365 cilso
829 2321 890 2364 non
908 2316 992 2361 tene·
1029 2300 1168 2384 mittenti
1189 2293 1282 2363 saciet
1302 2302 1484 2374 promittens
1497 2297 1655 2376 ⁴(praeciso
1675 2300 1797 2381 alio-ex-

224 2402 330 2449 iemur
350 2402 391 2445 eir.
411 2380 527 2446 iustitia
548 2378 600 2443 sub
614 2382 738 2445 mortali
761 2430 770 2461 ,
796 2386 889 2445 etiam
909 2383 938 2438 in
958 2395 992 2439 re
1029 2381 1164 2444 ttinleco
1183 2379 1387 2453 nocumento)
1408 2398 1472 2442 non
1481 2376 1629 2442 servando
1643 2377 1796 2445 secretum

227 2464 335 2543 gravi,
357 2459 393 2524 ais
413 2460 597 2525 servandum
614 2458 783 2526 secretum.
802 2462 923 2525 Peccari
944 2476 992 2521 ti·
1030 2457 1079 2522 sub
1109 2457 1165 2521 tili
1190 2477 1285 2521 onere
1308 2458 1364 2521 ‘vel
1386 2457 1562 2521 conditione
1584 2459 1796 2535 acceptum&

228 2561 302 2607 men
320 2538 419 2624 ‚posset
436 2557 547 2605 contra
567 2539 750 2604 charitatem
770 2589 779 2618 ‚
798 2562 858 2617 qua
876 2540 993 2614 semper
1030 2535 1205 2619 promissum
1225 2560 1236 2614 ,·
1262 2538 1294 2603 ἀ
1321 2537 1344 2598 si
1366 2537 1523 2609 promiffio
1552 2536 1644 2605 fuerit
1671 2541 1795 2620 iurata,

227 2640 325 2701 prave
343 2618 488 2684 damnum
508 2623 636 2696 proximi
658 2618 719 2683 sine
736 2619 993 2699 noslrogiaviin·
1030 2614 1290 2687 violatiosecreti
1321 2636 1433 2693 praeter
1461 2618 1612 2682 malitiam
1634 2622 1795 2686 iniuiiiriae

227 2698 389 2766 commodo
410 2700 511 2763 vittre
531 2718 686 2765 tenemur.
705 2698 991 2767 Advertendumta·
1031 2698 1136 2760 induet
1156 2700 1253 2761 etiam
1273 2697 1423 2761 malitiam
1447 2695 1593 2776 sacrilegii
1616 2703 1648 2762 in
1668 2698 1795 2763 Confes-

229 2798 304 2844 men
319 2776 401 2853 quod
418 2780 466 2852 qui
489 2782 584 2845 etiam
607 2801 659 2857 per
684 2778 906 2856 promissionem
928 2776 993 2838 vel·
1029 2777 1112 2839 sione
1134 2776 1342 2854 aperiendam,
1370 2777 1529 2841 Caeterum
1550 2779 1696 2843 volimtas
1720 2799 1795 2856 ptae·

226 2858 271 2923 let
293 2857 322 2920 le
341 2856 478 2934 obligare
493 2879 533 2923 eit
549 2856 670 2924 iustitia
686 2860 722 2924 ad
751 2855 933 2923 servandum
950 2854 992 2916 se·
1029 2855 1147 2934 sumpta
1168 2854 1203 2921 bc
1223 2859 1463 2932 interpretativa
1482 2853 1633 2922 secretum
1653 2864 1795 2923 commit*

226 2937 994 3020 cretum,minoremhaberet-obligetionemqoam
1030 2937 1125 3000 tentis
1155 2933 1256 3002 locum
1284 2934 1376 3002 babet
1407 2935 1481 3001 sicut
1513 2939 1544 3000 in
1566 2939 1634 3002 aliis
1658 2942 1795 3004 materiir

228 3015 250 3080 fi
275 3012 423 3082 secretum
444 3012 546 3082 fuisset
563 3018 647 3083 simul
671 3019 769 3084 eidem
785 3017 991 3083 commissum.
1029 3015 1182 3092 iustitio.
1209 3034 1244 3081 ut
1266 3036 1283 3080 a
1303 3019 1389 3095 grivi
1406 3034 1531 3094 peccato
1560 3018 1742 3084 violatorem
1762 3020 1797 3082 li·
1880 3077 1884 3084 .

227 3094 354 3162 Etenim
377 3116 461 3160 mera
487 3097 638 3174 promissio
664 3096 772 3164 secreti
801 3119 860 3163 non
881 3098 939 3161 obli
961 3113 993 3161 at
1028 3095 1133 3159 beret.
1154 3093 1351 3167 Prosiiiritur
1372 3114 1476 3163 autem
1491 3098 1562 3162 talis
1582 3099 1726 3165 voluntat
1740 3095 1798 3165 sil·

228 3175 263 3241 in
281 3174 394 3242 casibus
416 3180 447 3239 iri
468 3175 573 3254 quibus
591 3181 664 3246 alias
688 3178 842 3246 tenebaris
871 3118 992 3242 revela·
1030 3195 1093 3240 tem
1108 3176 1319 3242 conditionata
1334 3225 1342 3253 ,
1360 3174 1519 3255 quandosi
1541 3199 1595 3242 iios
1616 3177 1798 3246 tali'crsirt

228 3275 263 3321 ie
302 3253 420 3340 etiamsi
436 3253 641 3335 spopondisses
657 3280 733 3324 eum
759 3263 934 3324 iuramento
954 3258 992 3319 il·
1028 3259 1245 3321 committente
1267 3274 1440 3333 peteremus
1470 3259 1628 3323 licentiam
1648 3256 1796 3324 secretum

231 3304 283 3400 iud
298 3331 461 3428 servare„
473 3343 544 3414 quia
562 3338 715 3417 promissio
743 3356 811 3403 erat
830 3338 867 3401 de
894 3357 927 3402 re
949 3339 990 3399 in·
1030 3337 1183 3406 rcvelaodi
1194 3384 1204 3415 ,
1219 3336 1456 3415 concederetur,
1477 3355 1512 3402 at
1531 3338 1620 3404 docet
1637 3339 1674 3404 de
1690 3341 1795 3419 iugo,

229 3411 365 3484 iusta&
390 3414 523 3496 illicita,
555 3419 631 3483 dum
663 3419 839 3495 supponitur
867 3417 904 3480 de
931 3438 994 3495 re,
1030 3420 1121 3481 nior.
1142 3415 1255 3482 Bonec.
1274 3415 1393 3481 otalii.

228 3513 321 3572 quam
352 3493 502 3560 tenebaris
531 3500 671 3563 revelare
694 3545 702 3574 ‚
725 3497 758 3562 dc
790 3503 994 3561 iuramentum
1069 3496 1115 3558 Eit
1128 3497 1240 3569 triplici
1262 3515 1366 3577 autem
1384 3499 1486 3581 capite
1505 3483 1951 3584 excusaturamonw's‘l

228 3593 299 3637 eum
329 3576 452 3637 nonsit
480 3578 635 3639 vinculum
663 3577 863 3653 iniquitatis,
900 3576 994 3653 ligate
1030 3577 1083 3640 tali
1105 3576 1197 3651 culpa
1237 3579 1268 3638 ui
1285 3560 1436 3659 setielmr
1464 3575 1514 3639 libi
1540 3578 1729 3643 eoiririiissum
1749 3582 1795 3642 in·
1813 3564 1916 3659 „20:121.

231 3671 297 3718 noti
318 3649 416 3745 potest
437 3652 692 3730 adid‚quodest
714 3653 995 3730 iniusttrm.Quare
1030 3653 1154 3732 fir'npii.
1179 3674 1206 3716 ι»
1254 3656 1426 3721 cleritatu
1440 3660 1580 3720 matetiae
1601 3674 1699 3742 ‚ciem
1718 3657 1757 3724 sae
1811 3673 1935 3724 (minum

231 3728 255 3794 fi
278 3730 415 3795 erudite
433 3733 482 3794 vel
502 3733 662 3809 Superiore
678 3733 802 3798 iuridice
822 3732 859 3796 de
880 3734 932 3797 illo
952 3735 995 3795 iri·
1032 3755 1079 3797 res
1106 3752 1174 3809 quo
1203 3729 1256 3796 sub
1282 3733 1398 3817 secreto
1416 3739 1626 3801 committitur
1644 3742 1740 3814 {iton
1768 3756 1795 3804 ,ς
1814 3735 1937 3810 obicio.

228 3812 413 3903 tetiogerisu,
435 3813 600 3877 veritatem
614 3811 808 3887 manilcsiare
823 3812 912 3876 debes
933 3829 996 3874 non
1032 3814 1134 3891 magni
1152 3815 1319 3885 momenti,
1339 3830 1375 3877 ut
1394 3806 1520 3895 liccem
1541 3816 1613 3879 indu
1651 3808 1797 3897 rev‘tleu
1815 3799 1917 3912 Pellem

228 3886 371 3952 obstante
390 3909 581 3969 iuramento,
596 3914 655 3968 quo
672 3888 841 3970 promiseris
849 3888 997 3956 secretum
1032 3892 1264 3970 obligationem.
1295 3891 1381 3978 Num
1409 3912 1488 3958 vero
1505 3914 1571 3959 iem
1596 3915 1723 3973 panem
1743 3897 1797 3981 iuli
1813 3877 1923 3994 ἓξὲξ,

228 3964 382 4032 servare:
416 3970 495 4032 unde
516 3991 568 4051 per
598 3973 691 4037 talem
716 3969 938 4051 promissionem
966 3988 997 4034 te
1033 3972 1153 4035 secreto
1178 3973 1363 4037 commissam
1391 3977 1443 4036 irni
1472 3974 1521 4057 piel
1543 3974 1633 4038 elteri
1655 3979 1797 4044 revelate

228 4044 419 4113 solummodo
433 4049 495 4116 obli
518 4048 571 4116 alii
588 4050 626 4118 ad
647 4073 708 4117 nnn
729 4053 911 4128 loquendam
922 4069 995 4129 quo.
1032 4049 1084 4115 sub
1105 4051 1211 4115 codem
1228 4058 1341 4128 pariter
1366 4050 1485 4116 secreto
1512 4052 1548 4118 sit
1566 4056 1663 4133 eulpa
1680 4078 1798 4123 nzoita·

231 4131 291 4191 tier
311 4127 368 4191 linc
385 4126 469 4221 licite
489 4073 609 4196 servare
627 4131 731 4210 posfis.
747 4132 838 4207 Quod
859 4129 879 4192 si
900 4127 997 4196 secie·
1035 4135 1089 4208 lis,
1113 4129 1261 4208 supposito
1276 4132 1356 4209 quod
1377 4133 1501 4195 aliunde
1522 4153 1578 4198 nec
1598 4132 1724 4201 instruit
1741 4156 1799 4202 nee

231 4205 354 4271 comsit
375 4206 430 4270 tibi
446 4210 637 4277 commissum
658 4261 667 4290 ,
695 4221 752 4276 nec
781 4213 856 4275 alini
883 4209 919 4275 sit
942 4231 995 4286 pti·
1033 4216 1177 4276 damnum
1193 4211 1314 4287 aliquod
1334 4210 1496 4286 sequatuip
1511 4214 1599 4278 Luto
1616 4263 1626 4292 ‚
1642 4217 1799 4299 Acutius,

230 4285 309 4350 blico
329 4282 547 4368 manifestum,
576 4291 652 4355 illud
677 4288 797 4355 servare
815 4293 928 4354 tenerit
947 4306 996 4352 et·
1034 4290 1144 4365 aliique
1160 4293 1233 4352 satis
1249 4287 1443 4366 probabiliter
1458 4277 1613 4358 affinnlnt
1630 4297 1799 4360 revelatio·

230 4368 294 4429 iam
314 4368 526 4455 quantocies
548 4392 566 4435 a
586 4371 684 4435 iudice
701 4376 906 4449 interrogatur
926 4418 934 4445 ,
963 4364 996 4431 ὅ(
1034 4390 1103 4433 nem
1123 4370 1181 4433 tali
1202 4371 1292 4434 trodo
1309 4365 1419 4434 saliam
1446 4370 1626 4468 censendam
1648 4374 1711 4439 esse
1731 4397 1800 4452 par·
1830 4392 1837 4400 ’

232 4443 364 4510 asserere
394 4448 489 4522 posses
508 4464 539 4512 te
555 4449 632 4524 nibil
652 4447 752 4529 scire,
778 4448 811 4515 dc
831 4467 863 4512 te
885 4450 996 4513 babere
1034 4471 1106 4514 vam
1125 4454 1306 4532 materiam,
1324 4451 1436 4514 idcirco
1455 4472 1496 4514 no
1521 4448 1741 4518 sufficientem
1761 4455 1800 4530 ad

229 4543 294 4590 non
314 4518 398 4591 secus
416 4547 451 4590 ac
479 4524 500 4588 si
521 4528 599 4593 riiliil
619 4525 734 4608 scires,
764 4549 821 4592 nec
842 4530 997 4594 ullatenus
1034 4527 1191 4593 mortale.-
1213 4529 1365 4605 lupposito
1381 4534 1462 4593 enim
1480 4475 1558 4608 qliot
1576 4552 1638 4598 nori
1654 4535 1744 4600 cedet
1765 4539 1800 4600 iii

230 4602 348 4672 ficeret
366 4625 476 4671 contra
491 4603 649 4674 censuram
670 4607 776 4672 lnnoc.
797 4606 851 4671 xi.
864 4628 924 4686 qua
942 4609 994 4671 da·
1034 4609 1158 4672 alterius
1179 4603 1338 4672 infamium
1353 4609 1404 4672 vel
1422 4611 1642 4694 detrimentum
1660 4661 1669 4691 ,
1690 4636 1799 4695 parum

230 4687 353 4750 miravit
376 4682 611 4762 pmpositionem
639 4686 798 4753 faventem
819 4685 994 4754 ieslriiiioni
1034 4687 1126 4753 rescit
1146 4707 1215 4751 eam
1243 4709 1340 4753 unum
1360 4689 1411 4752 vel
1439 4691 1572 4754 alterum
1599 4697 1701 4759 virum
1730 4716 1800 4772 pm·

230 4783 306 4842 pure
321 4766 451 4830 mentali
470 4814 480 4844 ‚
500 4770 570 4844 quia
590 4768 645 4831 illa
665 4772 779 4833 notitia
795 4771 841 4833 ita
861 4770 996 4833 limitata
1033 4771 1159 4832 dentem
1175 4768 1276 4844 scite,
1304 4790 1374 4832 cum
1393 4768 1446 4846 ipsi
1467 4789 1585 4847 quoque
1604 4772 1659 4838 sub
1677 4771 1798 4840 secieto¹

227 4843 304 4922 est,
333 4843 368 4910 &
387 4842 524 4925 sigillata
537 4848 574 4910 ad
595 4868 687 4912 unani
710 4845 866 4927 personam
881 4867 921 4910 eir
935 4844 998 4923 ipso
1035 4846 1191 4912 scientium
1208 4847 1280 4911 talis
1302 4866 1345 4912 tei
1370 4848 1489 4914 l'eivaie
1516 4850 1695 4916 teneantur.
1726 4852 1797 4920 iioc

227 4927 296 4989 iure
317 4942 460 5004 naturae,
477 4944 514 4990 ut
533 4924 571 4991 sit
581 4924 697 5004 prorsus
714 4929 856 4991 illicitum
871 4947 939 4991 eam
952 4926 995 4988 al·
1034 4947 1136 4992 tamen
1154 4944 1267 4991 notant
1278 4924 1694 5010 supraddliintelligendum,
1712 4933 1797 4996 dum·

229 5008 291 5085 teri
319 5008 559 5070 communicare.
590 5006 716 5071 Etenim
742 5009 834 5070 iudex
858 5005 892 5073 dt
907 5007 997 5082 Supe-
1035 5009 1126 5071 modo
1142 5002 1289 5070 secretum
1308 5027 1370 5072 non
1391 5008 1548 5073 reveletur
1575 5015 1626 5086 ei,
1646 5016 1695 5075 ciii
1711 5030 1800 5077 certo
1838 5039 1850 5076 i

225 5086 294 5159 pior
311 5088 504 5173 interrogaui
521 5088 569 5150 iiii
584 5105 706 5154 natirrae
724 5084 997 5164 abrotamnequit3
1036 5089 1085 5156 vel
1106 5084 1302 5165 probabiliter
1321 5088 1454 5157 creditur
1473 5134 1483 5165 ,
1502 5089 1583 5166 quod
1601 5088 1653 5155 ille
1683 5096 1734 5168 qui
1757 5090 1800 5157 se·

308 5164 405 5247 instit.
425 5165 526 5233 Theos.
545 5165 654 5232 Μοιιιί.
675 5164 765 5234 Toni.
785 5164 838 5230 lll.
1397 5168 1449 5233 ct
1489 5181 1507 5251 3
1693 5189 1760 5238 tit·
