4425 6000
518 538 692 618 Tittler.
716 564 773 615 nii
801 542 1060 615 racemis
1089 537 1315 616 Ecoresiia
1341 538 1444 615 Car.
1472 538 1541 615 111.
1689 558 1765 633 451

251 644 342 717 dolis
352 641 388 711 ad
399 640 568 709 Iudaeorum
581 641 786 706 imitationem
800 689 808 718 ,
827 642 1018 717 quiquaruor
1053 659 1163 711 marui,
1179 656 1216 702 ιιι
1231 637 1351 703 constat
1371 659 1410 702 ex
1431 636 1515 705 Astii
1530 636 1676 709 ,Ecclesia
1696 638 1816 704 Medio·

251 732 333 793 ¹anni
358 721 542 803 temporibus
570 719 775 795 ieiunabant,
799 740 837 783 ne
855 717 1016 784 Christiani
1053 716 1180 783 lanensis
1201 738 1265 795 pag.
1287 739 1330 780 ιι.
1348 719 1427 781 1)ιίιί“
1451 717 1509 785 boe
1535 722 1680 784 ieiunium
1710 720 1815 783 serva*

250 810 358 870 minus
378 799 498 880 perseiii
513 802 610 866 essent
624 847 633 877 ,
648 822 739 878 quain
758 799 852 865 ludaei
865 796 1018 877 ,airssel-
1053 817 1120 863 tum
1148 802 1180 859 in
1206 799 1308 874 aliqua
1340 795 1470 862 Ecclesia
1493 846 1501 875 ,
1528 820 1598 862 cum
1627 819 1689 863 non
1710 802 1756 862 ita
1774 793 1816 862 sa·

253 886 341 951 larm.
361 885 395 948 dr
413 882 441 944 S.
460 885 525 947 Leo
539 883 672 944 Sermo.
688 881 849 944 dePcnrrc.
866 878 908 946 ἴθ’
921 881 1014 942 serm.
1051 878 1110 952 cile
1125 877 1244 953 probari
1274 876 1362 955 polsit
1391 898 1431 941 an
1447 877 1559 955 ubique
1580 879 1613 944 dt
1632 876 1753 954 quando
1770 877 1817 957 vi·

255 964 285 1029 8.
306 965 344 1028 dr
363 961 492 1041 ieiunio,
508 962 541 1026 dr
562 964 618 1024 boc
635 960 764 1024 babetur
784 962 881 1024 etiam
909 979 947 1021 eir
969 954 1017 1018 lu·
1052 959 1169 1038 guerit.

250 1065 291 1113 ae
309 1047 467 1108 canonio
486 1061 546 1120 cap.
567 1042 718 1105 Ieiunium
731 1041 794 1120 d'st.
816 1042 866 1119 76.
887 1034 1018 1102 ubiCal·
1091 1035 1165 1101 Alia
1187 1038 1302 1112 pariter
1316 1033 1558 1102 observabantur
1579 1037 1714 1118 pluribus
1734 1038 1765 1098 in
1777 1036 1894 1118 lonii·
1923 1037 1961 1121 123

250 1120 340 1189 usius
361 1122 386 1186 Ι.
408 1126 562 1201 proicimus
578 1120 767 1197 temporibus
786 1118 1017 1196 Apostolorum,
1052 1122 1094 1181 cis
1117 1120 1229 1182 ieiunia
1249 1135 1311 1180 non
1329 1115 1428 1180 solum
1453 1135 1527 1183 aute
1550 1121 1716 1198 praecipuas
1740 1113 1901 1179 felii-¹mm
1924 1116 1961 1153 ‘¹‘

253 1206 352 1269 etiam
372 1203 438 1282 lege
462 1198 686 1279 ecclesiastiea,
716 1199 791 1265 idest
820 1195 1019 1266 ecclesiastico
1054 1201 1169 1263 vitaret
1185 1200 1259 1262 anui
1302 1194 1405 1263 led&
1426 1214 1501 1264 ante
1528 1199 1754 1276 quamplurium
1775 1196 1821 1261 Δ·
1852 1180 1947 1285 cruam

255 1298 409 1379 precepto
428 1280 908 1359 hocieiiiniumfirmavit,ouod
919 1273 1019 1369 polica
1053 1276 1238 1352 postolorum
1258 1244 1363 1370 sella,¹
1387 1296 1518 1353 quorum
1537 1280 1637 1356 aliqua
1657 1297 1697 1342 eir
1717 1250 1934 1368 Ecclesium
1991 1335 1995 1342 .

252 1379 440 1427 innovatum
469 1361 528 1427 suit
550 1361 585 1425 dr
611 1364 644 1423 iri
670 1361 810 1433 Concilio
833 1359 1019 1436 Mogunnno
1053 1356 1103 1422 fiir
1126 1376 1280 1434 iiraecepio
1322 1356 1479 1433 aliquaex
1497 1357 1716 1425 consuetudine
1736 1357 1960 1420 nuncuccuuii.

255 1444 353 1519 primo
367 1459 428 1518 rap.
451 1455 497 1521 34„
528 1441 563 1506 ἀ
584 1439 621 1504 ab
649 1439 776 1505 Urbano
797 1440 836 1505 u.
867 1441 967 1502 relato
987 1437 1019 1496 in
1054 1440 1114 1502 toti
1131 1436 1272 1501 Eccleliae
1292 1403 1369 1501 stila
1389 1433 1459 1502 suut
1478 1441 1654 1504 cornmunia
1673 1436 1822 1515 ‚drobn-

249 1539 314 1600 ιιι.
330 1519 493 1599 ,latomus
508 1521 575 1600 dist.
594 1522 642 1599 36.
659 1520 738 1585 Haec
763 1540 869 1585 autem
884 1534 1019 1595 quatuor
1052 1536 1129 1595 gant
1152 1514 1205 1580 sub
1228 1516 1384 1590 mortali,
1408 1532 1445 1579 ut
1476 1518 1624 1582 ieiunium
1653 1519 1685 1583 iii
1704 1516 1818 1596 vigilia

252 1603 327 1668 anni
360 1598 550 1676 Teinporum
588 1603 699 1664 ieiunia
727 1603 821 1662 variis
849 1594 1018 1662 rationibus
1054 1594 1264 1673 Pentecostes,
1281 1595 1311 1659 S.
1326 1595 1409 1659 ioan.
1427 1595 1514 1671 Bapt.
1536 1599 1564 1660 S.
1588 1599 1764 1674 Laurentii,
1786 1597 1818 1660 &

254 1680 400 1747 instituta
435 1677 548 1760 suere,
581 1699 698 1758 ueiuoe
725 1696 761 1747 ut
786 1674 1018 1759 unumquodque
1052 1675 1394 1742 Fessivitatisomuium
1413 1674 1610 1757 Sanstorum,
1631 1697 1758 1755 quorum
1774 1678 1819 1736 in·

254 1764 328 1828 anni
347 1778 464 1835 tempus
492 1784 544 1840 per
560 1758 700 1838 specialia
723 1765 918 1840 poenitentiae
933 1777 1016 1821 exer·
1053 1757 1175 1823 stitutio
1195 1757 1297 1837 colligi
1325 1759 1430 1833 nequit
1458 1776 1498 1822 eir
1527 1758 1593 1824 ulio
1619 1775 1714 1823 textu
1731 1775 1823 1819 cano·

252 1845 330 1909 titia
353 1841 420 1904 Deo
450 1840 670 1918 consecretur;
704 1859 738 1906 ut
764 1862 782 1905 a
810 1842 876 1904 Deo
897 1854 1019 1916 petatur
1053 1838 1273 1914 nico‚idcirco
1289 1857 1329 1901 ex
1348 1835 1636 1903 solaconliietudine
1652 1833 1821 1900 indubium.

256 1920 379 1998 liugom
401 1937 492 1984 terrae
512 1918 706 1985 conservatio
726 1969 735 1997 ,
765 1939 800 1983 ut
822 1942 875 1996 pro
894 1922 937 1982 eir
953 1915 1019 1980 col·
1054 1919 1120 1981 lino
1137 1921 1286 1981 ieiunium
1306 1920 1339 1980 in
1359 1916 1465 1993 vigilia
1487 1916 1678 1984 Pentecosles
1700 1915 1823 1981 videtur

257 1999 340 2063 loliis
359 2001 427 2062 Deo
447 2005 554 2097 grapiae
576 2020 707 2078 agantur
725 2024 735 2076 ,-
753 2019 786 2065 ut
804 2001 885 2064 Deus
906 1993 1019 2062 sanstus
1053 2002 1166 2074 opponi
1189 1996 1267 2077 llylo
1287 1994 1430 2060 Ecclesiae
1448 2043 1457 2073 ,
1476 2019 1546 2074 quae
1566 2018 1628 2061 non
1649 1994 1728 2059 solet
1749 2014 1824 2074 prae·

256 2077 400 2167 Ecclesia
422 2076 484 2143 suae
511 2079 648 2163 pallores
673 2081 831 2157 providere
851 2081 1018 2156 dignetur,
1053 2083 1155 2154 cipere
1176 2080 1328 2141 ieiunium
1346 2078 1428 2139 intra
1460 2097 1577 2171 tempus
1599 2074 1763 2154 paschale,
1790 2089 1822 2134 in

254 2164 380 2225 tamrtli
397 2161 498 2234 primis
521 2158 659 2224 Ecclesiae
682 2161 866 2236 temporibus
885 2156 1018 2220 Ordina·
1054 2178 1115 2234 quo
1133 2156 1202 2222 baec
1225 2158 1329 2235 vigilia
1351 2155 1534 2221 includitur.

254 2241 356 2305 tiones
377 2257 437 2299 non
458 2238 568 2304 fierent
584 2238 640 2302 uiti
655 2237 756 2302 mense
769 2238 952 2303 Decembri:
982 2233 1018 2296 ed
1088 2236 1276 2300 'Notandum
1296 2252 1398 2298 tamen
1425 2238 1509 2299 eirea
1540 2238 1688 2301 ieiunium
1708 2236 1738 2296 in
1760 2253 1827 2306 per·

255 2314 357 2398 postea
376 2316 530 2382 crescente
549 2317 759 2383 Minilirorum
788 2316 965 2382 necessitate
985 2333 1019 2376 ae
1055 2316 1162 2394 vigilio
1175 2314 1205 2377 S.
1220 2313 1307 2380 Ioan.
1322 2314 1412 2389 bapt.
1433 2314 1549 2389 quodsi
1573 2315 1687 2380 incidat
1709 2305 1826 2376 insesio

254 2416 385 2461 numero
405 2395 579 2461 inslirutiim
601 2396 656 2462 suit
691 2418 726 2462 ut
754 2416 864 2474 quater
885 2400 916 2457 in
937 2412 1019 2457 anno
1053 2395 1196 2469 Corporis
1213 2392 1352 2470 cirilli,
1379 2395 1607 2469 anticipandum
1637 2391 1682 2457 est
1703 2389 1824 2470 seriaa.

255 2474 440 2540 haberentur
457 2477 677 2542 Ordinationes
699 2474 849 2541 sacrorum
865 2473 1019 2539 Minlliro·
1055 2491 1090 2538 ot
1110 2478 1249 2553 praecipit
1264 2475 1332 2539 Leo
1346 2472 1387 2537 X.
1409 2472 1441 2536 dc
1464 2477 1508 2539 ita
1523 2479 1619 2538 etiam
1636 2473 1826 2537 declaratum

255 2577 349 2618 rum.
381 2553 458 2620 Haec
488 2573 591 2620 autem
620 2560 736 2622 ieiunia
759 2557 953 2620 celebrantur
992 2572 1018 2613 i.
1055 2550 1114 2617 suit
1143 2575 1162 2616 a
1190 2552 1271 2618 sacra
1298 2553 1364 2615 Con
1386 2572 1480 2630 regat.
1514 2556 1593 2630 quod
1624 2550 1827 2645 approbatum

256 2635 348 2699 initio
369 2635 633 2714 Quadragelimae,
653 2657 682 2697 a.
700 2641 730 2699 in
752 2635 1020 2700 hebdomadaPen·
1055 2632 1113 2696 suit
1136 2632 1172 2696 ab
1191 2631 1322 2723 Urbano
1334 2574 1419 2693 vsll.
1438 2633 1588 2708 inBulla,
1608 2654 1675 2709 quae
1696 2634 1824 2708 incipit:

253 2709 401 2789 tecosteS,
418 2728 446 2792 3.
469 2719 499 2777 in
520 2716 706 2794 Septembri,
725 2739 754 2795 4.
773 2718 803 2777 in
824 2712 1000 2779 Decembri.
1054 2717 1130 2778 Cum
1149 2732 1290 2788 evenire,
1311 2714 1395 2776 edita
1413 2728 1461 2787 η.
1484 2711 1590 2776 Oslob.
1616 2711 1703 2792 1638.

258 2834 262 2841 -
294 2788 417 2867 insuper
437 2795 496 2857 alia
517 2797 669 2869 primaevis
679 2796 862 2872 temporibus
881 2792 1019 2856 instituta
1095 2791 1213 2856 ieiunia
1229 2812 1324 2868 vero,
1342 2811 1408 2868 quae
1426 2791 1516 2857 semel
1538 2791 1707 2856 introdusit
1727 2810 1826 2869 apar-

251 2867 341 2934 suere
369 2874 481 2934 ieiunia
507 2876 536 2934 iii
570 2874 728 2948 Ecclesia,
766 2896 892 2950 quoium
919 2874 1020 2947 aliqua
1056 2871 1176 2934 ticulari
1203 2868 1344 2936 Ecclesiae
1379 2867 1625 2946 consuetudine,
1662 2891 1742 2933 nunc
1772 2889 1824 2944 per

253 2952 383 3016 suerunt
398 2956 571 3016 commiuii'a
592 2953 755 3018 universali
776 2951 918 3017 Eccleliae
933 3000 942 3026 ,
960 2949 1020 3014 alia
1055 2968 1157 3014 totam
1191 2950 1348 3015 Ecclesiam
1367 2946 1568 3015 observantur
1595 2972 1635 3014 eir
1656 2947 1744 3026 ipsius
1768 2949 1827 3013 Ec·

254 3050 333 3093 vero
352 3050 415 3093 tion
437 3036 645 3098 communiae
671 3055 742 3100 nam
761 3030 909 3099 sancitum
923 3028 968 3094 est
990 3032 1019 3092 iii
1055 3029 1152 3095 cleliae
1168 3050 1350 3108 praecepto,
1379 3030 1449 3094 suut
1474 3034 1623 3095 ieiunium
1650 3034 1682 3091 iii
1712 3031 1848 3107 vigiliia'

256 3109 309 3172 lib.
328 3110 356 3171 6.
388 3108 615 3185 capitularium
643 3132 702 3193 cap.
726 3111 791 3194 184.
820 3129 855 3175 ut
884 3110 1019 3188 legitima
1055 3108 1301 3186 Apostolorum,
1329 3130 1444 3185 praeter
1471 3111 1608 3189 vigiliam
1630 3110 1679 3173 SS.
1697 3108 1827 3188 Philippi
1938 3177 1940 3188 ¹

258 3192 321 3256 tria
337 3189 450 3253 ieiunia
472 3194 503 3253 in
519 3210 601 3256 anno
621 3212 753 3273 agantur
773 3240 781 3265 ,
802 3188 872 3253 idell
890 3189 1020 3267 quadra·
1054 3189 1089 3256 ἀ
1110 3189 1209 3255 iacobi
1266 3189 1300 3255 ἀ
1320 3192 1348 3252 5.
1368 3191 1453 3254 loau.
1474 3189 1590 3268 Evang.
1620 3210 1749 3267 quarum
1765 3210 1828 3254 una

254 3272 342 3348 ginta
369 3268 432 3332 dier
458 3288 531 3336 ante
552 3271 763 3337 Nativitatem
791 3272 915 3334 Domini
934 3318 955 3361 ,Ι
971 3287 1017 3347 40.
1057 3270 1162 3333 incidit
1186 3236 1266 3333 insta
1290 3289 1407 3334 temnus
1431 3268 1600 3352 paschale,
1621 3270 1681 3334 alia
1698 3274 1729 3333 in
1749 3269 1831 3335 celo·
1916 3279 1945 3374 s

254 3364 331 3411 aute
359 3346 463 3422 pascha
484 3396 497 3424 ,
521 3351 554 3415 dr
581 3349 857 3429 pollPentecollen
877 3368 926 3429 40.
948 3347 1019 3410 rdell
1054 3349 1171 3420 britate
1197 3349 1320 3413 Natalis
1349 3348 1505 3411 Domini.
1536 3348 1676 3414 Aliarum
1707 3349 1830 3428 vigilia·
1906 3379 1916 3418 i

254 3446 330 3491 ante
361 3428 573 3492 Nativitatem
602 3432 630 3493 S.
658 3432 741 3496 loan.
768 3431 858 3503 Bipt.
880 3426 1020 3492 uthabe·
1056 3453 1142 3518 rum,
1164 3450 1230 3505 quae
1250 3434 1280 3491 in
1301 3430 1469 3493 Dominicis
1494 3432 1635 3494 incidunt
1654 3478 1662 3507 ‚
1680 3431 1831 3494 ieiunium

253 3525 305 3571 tur
321 3508 417 3570 etiam
433 3528 472 3570 eir
489 3511 647 3575 Amalario
664 3510 713 3573 lib.
734 3533 762 3589 4.
780 3512 817 3573 de
833 3508 947 3573 divinis
968 3503 1019 3585 Os·
1058 3512 1246 3582 anticipatur
1263 3513 1294 3570 in
1311 3507 1445 3572 Sabbato
1466 3556 1475 3587 ,
1500 3506 1537 3573 dt
1562 3509 1599 3572 de
1624 3509 1669 3571 liis
1689 3508 1830 3573 omnibus

245 3591 298 3664 fic.
319 3604 379 3664 cap.
402 3603 447 3664 37.
471 3584 579 3652 &lid
603 3611 629 3651 i.
651 3609 712 3668 cap.
734 3594 781 3669 36.
813 3589 893 3652 Haec
917 3608 1019 3650 tanien
1053 3588 1187 3654 habetur
1215 3607 1254 3648 ex
1280 3585 1385 3651 innoc.
1407 3585 1463 3649 ill.
1487 3592 1538 3662 qui
1566 3592 1611 3653 ita
1639 3590 1831 3664 praecipitio

254 3665 492 3743 quadragenaria
509 3671 622 3731 ieiunia
641 3719 650 3747 ,
667 3688 783 3745 praeter
800 3670 947 3732 ieiunium
962 3688 1019 3731 aii·
1053 3689 1118 3746 cap.
1145 3664 1307 3732 Concilium
1339 3668 1376 3729 de
1399 3664 1542 3744 observat.
1572 3666 1706 3732 inanior.
1736 3666 1828 3732 Circa

254 3763 289 3808 te
302 3746 419 3834 ,Palilia
442 3793 451 3822 ,
471 3767 532 3810 nori
549 3769 637 3812 erant
659 3756 716 3815 tori
735 3747 873 3812 Ecclesiae
893 3751 1019 3811 univer·
1056 3768 1133 3812 vero
1153 3750 1301 3810 ieiunium
1317 3746 1346 3826 S¹
1363 3746 1532 3826 Matthia,
1548 3747 1672 3823 quando
1692 3747 1757 3811 eius
1778 3750 1832 3812 vi·

253 3822 358 3901 salia,
384 3824 431 3887 scd
449 3830 645 3902 particularia
662 3829 858 3904 quarumdem
875 3826 1020 3890 Ecclelia·
1055 3829 1126 3904 gilia
1152 3844 1297 3889 occurrat
1325 3821 1401 3890 seria
1424 3829 1521 3891 tertia
1548 3824 1612 3903 post
1632 3825 1830 3891 Dominicam

254 3923 349 3971 rutur
370 3905 463 3967 itaut
482 3907 552 3971 aliae
571 3907 817 3987 Quadragesimae
837 3926 951 3983 praetei
964 3908 1021 3970 Pa·
1054 3903 1337 3984 Qiiuqua'gesimae,
1358 3904 1623 3970 iamdeclaratum
1640 3905 1683 3970 est
1704 3927 1724 3970 a
1742 3901 1830 3972 sacta

253 3979 386 4048 sebalem
403 4002 488 4048 erant
508 3983 600 4050 solius
621 3987 734 4051 consilii
767 4010 802 4070 ac
818 3988 1020 4062 devotionis,
1055 3989 1200 4065 Congreg.
1218 3987 1266 4050 die
1289 4001 1338 4064 23.
1361 3986 1425 4049 lan.
1447 4006 1529 4051 anno
1552 3989 1638 4066 1694
1664 3986 1769 4050 eadem
1785 3984 1829 4049 se·

256 4082 427 4139 uoupraece
469 4066 547 4142 i,ut
560 4085 697 4139 pateteir
712 4064 900 4140 responsione
913 4066 1018 4129 innoc.
1056 4075 1098 4130 ria
1131 4069 1192 4129 elie
1213 4065 1452 4129 celebrandum.
1477 4066 1627 4130 Similiter
1650 4068 1828 4144 precipitur

256 4140 313 4204 lll.
329 4140 463 4208 consuti
489 4144 526 4207 ab
547 4144 693 4224 Episcopo
717 4146 911 4210 Bratliarensi
947 4168 1018 4210 nuni
1056 4149 1201 4209 ieiunium
1217 4146 1338 4222 Vigiliae
1356 4145 1698 4222 Nativitat'isDomini,
1716 4144 1750 4210 ἀ
1768 4145 1829 4210 Al·

255 4224 290 4283 in
313 4222 461 4287 Adventu
479 4224 516 4286 lit
533 4229 753 4303 ieiunandum,
779 4248 850 4290 cum
871 4226 1019 4290 innocen·
1054 4224 1230 4300 sumptionis
1245 4224 1279 4285 B.
1302 4227 1457 4305 Virginis,
1471 4243 1506 4288 ut
1529 4244 1614 4306 patet
1633 4247 1674 4289 eir
1689 4245 1754 4300 cap.
1777 4229 1827 4291 Ex
1847 4259 1850 4266 ·

252 4299 512 4378 tiiitsimpliciter
534 4303 736 4376 respondeat:
766 4306 919 4370 Ieiunium
942 4307 1022 4384 apud
1051 4317 1164 4383 parve,
1196 4305 1245 4369 ubi
1277 4322 1558 4383 tanquamcertum
1585 4301 1768 4381 supponitur
1783 4305 1826 4367 di·

254 4404 308 4444 rias
325 4379 361 4446 a·
381 4383 519 4448 adventu
536 4397 638 4463 agitur
657 4435 666 4462 ,
693 4385 743 4449 ubi
767 4384 894 4450 sormam
912 4407 1019 4462 propo-
1053 4383 1134 4448 dium
1155 4387 1302 4447 ieiunium
1318 4387 1384 4448 iure
1402 4388 1557 4447 communi
1575 4384 1732 4447 indusium
1752 4380 1827 4447 suis-

254 4465 426 4536 nitpon'ut
444 4485 533 4538 quam
551 4465 646 4542 legem
665 4466 798 4530 indicet.
830 4464 903 4530 Fuit
925 4469 1020 4530 etiam
1056 4464 1112 4540 se,
1138 4466 1170 4526 in
1192 4464 1259 4527 aliis
1281 4482 1355 4528 vero
1372 4465 1537 4541 pervigiliis
1556 4463 1590 4526 B.
1613 4464 1724 4527 Mariae
1741 4463 1827 4543 Virg.
1948 4515 1951 4520 .

254 4538 318 4620 alia
344 4542 453 4606 Romae
466 4543 705 4621 Quadragefima
732 4565 805 4611 ante
830 4546 1020 4621 Allumptio·
1056 4548 1193 4608 ieiunant
1213 4542 1317 4609 fideles
1336 4565 1375 4607 eir
1390 4542 1586 4621 devotione,
1610 4565 1671 4609 noo
1688 4563 1728 4608 eir
1748 4563 1827 4624 prt-

256 4642 329 4686 ΜΠ
346 4620 381 4696 Β·
401 4622 562 4701 Virginis,
587 4646 682 4702 quani
708 4623 841 4701 suadet,
865 4648 924 4689 nori
947 4647 1022 4692 vero
1057 4641 1167 4697 cepto.

236 4688 342 4767 niubet
360 4702 511 4766 Nicolaus
531 4702 555 4765 l.
577 4708 607 4766 in
626 4705 767 4785 apin-ad
791 4704 952 4785 bulgaros.
1095 4705 1188 4767 Porro
1209 4702 1274 4766 baec
1293 4701 1363 4767 sunt
1380 4704 1513 4780 ieiunia,
1525 4724 1595 4780 quae
1613 4721 1669 4770 aut
1688 4725 1728 4768 ex
1747 4723 1826 4781 prae·

296 4782 378 4846 item
407 4784 584 4847 triduanum
613 4786 759 4851 ieiunium
787 4787 817 4846 in
845 4788 947 4863 aliqua
967 4787 1022 4851 Ec·
1055 4799 1147 4858 cepto
1167 4781 1307 4847 Ecclesioe
1323 4830 1334 4860 ,
1349 4803 1403 4848 aut
1423 4801 1461 4845 ex
1482 4781 1702 4848 consuetudine
1723 4783 1824 4862 legiti-
1943 4849 1953 4865 ,

236 4860 348 4930 elesii
365 4861 543 4928 servabatur
560 4911 570 4941 ,
587 4868 619 4930 in
635 4867 736 4931 triduo
755 4866 949 4930 Litauiccum
969 4866 1021 4931 seii
1055 4883 1104 4925 ma
1124 4860 1260 4926 fidelium
1280 4859 1332 4928 sub
1360 4865 1451 4940 culpa
1474 4863 1599 4927 mortali
1627 4862 1666 4927 ab
1684 4862 1823 4926 omuibus

252 4939 464 5026 Rogationum
485 4945 658 5010 antediem
678 4941 866 5029 Ascenfionis
883 4948 1021 5021 Domini,·
1056 4940 1247 5008 observanda
1261 4941 1355 5006 suut.
1379 4943 1410 5005 Si
1438 4962 1507 5019 (ιω)
1524 4960 1628 5008 tamen
1650 4942 1754 5018 aliqua
1772 4962 1828 5006 an·

253 5023 339 5098 quod
368 5024 517 5086 ieiunium
536 5043 576 5086 ex
600 5028 701 5091 veteri
724 5021 865 5091 inslituto
880 5025 1021 5095 Ecclesia
1058 5025 1189 5111 riquitui
1206 5019 1448 5089 observabantur
1467 5018 1541 5086 seria
1555 5044 1586 5102 4.
1605 5019 1641 5087 &
1655 5022 1685 5084 6.
1698 5040 1741 5087 ex
1759 5041 1826 5097 cap.

250 5098 494 5178 Mediolanensi
505 5104 724 5188 innovatus.
742 5106 871 5176 Caruliii
889 5106 1021 5178 Burrbo·
1057 5103 1177 5178 munla
1201 5100 1268 5169 dist·
1298 5099 1335 5168 ise
1360 5104 1513 5250 ousiosim·
1544 5101 1580 5170 dr
1607 5096 1827 5251 smgffl'
1902 5132 1904 5137 ·

391 5235 396 5246 .
1331 5201 1333 5205 ’
1502 5198 1521 5244 a
1943 5205 1958 5216 ⁶
