4425 6000
462 502 1424 584 ‘sanor-ntCourrrrcr.Caa.Xllll1.
1600 512 1675 605 287

236 626 248 673 r
268 602 406 684 quisnam
421 601 459 669 sit
479 604 575 669 barret
596 601 751 665 institutus
767 601 919 666 Authent.
959 604 1090 682 opinio:
1121 600 1192 667 hinc
1214 600 1319 668 lnbiun
1339 606 1402 669 itur
1418 605 1491 683 quid
1509 603 1724 688 suptaeorunr

236 698 301 757 Μ
319 692 346 752 s.
360 706 388 748 ι.
408 685 466 749 cod
488 685 525 749 de
539 684 649 764 restam.
671 701 700 775 ²5
715 680 921 775 Quoda'dvte·
957 683 1096 749 valorem
1110 679 1302 776 sentiendam
1319 627 1359 750 bt
1382 686 1483 762 quoad
1504 683 1606 757 forum
1625 692 1725 756 inter·

236 786 343 833 aarum
379 762 524 843 scriptum
553 759 718 828 necessario
753 779 921 846 requiritur
954 782 1035 835 ,num
1047 759 1261 830 nonsuennae.

236 864 324 924 mra,
344 844 406 908 srne
421 865 480 920 qua
497 842 713 908 testamentum
734 838 855 905 buiulce
870 862 921 921 ge-

257 926 376 990 nullum
394 921 466 1001 est,
495 942 558 988 non
584 940 658 989 vero
682 921 718 985 ad
740 923 920 998 nuncupati·
1281 929 1311 991 a.
1352 923 1402 993 11.

241 1052 252 1086 ,
271 1025 343 1071 nam
360 1006 432 1069 licet
448 1002 535 1067 hodie
556 1004 589 1066 in
608 1000 786 1079 scripturam
805 1001 921 1080 rediga·
1314 1074 1321 1087 ·

249 1084 308 1149 boc
328 1100 432 1148 tamen
452 1081 489 1148 fit
510 1079 605 1148 solum
622 1100 677 1160 pro
699 1081 920 1157 commodiori,
958 1082 1000 1141 Dr
1018 1079 1121 1142 valore
1137 1077 1319 1166 Jeflamenla
1337 1078 1381 1141 aa
1406 1075 1512 1157 truffas
1536 1079 1724 1167 prophanas,

237 1163 341 1231 ciliori
360 1160 563 1243 probatione,
586 1164 658 1240 aeg.
684 1161 717 1225 ira
740 1180 772 1225 re
787 1182 815 1239 4.
832 1160 867 1243 ff.
882 1161 922 1225 de
995 1159 1114 1246 quando
1129 1176 1158 1221 rt
1173 1155 1532 1249 &fictialimreqmfiaae
1544 1157 1682 1248 solemni·

243 1241 423 1386 instrunt&
446 1244 528 1320 Quia
548 1246 580 1305 in
601 1239 786 1307 testamento
805 1260 922 1305 nuncu·
1035 1249 1082 1301 las
1098 1235 1351 1327 rnlfrrornrerm,
1367 1238 1639 1320 rdeflconscr‘mrae,

236 1342 263 1389 o
282 1340 373 1388 nect
417 1343 477 1401 es,
499 1342 556 1387 nec
578 1322 708 1386 tellator
735 1319 787 1385 lub
800 1320 919 1386 tribunt

236 1420 323 1482 parant
348 1450 358 1480 ,
382 1401 467 1467 sicuti
488 1403 653 1478 requiritur
678 1404 711 1464 in
736 1399 920 1467 testamento
993 1396 1084 1463 Circa
1098 1398 1159 1463 boc
1172 1398 1303 1469 ¹celebria
1320 1394 1630 1486 -grauisqueversatur
1643 1418 1722 1467 ,oon-

236 1498 268 1547 ιο
292 1529 301 1558 ,
328 1486 382 1547 cit.
402 1483 477 1562 Leg-
494 1482 546 1547 bac
564 1481 625 1547 cod.
647 1482 708 1545 eud.
733 1478 918 1558 snpraaiaae
956 1478 1104 1543 troversia
1124 1527 1134 1556 ,
1156 1480 1190 1541 in
1239 1499 1279 1543 ua
1299 1495 1360 1543 trra
1380 1478 1452 1543 lunt
1472 1479 1636 1546 Dostorum
1655 1477 1722 1543 sen·

249 1559 461 1628 solemnitates
478 1561 628 1639 requisitae
643 1559 681 1625 de
703 1563 768 1626 iure
787 1560 873 1627 civili
883 1560 919 1625 ad
956 1558 1085 1622 tentiae.
1103 1559 1204 1623 Prima
1218 1500 1377 1627 dementia
1391 1559 1449 1635 „dr
1469 1554 1512 1623 eli
1530 1559 1670 1640 Fagnani
1689 1562 1722 1627 in

236 1661 296 1707 rem
313 1639 489 1707 testamenti
509 1662 598 1720 ,non
620 1642 816 1719 requiruntur
835 1660 920 1706 com·
954 1657 1018 1716 cap.
1029 1658 1102 1709 ,cum
1116 1636 1182 1721 effes
1200 1657 1250 1707 ιο.
1267 1638 1651 1727 δειιβαης..ιι1ιόιιιπηιιε,
1665 1639 1722 1705 do·

236 1728 291 1787 jtet
310 1723 347 1786 de
363 1724 429 1786 iure
455 1725 604 1787 canonico
661 1737 698 1785 ut
716 1726 921 1787 communiter
954 1735 1003 1783 cet
1024 1716 1241 1784 taliamentum
1266 1718 1302 1782 ad
1325 1718 1442 1783 caullas
1471 1719 1639 1797 prophanae
1662 1739 1720 1789 aa·

236 1821 272 1879 tp
290 1821 358 1867 cum
377 1801 444 1881 effes
462 1820 507 1864 ro.
529 1767 691 1883 adeledam.
710 1800 793 1865 Nam
801 1802 838 1866 de
854 1805 919 1867 iure
953 1817 1022 1863 rent
1039 1818 1120 1876 una,
1142 1798 1194 1864 vel
1214 1796 1349 1877 pluribus
1369 1794 1614 1865 solemnitatibus
1638 1819 1657 1864 a
1674 1802 1720 1863 iu·

236 1883 305 1945 nito
317 1880 353 1944 ad
371 1883 507 1947 valorem
517 1879 763 1947 testamentisrve
773 1879 811 1946 ad
829 1879 914 1948 caus·
953 1898 988 1943 re
1008 1876 1159 1959 positivo.
1212 1873 1308 1943 uisrtis
1328 1925 1337 1954 ,
1356 1878 1479 1955 quando
1504 1880 1625 1945 aliunde
1638 1900 1720 1947 ,ton-

236 1964 297 2040 iar,
316 1960 379 2025 slve
389 1962 425 2027 ad
442 1963 609 2043 prophanae
624 1980 690 2026 non
706 1962 774 2039 plur
790 1965 919 2040 requiri·
953 1956 1011 2052 llet
1032 1957 1110 2022 banc
1130 1900 1219 2023 fuddde
1240 1954 1396 2051 tellatorit
1417 1959 1613 2025 voluntatem
1632 2007 1642 2038 ,
1664 1980 1719 2052 ya-

236 2060 385 2185 liliis
409 2040 506 2185 idm
530 2039 832 2186 llll‘zlll
853 2090 862 2119 ’
884 2041 918 2108 ⁸¹
953 2036 1264 2183 libelluli}
1278 2055 1425 2181 ‘millis
1440 2036 1719 2184 lllll‘lssllit

236 2196 321 2280 effes.
346 2144 436 2266 diret
456 2143 531 2266 becrb
548 2143 639 2266 reddes
667 2142 917 2267 ebiamciudeccaap:
951 2139 1038 2262 licide
1059 2199 1194 2263 retinere
1214 2165 1319 2292 ‘potdst
1341 2141 1575 2274 haereditatem,
1602 2143 1718 2263 velple·

236 2298 263 2344 uo
277 2281 394 2346 eaedem
410 2280 603 2346 conditiones
618 2284 816 2358 requiruntur
831 2302 868 2347 ac
882 2283 916 2345 in
951 2294 1057 2357 garum
1068 2295 1112 2341 ex
1129 2279 1190 2342 tali
1210 2274 1385 2353 imperftdlo
1410 2276 1600 2349 taliamento
1616 2282 1718 2358 acqui·

248 2358 364 2438 civili,
389 2358 462 2425 idest
483 2360 562 2437 quod
582 2359 643 2425 srnt
664 2363 787 2440 rogati,
816 2361 917 2426 idonei
952 2356 1068 2434 litum,
1097 2376 1153 2421 nec
1175 2356 1299 2421 reddere
1322 2372 1449 2425 tenetur
1477 2356 1590 2422 haeredi
1611 2358 1649 2424 ab
1668 2363 1717 2423 in-

236 2452 299 2505 nan
325 2438 477 2517 dispositio
505 2442 580 2506 iuris
603 2440 705 2506 civilia
732 2460 795 2507 non
828 2440 865 2506 srt
885 2443 917 2505 in
952 2435 1082 2515 testato,
1098 2435 1151 2501 nist
1162 2437 1329 2503 accedente
1339 2434 1627 2525 iuditissententia,
1646 2461 1716 2518 que

236 2517 363 2585 mrrear
386 2539 437 2598 per
457 2524 503 2585 ius
523 2522 706 2586 canonicum
725 2568 734 2600 ,
751 2522 813 2587 imo
833 2521 918 2586 vide·
950 2516 1097 2587 decernat
1116 2520 1145 2581 ei
1165 2516 1350 2583 restituenda
1368 2516 1432 2583 elle
1449 2516 1619 2595 bomilia,
1639 2536 1715 2585 tunc

236 2618 244 2663 r
269 2598 394 2677 probata
415 2603 447 2664 in
473 2618 533 2681 cap.
559 2601 724 2666 revelatum
742 2620 789 2665 rr.
813 2602 849 2666 dt
875 2613 918 2665 ae·
949 2600 1031 2661 enim
1052 2600 1155 2662 ‚etiam
1175 2601 1208 2661 in
1235 2595 1304 2663 foro
1331 2594 1527 2663 eonscientiae
1553 2614 1717 2669 teneretur

245 2618 289 2741 dn
308 2676 428 2745 deseilu
448 2699 525 2746 vero
541 2683 652 2758 proprii
671 2681 801 2745 Paroehi
818 2683 855 2744 de
868 2684 917 2745 iu·
951 2676 989 2741 ad
1010 2675 1240 2743 restitutionem
1255 2700 1266 2756 ;
1282 2676 1340 2742 lrac
1361 2694 1467 2771 tamen
1487 2696 1550 2743 non
1571 2680 1715 2745 accaden-

236 2759 346 2843 nonico
366 2758 440 2825 satis
459 2759 503 2824 est
521 2759 541 2823 sa
561 2758 714 2826 addantur
724 2760 783 2825 duo
798 2760 852 2825 alii
871 2776 917 2824 te·
951 2774 983 2821 te
1000 2756 1137 2822 haeredes
1152 2755 1190 2822 ab
1213 2754 1360 2823 intestato
1375 2772 1503 2839 tenetur
1518 2755 1570 2835 ipsi
1594 2760 1715 2824 tradere

245 2840 299 2916 qui
315 2858 387 2903 turn
404 2840 471 2904 aliis
489 2836 563 2903 sunt
579 2858 735 2917 quatuor,
760 2840 822 2904 duo
841 2859 917 2916 quo·
950 2835 1182 2914 hereditatem,
1203 2857 1238 2901 ac
1259 2837 1392 2920 legatum
1408 2834 1531 2901 solvere
1544 2856 1586 2901 err
1602 2839 1659 2903 tali
1668 2841 1714 2901 in-

237 2919 428 2993 equivalent
449 2918 601 2993 Parocbo,
616 2917 818 2996 sunnlentque
835 2921 916 2985 uices
949 2915 1087 2981 officioso
1103 2915 1289 2981 testamento
1307 2914 1466 2993 relillum,
1477 2915 1514 2982 dt
1533 2914 1715 2984 itasustinet

236 3027 258 3076 a,
278 2995 396 3064 tametsi
414 3002 558 3064 marrimae
577 2999 616 3066 srt
637 2999 847 3081 radionatis,
878 3017 914 3064 ut
949 3015 1018 3064 turn
1036 3016 1076 3060 ex
1096 3000 1165 3061 iure
1183 3000 1339 3062 canonico
1357 3016 1422 3073 cap.
1438 2994 1545 3065 ,ultim
1571 2999 1717 3064 valaniae

256 3095 295 3142 ex
318 3099 383 3156 cap.
400 3077 650 3146 remanebis&
677 3077 913 3158 alibideaadil.
949 3101 976 3157 4
1008 3097 1094 3145 cau.
1157 3121 1194 3150 ,„
1249 3091 1346 3144 .,a.
1371 3092 1439 3141 tum
1467 3096 1509 3142 ex
1535 3080 1602 3142 iure
1627 3080 1715 3145 ciuili

236 3157 374 3224 :docent
394 3181 465 3224 tum
481 3163 634 3224 conmuni
652 3158 752 3225 abbir
770 3209 779 3238 ,
796 3161 915 3226 Covar·
984 3164 1084 3265 «ἴῃ
1105 3161 1180 3247 w,
1221 3195 1225 3205 f
1254 3159 1302 3226 16.
1323 3157 1382 3223 cod.
1404 3158 1443 3222 dr
1458 3158 1566 3239 testam.
1583 3176 1652 3225 tum
1667 3178 1715 3225 et·

236 3255 256 3301 a
274 3258 346 3302 cum
363 3238 553 3304 Molina.ln
567 3240 688 3304 ditione
708 3240 839 3305 Romani
851 3240 912 3303 lm·
949 3233 1050 3302 ra*
1069 3241 1098 3280 ·‘
1152 3255 1205 3300 ne
1218 3286 1233 3311 ,,
1281 3239 1333 3303 uia
1351 3258 1392 3303 err
1407 3237 1594 3304 testamento
1611 3241 1716 3308 minut

241 3363 253 3394 ,
280 3316 314 3384 dt
335 3318 386 3384 ubi
407 3316 552 3384 servatur
582 3319 632 3385 lus
654 3320 828 3385 Romanum
848 3338 914 3384 tam
944 3318 1072 3387 solemni
1096 3320 1198 3410 oritur
1226 3261 1376 3412 obdigatio
1395 3319 1572 3400 naturalia,
1599 3318 1634 3386 ἀ
1655 3322 1714 3386 Le·

236 3416 282 3462 >ro
307 3395 510 3464 ecclesiastico
532 3420 624 3478 quam
654 3398 789 3466 laeaulari
824 3399 914 3465 testa·
947 3419 1018 3479 ges,
1036 3419 1104 3476 quae
1124 3393 1215 3462 drllas
1235 3396 1444 3465 solemnitates
1468 3397 1507 3464 ad
1522 3399 1715 3467 testamenta

236 3467 411 3543 aiacienda
432 3476 529 3557 sunt,
558 3478 592 3545 ἃ
619 3479 780 3549 iudicanda
809 3478 915 3545 secun·
946 3474 1173 3557 praescribunt,
1215 3473 1383 3544 fundantur
1408 3483 1440 3543 in
1474 3477 1715 3559 presumptione

236 3553 446 3624 blemnitater
468 3558 506 3624 de
525 3558 686 3624 iureciuili
724 3557 909 3636 raescriptas:
947 3557 1081 3636 fraudis,
1104 3574 1140 3621 ut
1161 3560 1263 3622 omnis
1282 3555 1365 3624 statu
1390 3560 1532 3625 evitetur
1555 3608 1567 3648 2
1592 3562 1626 3625 dr
1656 3582 1714 3626 vo·

236 3638 365 3704 tionibus
375 3659 451 3703 vero
461 3639 623 3717 temporali
633 3640 692 3704 iuri
706 3636 826 3704 distioni
835 3643 912 3704 Pon·
950 3638 1053 3703 luntas
1093 3636 1254 3704 ¹testatoris
1280 3639 1410 3703 omnino
1446 3638 1637 3718 impleatur,
1679 3660 1714 3704 ac

236 3715 390 3782 rsubieilis
405 3713 568 3784 seeundum
587 3717 797 3784 solemnitates
816 3718 911 3788 deiu-
945 3718 1070 3795 proinde
1092 3735 1201 3783 onnes
1225 3716 1402 3796 conspirant
1432 3719 1464 3780 in
1490 3715 1633 3784 savorem
1663 3735 1713 3783 te·

236 3800 350 3863 nonico
360 3798 572 3878 praelcripms,
591 3794 815 3877 buteonibus,
832 3816 869 3862 ιιι
879 3803 910 3861 in
946 3796 1066 3863 statoria
1095 3797 1168 3876 Leg.
1196 3797 1305 3878 ρπβ.
1350 3816 1379 3859 2.
1408 3797 1471 3861 rod·
1502 3797 1538 3862 dt
1562 3797 1709 3875 fideicom.

236 3896 283 3953 an
304 3899 371 3943 tam
387 3876 471 3958 effes.
488 3879 536 3941 Sic
556 3872 640 3942 Glus.
663 3874 733 3941 ibid.
753 3879 838 3942 verb.
851 3876 909 3941 im·
944 3877 1144 3954 Praesumptio
1159 3894 1264 3966 autem
1284 3811 1366 3942 cedit
1381 3879 1509 3943 veritati
1537 3894 1598 3957 cap.
1623 3877 1712 3959 [uper
1739 3903 1745 3916 ι

236 3977 314 4034 raus,
338 3960 499 4038 Layman,
521 3956 715 4036 Alexander,
736 3955 770 4023 dt
787 3957 839 4022 alii
856 3960 907 4034 qui
943 3957 993 4021 boc
1013 3978 1040 4035 5.
1062 3957 1098 4021 dt
1113 3967 1277 4021 renuunt.
1300 3957 1373 4038 Leg.
1392 3957 1557 4024 continuus
1586 3959 1623 4025 de
1638 3979 1712 4024 ver·

236 4053 296 4101 rtur
317 4037 397 4103 banc
420 4038 481 4103 elle
508 4057 701 4103 conmunem
728 4035 763 4102 ἃ
782 4034 908 4115 sequen·
943 4036 999 4101 bor.
1013 4035 1284 4182 staffili-Qum
1301 4058 1375 4101 cum
1396 4037 1517 4102 aliunde
1536 4041 1657 4106 tonllat
1673 4042 1711 4104 de

236 4116 396 4182 iudicando
423 4117 458 4185 ἀ
485 4116 668 4188 consulendo
691 4116 754 4194 ,dr
774 4115 909 4181 Reiffen·
943 4136 1049 4183 verat
1096 4120 1193 4182 aroris
1202 4115 1386 4194 voluntate,
1400 4118 1495 4183 cessat
1513 4115 1711 4198 praesumptio

236 4215 271 4260 at
291 4197 453 4275 Fagnanus
472 4197 607 4266 afferunt
630 4198 807 4275 opinionem
828 4198 907 4261 hant
943 4196 1074 4275 fraudis,
1096 4199 1131 4266 de
1148 4195 1265 4262 cessant
1285 4195 1356 4274 ipsae
1376 4197 1472 4276 leges,
1493 4219 1550 4264 nec
1570 4200 1711 4279 obligant

236 4276 358 4340 etudine
373 4277 432 4342 elle
451 4297 606 4356 receptam
625 4324 635 4355 ,
657 4296 693 4341 ac
712 4269 782 4342 ideo
798 4294 906 4341 tenen·
943 4277 1052 4342 saltem
1072 4281 1104 4341 in
1121 4274 1312 4345 conscientia
1333 4325 1343 4351 ,
1364 4298 1401 4342 ac
1417 4278 1542 4353 proinde
1562 4282 1710 4344 voluntas

242 4359 313 4432 quia
334 4378 405 4422 cum
423 4358 531 4423 Clerici
554 4358 614 4423 srnt
634 4360 738 4432 cives,
758 4359 792 4423 δι
809 4377 905 4421 mem·
943 4355 1098 4421 testatoris
1116 4356 1195 4422 effer
1211 4356 1381 4435 implenda,
1401 4355 1474 4424 licet
1490 4357 1709 4423 testamentum

236 4436 399 4513 eipublicae
417 4440 467 4501 ubi
489 4439 604 4518 degunt
631 4457 756 4514 aequum
774 4436 818 4501 est
839 4486 849 4513 ,
871 4436 905 4502 dr
941 4434 1025 4500 ditiis
1047 4435 1294 4504 solemnitatibus
1311 4453 1417 4503 careat
1438 4486 1448 4517 ,
1473 4438 1639 4506 dummodo
1658 4440 1710 4504 ad·

248 4521 363 4582 rationi
380 4518 547 4587 conionum
573 4566 581 4597 ,
609 4536 644 4582 ut
668 4519 700 4580 in
716 4516 803 4582 rebus
823 4537 906 4581 mere
941 4513 1000 4580 sant
1021 4515 1174 4595 requifitae
1193 4517 1388 4582 conditiones
1410 4540 1428 4583 a
1455 4521 1521 4583 iure
1539 4520 1678 4584 naturali
1698 4570 1709 4597 ,

236 4597 273 4660 :ir
293 4594 486 4664 saecularibus
507 4597 618 4741 legibus
642 4598 781 4663 locorum
798 4599 907 4660 leton·
942 4597 975 4662 ἃ
991 4595 1144 4660 Gentium
1162 4601 1233 4677 Lag.
1244 4596 1363 4677 adigere
1382 4601 1409 4661 6.
1423 4606 1450 4666 i.
1470 4616 1498 4659 a.
1521 4598 1706 4682 deiurrpurr.

236 4678 515 4756 nt.Ven1mquia
555 4699 601 4743 arc
617 4679 721 4743 omnia
741 4677 905 4755 respiciunt
943 4675 977 4739 ld
998 4693 1102 4740 autem
1119 4695 1210 4754 quam
1226 4679 1516 4826 maxinrffiagendum
1532 4677 1595 4753 est,
1616 4701 1710 4757 quan·

254 4774 423 4822 externum
442 4758 539 4836 quoad
566 4758 679 4824 iudicia
702 4759 735 4819 in
757 4758 813 4824 hoc
834 4761 905 4821 loro
942 4755 981 4819 do
1012 4754 1222 4821 solemnitates
1252 4754 1343 4822 defire
1405 4778 1418 4822 t
1453 4756 1637 4824 testamento
1656 4759 1709 4823 vel

237 4838 316 4902 enda
344 4837 433 4914 luper
461 4837 680 4918 testamentis,
707 4856 775 4913 que
805 4840 839 4899 in
859 4856 906 4901 re·
941 4834 981 4904 ob
995 4837 1230 4914 ignorantiam,
1263 4837 1314 4900 vel
1330 4837 1370 4902 ob
1385 4840 1599 4915 impotentiam
1615 4835 1708 4901 tella·

240 4936 254 4980 a
276 4915 518 4981 solemnitatibus
540 4917 705 4992 deficiant,
723 4922 847 4994 inquo,
867 4933 903 4979 nt
940 4918 1045 4991 toris,
1074 4917 1121 4979 ita
1143 4932 1177 5003 ut
1193 4915 1314 4981 eonllet
1327 4917 1398 4982 illas
1418 4938 1480 4983 non
1494 4923 1621 4983 omnino
1652 4935 1709 4980 vo-

242 4995 332 5061 Card.
356 4997 393 5060 de
414 4999 501 5063 Luca
521 4996 640 5063 distuli.
663 5018 715 5062 ar.
742 4998 777 5062 dr
804 4995 902 5058 donar.
943 4995 1077 5082 luntario¹
1092 4990 1179 5059 suisle
1196 4993 1234 5058 ab
1260 5015 1300 5059 eo
1321 5000 1559 5074 praetermissas,
1583 4996 1656 5072 quia
1676 4999 1708 5059 in

236 5074 271 5140 est
302 5093 430 5156 recepta
457 5080 649 5144 communior
672 5073 904 5144 Moralillarum
942 5074 997 5142 tali
1023 5075 1093 5142 calu
1115 5093 1228 5144 revera
1243 5093 1386 5156 ageretur
1412 5094 1522 5143 contra
1554 5074 1710 5141 tellatoria

279 5201 281 5206 -
1613 5171 1670 5218 vo·
