4425 6000
616 508 1489 619 T'arcr.pa'c0nrt·'icr.cn.11.
1707 522 1785 631 ’πῃ
1918 628 1926 639 Ι

265 642 405 717 tionem,
426 634 476 700 rel
498 632 661 704 secundum
675 642 870 705 taxationem
890 638 962 715 lepis
974 684 983 711 ,
997 634 1032 701 &
1068 637 1227 715 Mamali,
1249 634 1382 715 temus,
1400 636 1505 801 mbo,
1521 633 1696 713 Bonacina,
1710 638 1834 701 casdim
1925 642 1942 703 “,

265 743 330 789 uon
348 716 515 785 secundum
535 720 686 793 privatam
700 722 932 799 cognitionem,
948 717 1033 789 &am
1068 720 1105 784 de
1120 721 1207 787 Luca
1226 719 1335 799 deripi.
1360 716 1443 797 disca
1464 760 1472 777 .
1559 736 1611 793 per
1640 731 1759 793 totum,
1785 714 1838 781 ubi

265 800 500 867 (limationem.
535 796 626 864 Unde
649 818 719 863 tum
739 801 771 864 in
790 798 851 865 tali
868 796 939 863 calu
968 816 1033 872 per·
1069 798 1485 869 asseritdecisionemRotae.
1527 797 1671 863 icemenr
1688 817 1719 864 v.
1737 816 1764 873 g.
1790 798 1837 877 pi·

262 882 354 947 duret
372 878 462 944 valor
481 881 837 957 communicaremus,
860 876 924 944 sive
951 894 1031 943 com·
1068 880 1167 959 stem,
1190 880 1223 943 ln
1246 899 1307 957 quo
1334 882 1505 957 reperiatur
1524 895 1662 957 gemma,
1680 876 1730 939 vel
1753 875 1837 943 aliud

259 961 366 1027 munit
393 956 627 1037 estimationis,
646 957 711 1023 sive
733 960 807 1041 legit
832 958 1031 1038 taxationit;
1067 960 1222 1039 quidpiam
1240 954 1548 1041 pretiosumpenitur
1569 960 1711 1033 ignotum
1732 958 1840 1023 vendi·
1868 954 1874 969 ’

260 1061 334 1113 cum
357 1038 410 1105 lex
427 1040 534 1117 prior,
559 1036 592 1105 dt
612 1036 774 1104 aellimatio
793 1041 965 1109 communit
984 1056 1032 1102 re·
1068 1044 1150 1119 tori,
1168 1040 1251 1104 iiiior
1270 1038 1308 1104 fit
1328 1088 1338 1121 ,
1357 1042 1403 1104 ita
1423 1056 1461 1103 ut
1483 1036 1563 1101 nihil
1580 1051 1722 1101 teneatur
1750 1038 1841 1104 resti·-

262 1135 381 1186 uocata
406 1114 561 1197 nonsit,
592 1117 677 1189 licite
703 1117 765 1185 line
796 1118 861 1185 ulla
882 1114 1031 1185 iniustitia
1067 1139 1161 1188 tuere
1192 1121 1347 1186 venditori
1369 1166 1378 1197 ‚
1398 1120 1468 1197 quia
1495 1114 1618 1183 invenit
1639 1116 1670 1179 in
1694 1134 1728 1181 re
1756 1114 1832 1184 sua:

261 1218 351 1269 aperit
368 1195 532 1277 vendi,dt
557 1216 682 1269 moneta
704 1200 836 1278 expendi
857 1196 957 1281 potell
978 1195 1031 1271 luo
1068 1202 1213 1271 venditor
1242 1203 1325 1265 euim
1349 1217 1412 1264 non
1444 1194 1506 1262 fuit
1533 1198 1688 1265 dominus,
1703 1197 1748 1262 rei
1772 1218 1841 1277 pra·

315 1282 381 1343 tio.
1055 1279 1156 1348 tiosae
1195 1300 1266 1346 curu
1280 1279 1474 1359 ignoraverit
1491 1274 1532 1341 ibi
1551 1276 1705 1353 inveniti,
1726 1296 1761 1345 tc
1770 1298 1839 1359 pro·

301 1356 441 1423 Obl'erva
455 1374 563 1423 tamen
582 1376 610 1425 r·
631 1355 714 1436 poiie
728 1360 883 1429 interdurn
910 1358 1029 1435 peccari
1068 1360 1139 1429 inde
1154 1331 1193 1427 fit
1210 1364 1307 1439 ptimo
1331 1360 1539 1435 invenientis,
1559 1351 1611 1420 seu
1631 1358 1728 1432 prim
1743 1378 1838 1425 occu·

259 1442 293 1505 in
311 1440 368 1505 hoc
384 1456 495 1502 contra
515 1436 719 1515 charitatum,
739 1458 775 1510 ut
792 1440 813 1519 fi
831 1440 947 1509 vendas
961 1459 1029 1527 pau·
1067 1446 1188 1521 pautis,
1208 1462 1269 1519 quo
1287 1439 1404 1517 titulo,
1420 1456 1529 1515 nempe
1554 1438 1743 1527 inuentionis
1772 1460 1837 1505 tem

281 1522 327 1587 eri
344 1537 487 1597 magnam
502 1520 620 1591 copiam
635 1536 756 1597 terum.
777 1542 845 1599 qua
864 1518 1030 1588 bteviluot
1067 1522 1235 1602 pretiosam
1250 1517 1302 1587 sibi
1319 1520 1469 1599 acquirit,
1488 1534 1551 1581 non
1566 1514 1665 1581 titulo
1678 1538 1839 1595 purtem·

261 1598 498 1663 imminuendae:
521 1614 611 1665 vetat
635 1600 717 1662 enim
732 1602 868 1667 charitat
890 1618 929 1663 ne
944 1598 1032 1665 indu·
1067 1603 1200 1683 ptionic,
1216 1617 1254 1667 ut
1275 1602 1364 1666 citati
1382 1596 1538 1665 audieret.

259 1698 312 1755 car
334 1682 506 1757 proximum
533 1680 565 1741 in
590 1698 718 1759 gravem
745 1679 976 1758 ,ncceii'ttatenn
994 1694 1030 1743 ut
1108 1683 1214 1759 pitter
1229 1699 1335 1749 tameo
1351 1676 1537 1744 censendum
1550 1674 1595 1743 est
1609 1674 1647 1742 de
1663 1679 1771 1761 venir,
1786 1676 1844 1761 leu,

262 1778 302 1849 tx
322 1758 381 1825 hae
401 1756 520 1852 luctum
545 1760 716 1838 percipias,
736 1756 825 1826 sicuti
853 1761 939 1827 iubet
960 1779 1030 1824 eum
1068 1761 1178 1829 fodinis
1198 1759 1415 1839 metallorum,
1438 1758 1489 1829 vel
1503 1756 1569 1845 alio
1586 1760 1744 1837 minetali,
1762 1782 1837 1903 qum

261 1839 410 1919 opitulari
438 1856 535 1902 etiam
559 1858 630 1900 cum
658 1839 760 1916 aliquo
784 1838 933 1905 bonmmu
961 1858 1030 1903 tuo·
1067 1846 1097 1907 iu
1113 1841 1278 1907 visceribus
1303 1842 1365 1919 agri
1386 1838 1553 1905 celantur:
1582 1856 1655 1901 nam
1674 1838 1741 1904 haec
1774 1860 1836 1908 unt

262 1940 332 1985 rum
348 1916 552 1983 detrimento.
576 1914 667 1981 Unde
687 1915 708 1981 li
728 1916 916 1987 charitatem
944 1920 1029 1985 laedis
1051 1942 1133 2001 pars
1153 1918 1324 2000 fondi‚qui
1341 1914 1556 1985 nonconsillit
1574 1914 1683 1982 insola
1709 1917 1835 1999 superfi-

260 2016 325 2065 non
344 1994 553 2063 subveniendo
574 1998 712 2073 proximo
739 2001 770 2062 in
799 2003 883 2080 gravi
905 1996 1029 2065 occelli·
1067 2006 1135 2081 cie,
1151 2000 1200 2067 sed
1217 2004 1248 2064 in
1267 2019 1336 2067 tota
1356 1991 1567 2081 profunditate
1589 1993 1678 2073 usque
1699 1999 1747 2081 ad·
1762 2021 1837 2066 cen·

259 2094 328 2145 tate
344 2076 534 2156 conlditut03
555 2096 626 2143 tum
653 2076 759 2143 valeat
779 2078 842 2146 sine
862 2084 947 2161 gravi
975 2096 1031 2144 tuo
1067 2101 1151 2147 trum
1171 2099 1263 2147 tettae
1288 2102 1300 2157 ,·
1329 2078 1444 2144 idcirco
1471 2074 1505 2142 dt
1532 2074 1666 2153 spetiant
1687 2080 1724 2142 ad
1741 2081 1837 2145 domi·-

260 2156 469 2232 incommodo,
493 2156 580 2233 piane
607 2159 748 2221 immunis
768 2178 831 2227 non
850 2164 911 2226 etia
931 2160 1029 2225 acul-
1067 2183 1140 2227 num
1157 2166 1243 2241 agri,
1267 2156 1452 2227 &infundi
1480 2158 1638 2232 emptione
1661 2178 1698 2222 ea
1717 2158 1836 2238 semper

260 2256 321 2317 pa,
341 2236 363 2298 li
385 2234 424 2301 ob
450 2256 538 2302 tuam
559 2234 730 2303 utilitatem
761 2240 793 2301 in
826 2236 1029 2305 huiuscemodi
1067 2241 1137 2306 sunt
1164 2239 1412 2316 confideranda,
1446 2258 1518 2302 cum
1549 2256 1624 2300 vere
1650 2233 1736 2307 statui
1761 2262 1836 2305 cuin

260 2314 473 2382 necessitatem
496 2318 656 2381 coniiciat.
679 2315 727 2383 lta
750 2318 938 2399 Reginaldut
958 2340 1030 2386 curn
1066 2319 1162 2387 fundo
1181 2340 1343 2386 emantur.
1364 2318 1439 2383 Non
1453 2315 1560 2382 delum
1582 2332 1688 2379 tamen
1704 2322 1834 2397 quilen·

261 2396 353 2463 aliir.
379 2416 407 2457 2.
429 2394 610 2463 Violatetut
639 2395 758 2463 iustitia
780 2399 940 2468 vendendo
962 2422 1031 2467 cur·
1067 2406 1153 2468 tiunt
1189 2399 1288 2468 uodst
1308 2418 1431 2477 emptor
1444 2396 1475 2463 id
1492 2398 1833 2475 ignoraverit,acideu¹

259 2478 343 2543 renti
375 2482 476 2555 pierio
495 2496 569 2551 tes,
597 2494 726 2555 quatum
743 2484 877 2555 pretium
898 2478 937 2547 ob
964 2484 1030 2546 elur
1066 2483 1147 2548 bona
1167 2424 1226 2547 fide
1241 2486 1369 2559 emerit,
1390 2498 1452 2545 non
1468 2476 1505 2541 sit
1521 2475 1671 2542 obnoxius
1686 2500 1833 2558 compen·

263 2558 378 2625 vitium
398 2557 599 2623 minuendum
619 2554 682 2636 eil,
701 2578 772 2623 tum
791 2580 829 2625 eo
845 2561 907 2640 ipio
926 2578 973 2627 res
994 2561 1030 2627 il·
1067 2560 1207 2641 sationi,
1234 2582 1306 2627 nam
1326 2580 1403 2639 quae
1432 2578 1522 2622 nemo
1548 2561 1638 2621 novit
1669 2579 1731 2624 non
1758 2560 1832 2626 sont

264 2636 292 2701 la
312 2638 375 2701 iarn
394 2652 469 2703 tunc
491 2638 601 2703 vitiosa
622 2642 801 2721 ccnlearur,
821 2662 857 2709 ac
880 2644 948 2706 ideo
969 2644 1030 2707 iam
1068 2646 1167 2729 pretio
1185 2640 1374 2709 estimabilia
1414 2635 1461 2709 sed
1482 2634 1541 2701 sese
1561 2636 1674 2704 habent
1691 2643 1724 2702 in
1749 2641 1835 2705 ordis

210 2718 247 2773 >lt
265 2734 345 2781 nuuc
366 2717 466 2781 minua
488 2718 588 2781 valet.
612 2714 661 2779 Est
680 2722 1027 2801 communir.l·1÷'ncqui
1067 2742 1105 2786 ne
1121 2722 1158 2787 ad
1176 2720 1333 2786 hominum
1347 2688 1598 2795 estimationem,
1615 2739 1677 2783 non
1694 2720 1777 2786 secus
1794 2734 1833 2787 ac

210 2794 544 2877 ²¹¹·oetultecoguolcit
565 2794 651 2863 {uum
666 2798 835 2864 debitorem
852 2822 1030 2880 aptumnon
1067 2800 1086 2864 st
1110 2822 1171 2865 non
1192 2801 1305 2865 client.
1333 2802 1363 2863 Ρ.
1380 2800 1537 2865 Antoine.
1561 2798 1616 2860 Sed
1644 2798 1681 2861 de
1698 2799 1743 2864 hir
1756 2801 1834 2867 latia

258 2876 319 2943 elie
336 2876 374 2941 ad
392 2873 591 2956 solvendum,
612 2878 746 2945 vendere
767 2883 876 2958 nequit
896 2882 962 2947 tale
981 2882 1030 2945 de·
1067 2880 1179 2946 dilium
1194 2881 1258 2953 est,
1277 2878 1326 2943 ubi
1339 2880 1377 2941 de
1395 2898 1497 2942 reruni
1513 2877 1665 2941 dominio.

210 2956 363 3046 ambitum
379 2960 480 3036 pretio
496 2956 668 3040 ordinario,
684 2975 794 3036 utpote
810 2958 927 3037 quodin
946 2960 1031 3027 sevi·
1107 2962 1218 3026 Emenr
1242 2979 1307 3027 rem
1327 2957 1399 3036 liin,
1418 2955 1453 3024 dt
1476 2961 1627 3022 communi
1648 2955 1827 3028 aestimatio·
1842 2966 1912 3036 Qud
1930 2974 1964 3025 ai

260 3039 374 3108 tioium
390 3035 429 3100 stt
440 3085 450 3116 ,
468 3039 540 3114 quia
558 3039 648 3104 valor
667 3039 783 3115 debiti,
801 3038 854 3104 seu
868 3039 1029 3122 obligatio·
1067 3063 1106 3107 ne
1126 3042 1239 3117 vilem,
1266 3039 1289 3104 si
1310 3039 1373 3118 post
1392 3039 1580 3115 emptionem
1598 3036 1760 3118 cognoscat
1781 3040 1827 3106 es·
1842 3049 1949 3126 ‘'PU“

258 3119 306 3187 nir
326 3117 462 3184 multum
484 3117 593 3195 pendet
617 3140 635 3184 a
655 3119 844 3185 certitudine
860 3117 1029 3186 solutionis.
1067 3122 1096 3187 le
1116 3121 1296 3200 pretiosam,
1322 3139 1385 3184 non
1406 3135 1533 3183 tenetur
1554 3119 1667 3196 aliquid
1689 3119 1828 3186 restitue·
1845 3113 1898 3208 {3¹⁰¹
1919 3115 1966 3161 Μ

211 3221 213 3232 ·
280 3197 336 3264 ‚Si
361 3201 573 3276 interrogatur
600 3221 639 3263 an
671 3203 805 3280 pretium
834 3201 1030 3268 minuendum
1067 3223 1098 3269 te
1119 3201 1292 3276 venditori,
1323 3221 1392 3262 narn
1414 3218 1459 3263 ter
1488 3205 1570 3262 tanti
1592 3200 1699 3278 valet,
1717 3179 1966 3289 ‹purtntien'pss⁸

259 3213 297 3346 ze
309 3296 447 3358 ,negem
467 3277 588 3367 &tideo
605 3278 770 3347 inducatur
787 3279 912 3346 alretad
928 3299 1032 3345 emen·
1065 3283 1271 3348 comitiunitet
1305 3277 1495 3356 estimatur,
1532 3300 1567 3341 ac
1601 3280 1734 3355 ideoqui
1765 3288 1933 3349 temtiou.

259 3359 349 3433 dum,
370 3378 478 3434 peccas
497 3376 607 3423 contra
625 3357 797 3437 iustitiam,
817 3359 850 3425 dt
867 3364 981 3425 teneris
992 3360 1028 3425 ad
1064 3363 1140 3427 eniit
1180 3367 1260 3427 tetio
1275 3362 1478 3424 communiter
1499 3355 1576 3423 lullo
1592 3359 1763 3440 aestimato,
1781 3367 1828 3427 iu-

259 3439 487 3506 testitutionem
507 3485 516 3514 ,
537 3441 605 3514 quia
625 3435 755 3515 fraude,
776 3437 848 3503 idest
877 3443 1031 3507 mentien·
1065 3441 1126 3518 sse,
1197 3443 1280 3508 licite
1299 3443 1355 3504 tali
1374 3443 1474 3518 pretio
1495 3443 1593 3503 emit.
1617 3439 1826 3518 Undestqult

256 3521 296 3586 do
316 3567 326 3600 ,
355 3517 471 3582 idcirco
505 3520 556 3581 via
583 3517 694 3584 iniusta
721 3519 838 3585 inducia
858 3522 1027 3600 proximum
1064 3539 1149 3588 emat
1165 3519 1285 3597 aliquod
1302 3539 1378 3597 vas,
1401 3517 1435 3584 dt
1455 3519 1524 3591 qnid
1545 3519 1640 3582 limile
1660 3526 1829 3586 communi·

256 3599 293 3666 ad
312 3597 578 3670 contrahendum.
1065 3621 1113 3667 ter
1131 3617 1273 3679 puratum
1291 3599 1351 3662 ess'e
1367 3619 1406 3660 ex
1427 3599 1482 3661 vili
1505 3599 1651 3678 ιιιειεΗο,
1666 3599 1699 3663 ἃ
1723 3601 1827 3677 postea

210 3693 238 3744 l:
266 3685 271 3690 '
294 3679 398 3746 Sciens
424 3683 460 3742 in
487 3680 591 3743 alieno
616 3699 690 3759 agro
722 3677 902 3744 thesaurum
927 3679 1027 3744 latere
1065 3681 1235 3761 reperiatur
1251 3679 1290 3742 ab
1308 3695 1447 3753 emptore
1466 3697 1506 3740 ex
1528 3697 1622 3755 auto,
1643 3676 1695 3740 vei
1719 3699 1826 3758 argeu-

210 3773 219 3807 ¹
254 3779 292 3824 an
313 3759 399 3823 licite
423 3757 513 3836 poffit
530 3759 578 3825 hic
593 3779 696 3824 emere
713 3779 818 3830 attunt
837 3762 936 3836 pretio
946 3780 1027 3826 com·
1063 3759 1211 3839 to,nil1il
1231 3776 1358 3824 tenetur
1378 3755 1536 3820 rcilitoere
1561 3757 1735 3838 venditori,
1754 3765 1831 3838 quia¹

210 3841 242 3932 sm
253 3843 336 3906 muni
351 3887 362 3918 ,
378 3857 415 3904 ut
432 3839 490 3902 iiat
510 3825 826 3928 dominus‘thesauti,
854 3837 1026 3915 discrepant
1062 3859 1175 3906 revera
1200 3840 1283 3904 tanti
1303 3839 1380 3901 emit
1400 3839 1508 3912 quanti
1531 3852 1606 3903 tunc
1635 3836 1757 3904 valebat
1777 3839 1828 3905 se·

210 3921 239 4000 'm
254 3921 337 3984 inter
355 3917 385 3983 se
405 3917 576 3983 Dodlores.
607 3917 743 3996 Qudam
768 3923 850 3982 enim
870 3917 1026 3984 affirmant
1060 3921 1195 3987 cundum
1216 3937 1411 3984 communem
1439 3911 1694 3996 aessimatiom,
1725 3929 1831 3998 aqua'

210 4025 233 4064 ι.
254 3999 312 4064 hoc
333 3997 402 4064 fieri
425 4001 504 4078 polle
524 4046 532 4075 ‚
553 3999 587 4066 dt
614 4005 685 4077 quia
707 3999 855 4066 Matthaei
874 4000 1026 4080 13.vide-
1060 3998 1227 4066 desumitur
1247 3996 1358 4062 iustum
1379 3997 1513 4073 pretium
1530 3997 1694 4077 naturale,
1708 3998 1831 4066 &vul-⁴

256 4097 308 4144 tur
327 4080 460 4144 innuere
480 4075 615 4142 Christus
643 4077 701 4143 hoc
728 4079 817 4144 licere
837 4128 847 4158 ,
870 4081 941 4156 quia
960 4077 1025 4145 the·
1060 4103 1131 4159 gare
1150 4101 1272 4156 terum,·
1292 4073 1496 4144 &sententia
1517 4075 1584 4144 hec
1599 4077 1726 4145 videtur
1738 4089 1832 4146 com-¹

255 4157 359 4224 fautor
375 4178 439 4225 noo
461 4157 504 4222 ell
522 4179 588 4238 patr
609 4156 714 4236 fundi,
735 4179 791 4225 nec
807 4164 873 4222 eius
895 4156 1026 4236 studius,
1060 4163 1175 4226 mimir.
1194 4156 1404 4223 Nihilominus
1425 4172 1530 4220 tamen
1545 4177 1603 4238 ego
1623 4158 1834 4236 diceretncir·t

254 4259 324 4304 cum
341 4237 381 4302 ibi
402 4256 465 4304 non
489 4235 527 4304 sit
559 4255 667 4317 natus,
689 4239 740 4304 l'ed
762 4238 875 4318 positus
903 4235 1025 4319 fuerit,
1059 4261 1094 4306 ca
1116 4240 1173 4306 hoc
1191 4236 1433 4311 observandum,
1453 4256 1525 4300 num
1545 4238 1617 4302 talir
1631 4257 1718 4304 ertot
1737 4243 1831 4308 circa·

255 4339 312 4384 nec
329 4321 470 4398 pertinet
490 4319 526 4382 ad
553 4318 711 4383 dominum
738 4322 820 4398 agri,
839 4319 935 4383 donce
955 4341 1025 4383 eum
1060 4341 1124 4384 tem
1152 4318 1315 4398 pretiolam
1341 4316 1380 4380 fit
1412 4317 1683 4392 immemorabilis,
1711 4318 1759 4386 dt.
1774 4333 1833 4387 ree·

254 4401 519 4479 invenerit,cum
539 4397 741 4466 thesaururin
758 4397 1025 4480 nulliusbonitstt,
1059 4421 1122 4464 non
1148 4396 1302 4465 transierit
1323 4396 1359 4463 de
1378 4396 1500 4462 liaetede
1519 4401 1551 4461 i'n
1572 4399 1747 4479 liaetedem,
1771 4401 1832 4467 led·

253 4480 349 4560 instit.
374 4479 412 4546 ide
432 4499 489 4545 rer.
515 4474 605 4559 diury.
632 4478 712 4544 Item
734 4483 804 4558 quia
822 4479 933 4544 iulium
954 4499 1024 4561 pre·
1059 4477 1224 4546 successive
1243 4499 1261 4542 a
1281 4477 1418 4550 piurimis
1444 4495 1546 4554 empta
1574 4476 1690 4560 fuerit3
1720 4481 1833 4549 itaut·

254 4561 336 4628 aium
360 4563 514 4637 repetitur
542 4581 582 4624 ειι
606 4563 762 4624 communi
790 4557 1024 4636 aestimatione,
1059 4556 1235 4638 perdifficile
1256 4555 1293 4622 lit
1313 4553 1392 4623 scite
1410 4555 1546 4634 quisnam
1566 4555 1662 4624 fuerit
1683 4562 1748 4626 eiuc
1768 4562 1832 4624 do·'

253 4643 317 4706 oon
333 4661 374 4706 ex
392 4640 534 4705 utilitate
551 4639 605 4704 loli
622 4639 754 4718 emptori
777 4659 874 4718 nota,
894 4661 963 4718 quae
980 4641 1022 4705 eii
1059 4643 1179 4716 minur;
1196 4657 1267 4704 cum
1290 4639 1322 4702 iu
1343 4636 1400 4702 hoe
1414 4634 1488 4702 casu
1509 4659 1557 4703 res
1573 4641 1610 4702 ie·
1626 4638 1738 4705 habear
1759 4659 1835 4722 nortt

254 4739 306 4798 per
329 4719 493 4800 accidens,
512 4720 546 4787 dt
569 4717 741 4784 extrinseca
766 4726 831 4798 rei,
860 4741 914 4787 nec
935 4739 1025 4787 tene·
1060 4717 1142 4786 secus
1163 4739 1199 4782 ac
1221 4717 1241 4782 ii
1263 4717 1378 4783 nulline
1398 4719 1454 4781 lit:
1476 4715 1497 4779 fr
1516 4719 1768 4784 enim'ttanstetit
1781 4722 1835 4785 alr*

254 4817 306 4867 tot
324 4819 449 4880 emptor
469 4803 621 4880 indicare,
642 4823 711 4864 cum
726 4800 845 4866 licitum
862 4799 898 4866 sit
914 4805 1023 4880 cuique
1059 4797 1180 4864 haerede
1200 4800 1231 4860 in
1252 4795 1422 4874 haetedem,
1442 4817 1512 4862 cum
1528 4798 1668 4864 dominus
1681 4799 1828 4877 comolet

253 4883 298 4946 uti
317 4883 438 4961 proptia
452 4877 584 4946 lcientlr
594 4881 634 4947 ad
648 4879 676 4944 id
686 4881 879 4962 acquirendo
916 4883 1030 4967 ‚quodi
1046 4875 1147 4955 ipoistt
1160 4925 1170 4954 ‚
1184 4877 1359 4956 ignorantia
1381 4877 1549 4944 venditorii
1567 4899 1632 4944 non
1697 4879 1755 4942 rell
1775 4876 1832 4941 es··

255 4963 368 5028 nullius
389 4959 445 5025 stt.
467 4961 530 5027 Alii
548 4978 650 5027 tamen
667 4963 859 5027 contrariom
915 4965 1022 5036 ss'iunt.
1059 4958 1088 5023 se
1113 4956 1164 5022 fibi
1188 4957 1325 5036 nociva,
1351 4977 1408 5023 nec
1430 4977 1565 5033 uuquam
1589 4979 1644 5022 cen
1658 4962 1702 5024 eri
1725 4956 1826 5034 potest

255 5039 290 5106 ln
313 5039 459 5108 favorem
480 5059 585 5109 tamen
607 5041 700 5106 sentit
717 5041 754 5104 D.
775 5037 836 5105 Th.
853 5061 881 5102 2.
894 5053 925 5102 a.'
935 5061 960 5120 q.
970 5045 1020 5106 66.
1059 5039 1129 5103 hnic
1147 5035 1319 5104 contradiui
1339 5035 1540 5117 consenuit,
1561 5041 1689 5116 ideoque
1703 5037 1829 5114 emptor

252 5137 310 5190 m.
328 5145 357 5202 5.
377 5123 473 5185 Sotur
495 5120 541 5184 liu
563 5124 593 5184 6.
610 5119 647 5186 de
664 5119 800 5198 iuilitia,
818 5121 1026 5190 Naratrutir
1058 5116 1156 5198 ipsum
1175 5113 1369 5196 compmsara
1392 5135 1570 5195 moeretur,
1584 5117 1624 5184 dt
1642 5119 1701 5188 ll'oc
1720 5115 1832 5182 rnrtitot

329 5203 419 5289 instit
450 5201 549 5292 Theoi
567 5203 675 5271 Morti.
697 5201 788 5270 Tom.
806 5201 860 5267 111.
1520 5198 1558 5265 M
1716 5213 1783 5266 tae·

1534 5319 1552 5358 'a
