4425 6000
536 529 704 604 Tnaer.
730 546 787 599 oe
814 524 1066 599 sumeretis
1097 523 1319 601 Decatoor
1348 521 1451 600 Cir.
1478 525 1523 599 X.
1687 549 1764 625 4¹3

258 642 346 707 tum,
362 646 418 693 nte
434 623 503 691 ideo
522 642 701 703 peccatum,·
723 626 754 686 in
772 622 870 688 altero
889 627 1023 688 ltemca·
1057 623 1245 703 deliberata,
1261 625 1358 690 adhuc
1377 623 1465 688 sicuti
1494 621 1578 689 suam
1600 619 1726 702 speciem
1765 624 1819 692 su··

258 709 294 773 su
313 730 384 773 cum
403 706 541 773 conditio
561 723 670 783 utpote
691 702 849 780 respiciens
878 704 1024 768 evitatio*
1058 708 1114 770 mit
1137 726 1155 770 a
1178 708 1315 781 motivo,
1333 724 1394 769 non
1418 704 1532 781 semper
1560 702 1604 767 esl
1626 704 1786 781 culpabilia
1804 752 1818 770 .

258 806 332 851 nem
347 787 443 862 culpa
457 834 465 863 ,
480 805 542 848 non
563 784 620 849 stet
638 806 706 849 cum
726 781 839 846 assessu
859 784 895 845 ad
922 801 1024 859 peeca-
1058 788 1160 860 Quare
1181 784 1218 848 ad
1234 782 1468 863 dignoscendum
1481 803 1521 848 an
1535 782 1818 860 displicentiaalte·

256 882 343 942 tum,
365 867 448 931 tollit
463 868 531 929 eius
551 864 717 939 malitiam,
742 861 827 926 &sie
842 861 879 928 ab
895 860 1024 926 eiusmo·
1059 868 1119 928 rius
1133 864 1204 928 boni
1222 861 1428 943 peccatumsit
1446 865 1584 937 respon,
1602 866 1818 929 recurrendum
1851 882 1855 890 ·

213 947 240 1001 li.
262 944 458 1010 di‘desrderio
474 945 523 1010 cul
548 964 615 1007 am.
635 943 683 1008 Sic
702 944 815 1007 Bonae.
832 941 984 1005 Sancliez.
1058 944 1100 1009 ess
1110 945 1146 1007 ad
1162 949 1332 1022 motivum,
1346 964 1387 1008 ex
1398 964 1458 1019 quo
1472 964 1571 1010 oritur
1581 944 1653 1009 talis
1661 940 1820 1018 displicen-

213 1045 224 1109 ‚⁰
302 1025 449 1089 Similiter
466 1046 500 1089 ac
519 966 696 1087 desiderium
709 1021 808 1099 mali,
837 1020 1025 1111 displicentia
1059 1022 1819 1101 tia‚ideslnumexinvidia,velodio,&tunc

213 1114 240 1195 ἀ
263 1101 624 1181 alteriusboni‚quaeesl
643 1105 756 1185 averfio
777 1102 1026 1166 voluntantum
1060 1102 1149 1181 plane
1175 1108 1235 1170 erit
1260 1121 1421 1181 peccatum
1441 1152 1450 1179 ,
1467 1121 1521 1168 aut
1552 1124 1591 1168 eri
1606 1102 1820 1182 indignatione

264 1182 519 1268 tristitie-cordis,
547 1180 680 1248 subiacet
701 1183 772 1248 huic
802 1197 955 1260 ptaetepto
969 1202 1025 1261 po-
1058 1184 1109 1251 vel
1126 1187 1259 1262 timore,
1276 1183 1310 1250 dt
1327 1202 1401 1249 tunc
1423 1182 1519 1247 solum
1547 1185 1703 1264 peccatum
1723 1205 1819 1263 quan·

262 1265 375 1343 sltemo
394 1264 538 1345 Decalogi
562 1268 640 1337 Rem
656 1262 789 1331 alienam
814 1285 872 1331 non
894 1263 1025 1341 concupi·
1058 1264 1097 1329 do
1117 1286 1180 1332 non
1201 1265 1237 1328 sit
1252 1285 1291 1330 ex
1312 1262 1389 1329 iusto
1407 1266 1544 1328 motivo.
1561 1264 1592 1327 Si
1613 1284 1689 1328 veto
1707 1284 1820 1405 [proce

259 1349 344 1428 scri.
365 1345 568 1424 Displicentia
587 1366 666 1412 vero
682 1347 719 1410 de
739 1347 820 1411 bono
838 1344 939 1409 alieno
956 1366 1025 1419 pro·
1059 1348 1112 1411 dat
1133 1368 1171 1411 eit
1190 1345 1260 1410 zelo
1288 1367 1343 1410 aut
1364 1344 1562 1411 aemulatione
1581 1393 1592 1422 ,
1608 1363 1683 1410 tunc
1719 1344 1820 1410 olum·

260 1431 368 1494 venire
388 1426 484 1506 potesl
502 1427 553 1490 vel
573 1446 611 1489 ex
623 1425 738 1490 invidia
751 1475 759 1501 ‚
772 1420 1026 1502 quiascilicetta·
1058 1428 1151 1490 modo
1164 1429 1224 1491 erit
1252 1423 1457 1503 peccaminosa
1475 1424 1598 1501 quando
1624 1423 1727 1489 debita
1755 1448 1822 1491 mo·

259 1511 291 1575 le
308 1508 421 1574 bonum
438 1506 720 1584 apprehenditutut
730 1506 949 1576 diminutivum
958 1525 1027 1576 pro·
1058 1506 1179 1571 deratio
1207 1528 1268 1571 non
1294 1505 1457 1570 servetur.
1481 1505 1657 1582 Opponittit
1673 1506 1705 1567 ln
1721 1508 1820 1582 ptimo

262 1590 335 1671 ptioe
354 1588 567 1661 excellentiae,
588 1587 638 1651 vel
655 1606 695 1651 ert
713 1586 803 1665 odio,
822 1582 1025 1662 quiaposside-
1058 1583 1132 1651 casu
1150 1586 1315 1667 charitati,
1336 1590 1369 1648 in
1396 1582 1443 1649 sec
1467 1586 1526 1649 ndo
1555 1586 1743 1648 ordinationi
1760 1586 1820 1650 Dei

262 1687 315 1735 tur
333 1668 371 1731 ab
396 1668 545 1739 inimico,
571 1666 620 1729 vel
644 1668 805 1741 anoxio,·
837 1665 888 1730 vel
913 1684 952 1729 erc
976 1684 1026 1729 ze·
1062 1666 1249 1741 disponentis
1269 1668 1301 1729 in
1318 1665 1417 1731 altero
1432 1608 1519 1730 issum
1539 1663 1670 1728 bonum'.
1693 1663 1722 1725 Si
1744 1686 1822 1730 vero

260 1749 291 1815 lo
325 1749 395 1823 quia
429 1744 594 1824 possidetur
628 1744 666 1810 ab
687 1746 793 1819 iniquo
819 1768 829 1823 ;
854 1744 904 1809 vel
925 1765 966 1808 ex
993 1763 1035 1809 ε·
1065 1748 1218 1811 motivum
1238 1748 1270 1809 in
1291 1745 1349 1810 hoc
1368 1743 1437 1809 casu
1461 1743 1498 1808 sit
1522 1740 1823 1820 iustum‚displicen·

262 1828 432 1893 mulatione
455 1873 466 1903 ,
493 1844 557 1889 non
583 1827 652 1900 quia
676 1823 842 1902 possidetur
871 1823 909 1889 ab
944 1824 1032 1899 alio,
1065 1828 1112 1889 tia
1130 1846 1170 1889 ex
1185 1825 1393 1904 indignatione
1406 1822 1616 1889 conformatur
1637 1821 1762 1887 iussitiae
1776 1825 1823 1888 di·

225 1921 228 1926 ’
262 1906 312 1971 sed
341 1909 500 1983 quianon
522 1903 686 1982 possidetur
705 1906 803 1969 etiam
819 1903 858 1968 ab
885 1901 974 1980 ipso.
999 1902 1029 1965 Si
1062 1902 1304 1981 stributlvae‚&
1323 1903 1512 1980 displicentia
1527 1925 1566 1969 ex
1587 1906 1697 1967 timote
1718 1902 1823 1969 conso·

262 1983 459 2064 displicentia
482 1984 743 2049 sit-indeliberata
767 2033 776 2062 ‚
800 1983 835 2049 dt
855 1999 969 2061 praeter
985 1984 1030 2044 in·
1063 2000 1118 2048 nat
1138 1985 1285 2049 charitati
1303 1990 1451 2062 propriae.
1470 1982 1505 2047 ln
1531 1985 1628 2049 tertio
1645 2000 1722 2047 veto
1744 1982 1765 2045 si
1790 1986 1824 2046 in
1904 2017 1908 2024 ·

263 2069 465 2139 tentionem,
486 2084 527 2127 eit
553 2084 742 2140 quocumque
771 2067 894 2129 motivo
923 2081 1029 2139 prove·
1060 2063 1129 2127 zelo
1153 2064 1187 2129 dt
1207 2066 1404 2129 aemulatione
1420 2064 1496 2128 desit
1520 2062 1707 2140 moderatio,
1722 2061 1826 2140 displi-

264 2148 352 2218 niat‚
374 2162 435 2206 non
455 2141 498 2206 est
515 2162 672 2218 peccatum
692 2139 802 2206 saltem
831 2163 943 2221 grave,
958 2161 1028 2205 cum
1060 2147 1162 2206 centia
1178 2144 1282 2209 deviat
1300 2166 1317 2207 a
1333 2145 1412 2210 tella
1428 2148 1567 2218 ratione,
1588 2139 1622 2207 ἃ
1646 2142 1668 2202 si
1693 2162 1822 2207 concut-

264 2241 341 2288 tunc
360 2219 396 2284 sit
414 2224 507 2285 animi
526 2220 618 2300 paffio
634 2222 796 2297 procedens
809 2243 848 2287 ex
865 2221 1026 2285 infirmita·
1061 2239 1112 2286 tat
1135 2224 1305 2289 moderatio
1324 2274 1334 2301 ‚
1352 2223 1541 2303 displicentia
1557 2242 1596 2284 ex
1613 2222 1683 2284 zelo
1701 2219 1824 2288 consor·

263 2320 298 2367 te
319 2317 440 2365 naturae
463 2345 471 2361 .
502 2301 533 2362 Si
563 2319 669 2366 autem
683 2300 727 2364 est
743 2302 909 2367 deliberata
937 2299 971 2365 δι
987 2320 1026 2363 ex
1064 2320 1169 2366 matur
1195 2304 1343 2368 charitati
1370 2307 1503 2379 alienae,
1528 2301 1562 2366 dt
1585 2299 1606 2362 si
1628 2300 1768 2365 nascatur
1783 2323 1824 2366 ex

262 2381 462 2457 intentione,
479 2397 556 2444 tune
572 2398 682 2457 utpote
699 2381 877 2446 voluntaria
897 2379 940 2442 ell
962 2399 1027 2456 pee-
1058 2383 1276 2459 aemulatione,
1290 2383 1437 2451 charitati
1451 2385 1579 2461 proptiae
1594 2377 1822 2466 conformatur.

237 2477 368 2524 ·catum
387 2479 481 2535 grave
498 2459 548 2523 vel
565 2461 635 2526 leve
654 2462 741 2523 iuxta
762 2465 948 2539 gravitatem
974 2459 1024 2546 vel
1059 2461 1137 2524 Vide
1157 2484 1225 2539 quae
1247 2466 1309 2528 iim
1323 2465 1454 2529 diximus
1473 2464 1511 2527 de
1521 2458 1642 2527 filiabus
1661 2464 1715 2525 itae
1731 2459 1825 2529 &ln-

262 2539 425 2607 leviutem
441 2543 598 2607 materiae.
621 2538 736 2603 Verum
752 2540 976 2618 quandoetiam
988 2540 1025 2602 sit
1059 2538 1151 2607 vidiae
1168 2540 1222 2608 suo
1243 2543 1331 2609 loco.

270 2717 1819 2768 OfflffltmwmfflfflfflfflfflfflUmmidio*mlfllfllflfflfflwflwflfflfflwmflfflffllfflmfflm

264 2807 1936 3041 TRACTATuu

343 3178 346 3184 ’
454 3133 573 3249 DE
605 3131 1636 3249 PRAECEPTISECCLESIAE.
1698 3240 1720 3249 ..

381 3337 495 3408 Ametsi
516 3337 661 3417 Decalogi
671 3353 823 3422 praecepta
835 3355 942 3414 utpote
962 3359 1028 3412 quae
1043 3353 1050 3375 ⁸
1064 3341 1165 3406 Mlffae
1191 3340 1335 3405 audiatur
1352 3360 1365 3413 ;
1394 3338 1490 3403 tertio
1520 3338 1629 3405 ieiunii
1666 3339 1833 3407 observan-

391 3439 573 3497 tauquama
594 3415 647 3484 suo
668 3414 755 3486 sonte
776 3417 813 3483 ab
832 3417 954 3483 infinita
970 3419 1029 3483 Dei
1065 3426 1163 3497 tiam,·
1184 3437 1293 3497 quarto
1312 3437 1447 3483 annuam
1472 3416 1727 3487 Sacramentalem
1753 3443 1831 3486 con-

390 3498 537 3578 sapientia
554 3504 641 3562 iuxta
656 3517 806 3564 eternam
830 3496 1031 3562 iustissimam·
1065 3500 1220 3566 sessionem
1239 3548 1248 3575 ‚
1268 3519 1303 3562 ae
1331 3495 1562 3563 eucharisticam
1583 3503 1831 3566 communionem

266 3599 327 3656 que
346 3583 410 3645 eius
431 3580 526 3657 legem
554 3582 746 3653 emanarint,
766 3583 813 3641 ita
837 3575 910 3640 satit
930 3573 1031 3652 supet·
1065 3599 1205 3656 tempore
1225 3578 1402 3655 Paschatia3
1432 3578 1543 3653 quinto
1564 3579 1748 3647 decimatum
1771 3581 1829 3643 Ec·

265 3679 326 3735 *lue
345 3659 404 3723 fini
421 3676 493 3736 apta
510 3659 546 3721 fid
566 3658 713 3720 moralem
728 3653 930 3719 Christianam
943 3654 1030 3718 disci·
1063 3657 1163 3726 clesiae
1176 3656 1348 3723 'Pastoribus
1366 3656 1568 3737 solutioncm;
1588 3680 1656 3736 quae
1673 3663 1774 3725 oinnia
1785 3662 1831 3721 in·

266 3738 384 3816 plinam
402 3734 615 3802 moderandam
636 3783 643 3810 ,
671 3733 966 3811 instituendamque,
992 3750 1029 3798 ut
1062 3739 1112 3807 sra
1130 3735 1284 3818 sigillatim
1299 3735 1518 3800 discutientur.

271 3816 294 3878 si
318 3819 460 3881 humanae
478 3813 608 3881 ustiones
630 3815 793 3879 seeundum
809 3814 931 3876 illorum
949 3814 1031 3889 prin·

270 3894 827 3975 cipiumdirigantur,nihilaniplius
842 3895 1031 3970 optatique·
1239 3894 1266 3959 C
1306 3898 1334 3960 A
1378 3896 1400 3957 P
1441 3892 1472 3956 U
1514 3893 1545 3956 T
1626 3896 1651 3959 l.

270 3995 306 4040 at
337 3973 376 4038 ad
402 3976 569 4053 integram,
589 3975 834 4053 completamque
856 3973 1032 4037 earumdem

270 4055 464 4120 honellttem
484 4103 492 4132 ‚
513 4077 560 4120 ae
590 4057 758 4131 pietatem3
779 4052 910 4118 Ecclesia
928 4070 1032 4117 tamen
1223 4062 1271 4123 De
1294 4058 1439 4140 festorum
1457 4053 1667 4136 Obseruantia.

269 4133 407 4209 suprema
434 4156 494 4212 qua
517 4155 558 4198 ex
584 4133 693 4198 Chrilli
720 4132 910 4197 institutione
937 4133 1031 4209 pollet
1498 4214 1500 4217 Υ

269 4212 1033 4358 ἰιυξὶῖήιὲειιεῇρᾳριιῑωηἧδεΙεωίῐυξῗ-ςυοςυε
1233 4298 1238 4308 Ι
1399 4222 1427 4281 5.
1468 4214 1495 4279 l.

281 4315 328 4373 egi
371 4315 384 4357 s
450 4315 499 4357 ma
542 4311 600 4358 atis
616 4311 751 4373 regeret,
770 4314 805 4357 ac
839 4313 1034 4368 acriusaper·
1196 4318 1210 4343 ·
1509 4333 1515 4344 -
1566 4334 1570 4345 ·
1625 4330 1633 4346 ι

268 4373 393 4438 duceret
410 4375 445 4436 in
462 4374 634 4438 divinorum
649 4370 1064 4438 mandatorumobset'vanr
1161 4340 1206 4402 θ’
1220 4333 1336 4400 dim
1347 4332 1487 4423 sest-mm
1503 4331 1682 4432 mmmm
1697 4354 1731 4401 α’
1831 4415 1835 4426 .

269 4457 365 4530 tiam,
386 4474 421 4516 ae
442 4455 621 4518 inaeternae
642 4448 1035 4529 salutieviam,ipsaquo·
1303 4469 1310 4545 ζ
1366 4413 1522 4492 mm·
1564 4531 1572 4544 1
1819 4442 1833 4507 ’.

262 4552 328 4609 que
348 4533 451 4609 aliqua
468 4533 566 4597 edidit
583 4548 775 4611 praecepte„
819 4531 883 4597 'bus
907 4530 1035 4596 divinus
1118 4529 1200 4594 Nter
1221 4551 1398 4610 ptaeerpua,
1429 4552 1496 4610 quae
1514 4533 1717 4601 Heotaeotum
1735 4530 1831 4674 pot·

267 4612 373 4677 cultur
393 4633 432 4677 eo
454 4614 549 4692 magis
570 4616 756 4691 iugatum,
796 4612 910 4677 delium
930 4612 1035 4676 santii·
1129 4631 1236 4690 gogae,
1255 4616 1366 4686 inqua
1387 4611 1492 4678 sutura
1507 4610 1618 4675 Christi
1644 4610 1733 4678 Eccle
1746 4632 1775 4676 ia
1792 4613 1833 4675 li-

268 4709 319 4758 tas
379 4684 518 4771 isestior,
534 4712 653 4757 necnon
672 4709 790 4757 aetetna
809 4688 1036 4757 eorumdemsa·
1070 4692 1236 4771 gurabatur
1259 4739 1269 4769 ,
1291 4696 1434 4772 ptaecepit
1455 4693 1558 4766 Deus,
1576 4710 1613 4756 ut
1644 4692 1774 4758 habetur
1797 4693 1836 4753 in

268 4773 316 4836 liii
346 4778 466 4838 ecurior
482 4771 674 4841 redderetur.
697 4770 788 4836 Unde
811 4793 872 4837 non
893 4772 975 4838 secut
1002 4794 1037 4838 ac
1072 4774 1230 4850 praeceptis
1245 4769 1389 4852 Decalogi
1405 4774 1509 4849 primii
1525 4772 1671 4848 Tabulae,
1691 4769 1753 4837 suit
1769 4770 1836 4833 di'e·

266 4851 414 4931 Deealogi
430 4852 598 4930 mandata,
614 4853 680 4917 ltaec
695 4849 989 4930 quoqueadlideles
1005 4873 1038 4917 o·
1071 4873 1138 4931 rum
1157 4847 1233 4914 sesto
1270 4872 1300 4913 m
1315 4853 1416 4919 cultus
1436 4852 1470 4918 dt
1490 4848 1702 4929 observantia,
1721 4867 1836 4925 nempe

267 4951 357 4996 mnes
385 4931 551 4999 universim
572 4977 578 4987 .
598 4935 736 4999 ertinent
761 4953 770 4995 ε
795 4929 831 5005 ἃ
858 4933 1037 5010 prtetipiunt
1072 4949 1109 4996 ut
1129 4930 1220 5010 popul
1276 4932 1457 5000 cettoedies
1480 4931 1610 5007 quodam
1628 4931 1766 5009 religioso
1789 4931 1837 4990 ri-

265 5014 370 5089 primo
395 5014 512 5078 dierum
537 4954 684 5077 sessorum
707 5009 971 5089 observantiam
994 5013 1038 5077 se·
1073 5031 1110 5079 tu
1141 5028 1339 5078 veneraretur
1364 5032 1417 5086 pet
1445 5010 1658 5098 abstinentiam
1685 5010 1728 5075 al>
1749 5006 1837 5072 omni

263 5092 374 5162 eundo
388 5111 424 5160 ut
444 5097 477 5156 in
497 5093 543 5157 liis
560 5091 662 5159 diebus
677 5091 832 5172 ptaeeiprie
849 5090 1040 5159 Sacrificium
1073 5090 1175 5167 servili
1191 5110 1301 5172 opere,
1318 5108 1356 5159 ut
1376 5093 1446 5157 inde
1467 5091 1496 5154 se
1517 5107 1620 5156 totum
1633 5091 1740 5158 divino
1766 5086 1835 5182 cul·

355 5194 383 5234 A
1748 5183 1802 5232 tui
