4425 6000
374 471 450 567 488
602 476 808 549 Tener.
835 493 903 548 ou
930 474 1291 554 Scrurruars
1324 470 1447 547 Car.
1472 470 1628 547 Uare.
1874 567 1876 572 Ι

324 565 438 638 Verum
456 594 526 637 cum
542 572 744 638 excludantur
760 572 797 636 ab
816 572 1014 640 ecclesiastica
1044 571 1085 635 se·
1122 571 1293 636 cerealium
1309 573 1417 648 unius,
1434 572 1483 636 vel
1506 572 1632 637 alterius
1644 564 1725 646 diei,
1747 589 1892 652 cumpa-

324 654 446 732 pultura
467 656 487 713 ii
509 670 649 731 tantum,
666 651 893 729 quisuntertra
906 652 1083 725 Ecclesiam,
1123 656 1254 716 nitentia
1264 653 1506 717 talismoriatur·
1531 651 1579 717 lta
1596 649 1808 729 quamplurimi
1819 655 1888 717 DD.

322 734 462 811 privandi
485 754 545 797 non
562 734 704 797 videntur
719 731 929 799 ecclesiasticae
951 733 1086 807 sepultu-
1121 731 1182 806 Qu
1206 753 1257 806 per
1287 753 1401 795 annum
1425 734 1578 811 integrum
1604 727 1747 796 confiteri
1764 781 1773 811 ,
1789 731 1825 799 ἀ
1845 731 1861 796 s
1874 761 1889 782 ·

323 833 366 878 τε
396 812 509 876 bonore
535 813 754 879 Catechumeni
776 860 786 889 ,
810 830 921 889 utpote
950 819 1001 888 qtvi
1017 833 1087 876 cum
1120 831 1202 874 cram
1221 810 1356 894 synaxim
1367 809 1822 889 tempotePasehatissuscipere
1835 834 1888 877 ne·

323 891 389 957 sieri
407 893 507 955 velint
524 892 707 969 Christiani,
726 912 789 958 non
805 895 942 956 censendi
952 893 1022 958 sunt
1034 890 1087 953 ln·
1121 893 1293 968 glexerint,
1309 889 1371 955 srne
1401 890 1478 954 iulia
1507 889 1635 966 catrssa;
1656 888 1677 951 sr
1706 909 1769 955 non
1795 890 1889 959 fuerit

321 970 448 1036 fideles.
471 973 553 1035 Nam
567 974 620 1037 etsi
642 971 822 1049 baptismum
845 974 1017 1038 adhucnon
1044 968 1087 1034 su·
1124 991 1214 1044 proro
1235 976 1300 1036 atio
1321 973 1357 1034 de
1372 970 1498 1037 consilio
1513 966 1691 1033 Consessarii
1708 973 1889 1048 canonisis

321 1048 471 1128 sceperint
494 1052 580 1129 assu,
595 1055 707 1116 mortui
728 1070 831 1117 tamen
859 1051 947 1130 sunt,
963 1073 999 1117 ut
1022 1050 1087 1127 sup·
1120 994 1274 1129 utriusbue
1285 1050 1377 1131 sexus
1396 1070 1442 1114 η.
1464 1048 1727 1130 deputassetis&
1757 1053 1886 1133 remr'ffio.

321 1135 448 1208 ponitur
465 1155 536 1196 cum
562 1149 639 1197 voto
653 1130 820 1210 Baptismi,
840 1131 873 1199 ἀ
894 1138 954 1197 iam
976 1131 1088 1195 baben·
1124 1128 1243 1193 Publice
1266 1127 1504 1208 blasphemantes
1532 1131 1629 1194 Deum
1651 1178 1660 1208 ,
1687 1128 1720 1193 ἀ
1741 1129 1857 1194 sanstus
1869 1177 1883 1210 ,

320 1228 371 1275 tur
391 1233 445 1289 pro
464 1212 621 1275 fidelibus:
641 1212 674 1277 de
697 1216 740 1276 ita
758 1211 851 1277 sentit
872 1214 994 1278 Samuel
1016 1234 1085 1275 cum
1121 1231 1269 1285 praecrpue
1280 1212 1314 1274 B.
1331 1212 1368 1273 V.
1379 1212 1548 1275 Morientes
1562 1214 1814 1287 impoenirentes,
1834 1211 1883 1275 vel

319 1288 423 1355 Gobat
440 1309 549 1357 contra
560 1294 791 1375 Leymannum,
807 1291 940 1357 aliosve.
961 1294 1032 1356 Sine
1043 1293 1085 1355 nl·
1120 1289 1140 1349 si
1163 1294 1380 1363 poenitentiam
1400 1295 1442 1354 eis
1469 1289 1637 1354 iniunssam
1657 1309 1719 1353 non
1741 1289 1886 1366 impleve-

318 1370 349 1435 sa
369 1389 472 1436 tamen
491 1371 699 1437 controversia
724 1374 864 1450 privandi
893 1372 961 1437 sunt
987 1374 1081 1436 eccle·
1120 1372 1182 1432 rint
1200 1392 1263 1432 cao.
1280 1371 1438 1452 statuimur
1447 1389 1475 1431 2.
1499 1369 1722 1434 dentuledicis.
1745 1369 1887 1434 Decima·

318 1448 603 1529 srastieasepultura
632 1472 738 1517 omnes
761 1474 799 1517 err
832 1452 886 1517 bac
914 1458 981 1517 vita
1001 1454 1086 1517 dece·
1119 1470 1186 1511 rum
1211 1447 1462 1536 Usttrpatotersr
1495 1448 1635 1514 Ecclesia:
1653 1470 1705 1514 eas
1727 1447 1887 1537 noncessi-

318 1530 426 1595 dentes
444 1530 505 1596 stne
526 1532 674 1610 baptismo
696 1531 760 1599 sive
780 1536 810 1594 in
830 1554 880 1609 re,
901 1531 1012 1597 sivein
1031 1553 1084 1597 vo·
1120 1529 1238 1592 tuerint
1257 1550 1322 1607 cap.
1342 1528 1504 1594 Prohibent.
1524 1546 1569 1607 19.
1592 1529 1631 1594 de
1661 1528 1807 1594 Decima.
1830 1526 1886 1593 Af·

317 1627 369 1686 ιο,
390 1608 506 1676 υεζίυηι
526 1611 616 1677 ludaei
629 1662 636 1687 ,
649 1612 1081 1691 Turcae,&Paganicap.Ec-
1120 1607 1189 1672 sesti
1211 1626 1354 1674 extremo
1375 1608 1517 1688 supplicio
1537 1630 1591 1685 pro
1620 1613 1750 1684 patratis
1767 1607 1882 1672 sceleri·

316 1689 837 1770 eseias.27.1tem1nsantesetiam
853 1693 1084 1759 Catholicorum
1117 1687 1189 1761 bus,
1212 1686 1233 1749 sr
1251 1687 1330 1767 signa
1351 1710 1411 1753 non
1428 1690 1565 1753 dederint
1588 1691 1782 1765 panitentiae
1810 1688 1884 1765 Cap.

318 1790 405 1835 certo
420 1772 601 1836 decedentes
619 1771 679 1835 sine
700 1771 864 1848 baptismo.
882 1773 912 1835 Si
937 1794 1012 1838 vero
1031 1775 1083 1834 dn·
1116 1769 1228 1844 placuit
1249 1788 1276 1829 2.
1298 1785 1328 1848 3.
1345 1792 1396 1846 qu.
1420 1789 1447 1846 5.
1468 1768 1757 1844 Secussrdederint3
1779 1771 1884 1834 utcos·

315 1848 399 1914 bium
417 1850 472 1928 srt,
495 1871 534 1915 an
553 1852 673 1928 valide,
691 1853 739 1916 vel
766 1873 829 1916 non
859 1850 917 1916 srnt
947 1852 1085 1931 baptiza·
1118 1850 1138 1909 li
1160 1854 1223 1912 itur
1239 1851 1334 1912 etiam
1349 1870 1413 1926 cap.
1432 1853 1525 1913 Fures
1544 1865 1590 1928 13.
1608 1871 1637 1927 q.
1656 1869 1683 1908 2.
1717 1850 1766 1912 ubi
1789 1848 1884 1912 semro

315 1932 361 2006 ti,
378 1950 440 1994 non
462 1931 602 2003 privandi
625 1928 692 1994 sunt
719 1930 919 1996 Ecclesiastica
948 1930 1083 2010 sepultu·
1118 1869 1606 2003 edissenum&latronibusin
1621 1928 1885 2006 flagranridcsislp

316 2028 370 2071 ra.
386 2010 435 2072 Sic
457 2010 570 2089 Engel,
590 2007 747 2073 Reissenss.
1117 2005 1240 2082 occisis,
1258 2008 1366 2083 quibus
1383 2007 1564 2072 conceditur
1582 2011 1776 2082 communio,
1794 2006 1814 2068 sr
1833 2027 1883 2082 per

356 2087 430 2154 Dixi
455 2136 463 2163 ,
492 2091 547 2169 ulfi
574 2090 646 2170 riusa
673 2090 709 2155 dt
736 2088 828 2171 cauffo
847 2089 1080 2169 prohibeantur:
1117 2083 1331 2150 confessionem
1347 2085 1428 2166 signa
1444 2088 1583 2151 dederint
1603 2090 1814 2151 contritionis.
1836 2085 1884 2152 sta

312 2187 386 2232 eum
414 2167 507 2244 aliqui
530 2168 587 2234 sint
607 2168 855 2248 baptizatorum,
883 2175 933 2247 qui
964 2174 1080 2248 privari
1117 2167 1312 2244 Menocbius,
1334 2167 1708 2248 Laymannus,Bonatina
1719 2187 1789 2229 cum
1800 2164 1882 2229 aliis.

313 2245 457 2326 possunt;
473 2252 536 2313 imo
559 2246 720 2314 secundum
749 2248 960 2328 praescriptum
986 2249 1082 2315 sacro·
1157 2247 1371 2310 Meretriribus
1402 2246 1558 2324 publicis,
1587 2269 1653 2323 quae
1672 2246 1708 2310 ad
1730 2246 1884 2309 meliorem

313 2345 382 2390 rum
405 2327 568 2393 Canopum
598 2331 738 2405 privandi
770 2330 838 2395 sunt
874 2328 1081 2395 Ecclesiastica
1118 2323 1234 2404 frugem
1254 2347 1314 2390 non
1341 2328 1456 2389 rediere
1483 2332 1688 2390 communiter
1718 2324 1810 2389 datur
1841 2321 1881 2387 se·

315 2404 488 2482 sepultura.
507 2407 546 2473 Et
568 2414 663 2484 primo
683 2410 1081 2488 Haeretici,&Aposlatae
1117 2405 1240 2482 pultura
1263 2403 1459 2483 asinina‚ait
1483 2405 1595 2469 Bonae.
1620 2406 1669 2469 vel
1700 2403 1739 2469 ob
1763 2400 1884 2469 consue·

314 2483 336 2546 si
352 2489 384 2548 in
402 2484 522 2551 haeresis
533 2535 544 2567 ,
562 2487 596 2554 ἀ
617 2487 780 2564 spostafiae
792 2494 1012 2555 contumaciae
1033 2494 1080 2553 vi·
1117 2485 1253 2548 tudinem
1269 2485 1422 2564 locorum,
1444 2485 1494 2550 vel
1523 2485 1562 2548 ob
1589 2484 1783 2550 interdistum
1799 2532 1807 2560 ,
1826 2502 1884 2559 quo

314 2565 363 2630 vis
372 2564 539 2641 decedant,
559 2588 678 2632 necnon
689 2590 793 2633 eorum
803 2588 994 2645 receptores,
1011 2569 1081 2631 sari·
1116 2563 1251 2629 mulsisti
1274 2563 1391 2644 soient,
1414 2568 1463 2642 qui
1486 2563 1576 2628 semel
1599 2569 1629 2628 in
1647 2585 1730 2629 anno
1751 2581 1885 2653 tempore

313 2659 401 2708 tores
421 2642 615 2720 ,defensores
637 2695 645 2724 ,
668 2646 729 2712 &n
760 2670 825 2724 cap.
848 2649 1081 2712 excomunica·
1117 2641 1247 2707 Pasclrali
1266 2640 1454 2730 sacramenta
1465 2648 1679 2722 poenitentiae,
1696 2641 1885 2729 &Euchari-

313 2742 382 2789 mus
404 2738 452 2801 13·
470 2731 497 2790 s.
518 2723 723 2791 tredemude
743 2726 921 2801 Haererin's,
939 2730 1011 2793 licet
1026 2748 1080 2792 eo·
1117 2722 1178 2786 lliae
1200 2744 1261 2787 non
1279 2719 1470 2800 susceperunt
1497 2728 1582 2788 iuxta
1599 2728 1652 2788 cir·
1673 2741 1765 2797 caput
1786 2726 1886 2807 omnis

312 2823 381 2867 rum
401 2802 521 2869 baeresrs
539 2803 633 2870 solum
655 2806 718 2883 poss
747 2826 881 2871 mortem
906 2807 942 2871 sit
963 2804 1079 2871 detessa
1116 2801 1268 2880 utriusque
1283 2799 1393 2881 sexus.
1413 2805 1451 2867 Et
1477 2807 1520 2866 ita
1537 2800 1664 2885 Sylvesl.
1694 2802 1824 2865 Barbula
1852 2805 1886 2861 in

311 2901 379 2959 cap.
404 2882 478 2963 sene
501 2888 530 2948 6.
556 2889 646 2964 sauss.
677 2904 724 2966 24.
747 2910 775 2962 q.
796 2907 824 2949 2.
855 2885 934 2950 item
958 2892 1081 2951 notorie
1115 2883 1232 2947 coliedl.
1255 2904 1318 2958 cap.
1349 2904 1387 2946 ex
1414 2897 1496 2962 parte
1517 2906 1597 2947 num.
1619 2903 1650 2961 5.
1669 2883 1707 2947 de
1720 2880 1827 2962 sepult.
1849 2878 1882 2944 ἀ

311 2968 597 3043 excommunicari,·
617 2987 681 3042 cap.
695 2966 1079 3047 decommunioner.causs.
1117 2962 1168 3024 alii
1185 3010 1193 3038 ,
1213 2966 1263 3040 qui
1283 2964 1363 3027 idem
1385 2961 1523 3029 statuunt
1545 2964 1643 3040 quoad
1663 2981 1771 3026 omnes
1794 2960 1886 3031 alies,

311 3060 363 3125 η.
385 3044 543 3122 q.s.Cap
573 3047 671 3111 Sacris
691 3066 736 3109 ιι.
759 3049 795 3111 dt
815 3046 1000 3123 sepultus-iq
1021 3045 1075 3111 nisr
1115 3045 1164 3114 uui
1199 3046 1429 3130 impoenitentes
1453 3045 1624 3117 decedunt,
1644 3062 1680 3107 ut
1711 3046 1889 3119 inpeccaso

312 3122 346 3185 in
362 3125 491 3190 articulo
522 3130 629 3191 mortis
657 3126 738 3206 signa
763 3128 899 3192 dederint
928 3131 1080 3202 poeniten·
1116 3117 1212 3198 surti,
1229 3126 1457 3201 sornic'ationis,
1480 3125 1642 3200 adulterii,
1657 3123 1690 3188 dc
1713 3119 1885 3184 huiusmodi

310 3202 387 3280 riae,
409 3225 444 3268 ac
463 3224 518 3283 per
538 3225 591 3268 eos
608 3226 669 3269 non
687 3207 808 3271 steterit
827 3210 988 3283 quominus
1017 3226 1079 3270 non
1116 3205 1239 3267 notoria
1264 3252 1271 3280 ‚
1296 3220 1331 3265 ut
1360 3208 1403 3266 ita
1425 3208 1630 3267 communiter
1654 3202 1721 3265 DD·
1751 3222 1790 3265 ⁶¹
1818 3219 1884 3274 tav-

309 3278 432 3346 suerint
462 3281 616 3347 absoluti.
649 3283 684 3345 in
710 3287 767 3348 tali
792 3289 876 3349 enim
894 3282 963 3349 casu
985 3287 1082 3348 etiam
1117 3279 1219 3369 quibus
1245 3299 1361 3358 perrara
1383 3287 1429 3345 16.
1452 3281 1528 3363 caus.
1553 3298 1598 3361 13.
1624 3304 1652 3359 q.
1676 3302 1704 3343 2.
1727 3301 1795 3357 cap.
1816 3280 1886 3342 Non

311 3360 378 3438 post
405 3380 536 3425 mortem
564 3366 624 3425 ritu
653 3358 862 3428 Ecclesiastico
891 3362 959 3427 sunt
986 3361 1081 3427 absol·
1117 3362 1308 3437 aesrmemur.
1331 3363 1445 3426 Verum
1466 3362 1603 3426 standum
1620 3361 1680 3425 esse
1697 3359 1799 3438 quoad
1821 3359 1886 3422 haec

309 3438 430 3515 vendi,
449 3440 484 3505 δι
499 3439 538 3504 sic
562 3442 683 3518 possunt
708 3465 743 3507 ac
772 3445 884 3508 debent
913 3440 1029 3518 sepeliri
1050 3449 1081 3507 in
1117 3460 1260 3517 peccata,
1282 3463 1317 3505 ac
1335 3442 1395 3506 alia
1416 3442 1558 3507 eiusmodi
1583 3443 1706 3504 notoria
1723 3436 1885 3505 consuetu·

311 3518 383 3584 loco
403 3517 506 3596 sacro,·
522 3539 581 3600 cap.
598 3543 618 3583 a
646 3519 723 3585 nobis
740 3523 789 3586 28.
815 3523 852 3586 de
876 3522 1004 3601 sentens.
1028 3544 1081 3588 eu·
1116 3520 1179 3582 dini
1202 3520 1361 3597 locorum,
1383 3543 1473 3586 notat
1491 3522 1662 3585 Bonacina.

311 3600 534 3665 communium
556 3605 584 3663 6.
608 3600 687 3665 Item
716 3601 868 3668 interdidsi
894 3606 1028 3678 notorii,
1047 3605 1081 3670 ἃ
1155 3596 1888 3675 TandemcareredebentEcclesiasticasepultu-

310 3678 487 3744 denuntiati
514 3681 653 3745 Clemens.
684 3701 709 3743 r.
737 3684 776 3746 de
797 3681 940 3762 sepulsur.
967 3683 1005 3746 Et
1024 3685 1081 3749 hoc
1118 3675 1886 3760 rasemetiplosimpatientia,ira,desperatione&

310 3759 498 3898 {enerasiter
520 3762 706 3838 intelligitur
736 3764 773 3826 de
802 3768 884 3826 omni
916 3763 1081 3827 interdisso
1117 3756 1583 3825 aliasrmilicausiavoluntarie
1602 3760 1798 3824 occidentes:
1820 3777 1885 3833 cap.

324 3857 377 3901 rue
398 3838 507 3915 locali,
523 3838 587 3905 sive
603 3839 769 3917 personali·,·
791 3858 827 3906 ut
848 3862 887 3904 ex
916 3863 980 3918 cap.
1006 3848 1081 3907 Cum
1121 3838 1234 3901 Placuit
1255 3860 1301 3902 12.
1320 3837 1471 3922 mss-²3·
1493 3863 1518 3917 q.
1541 3862 1566 3918 ς.
1593 3838 1729 3903 Indubio
1750 3858 1826 3901 vero
1846 3857 1887 3899 an

314 3914 656 3999 &plerinacum
678 3923 705 4001 fi
728 3921 893 4001 Templarr'r'
917 3922 954 3985 de
979 3923 1080 4000 privi-
1117 3922 1165 3992 qiu
1189 3917 1217 3980 se
1240 3914 1771 3996 ipsnmocciditscienteroeciderir,
1791 3915 1891 3980 scien·

311 3995 368 4075 seg·
389 3996 422 4061 ἀ
445 3996 536 4060 alibi.
1118 4017 1164 4059 ter
1184 4000 1378 4075 presumitur
1399 3996 1525 4076 seipsum
1546 3996 1707 4075 occidisse,
1725 3995 1781 4060 nisr
1813 4016 1886 4061 con·

351 4074 497 4152 Publici,
526 4077 560 4144 ἀ
585 4068 732 4144 manifesti
763 4077 911 4157 usurau'i,
939 4079 992 4144 nisi
1011 4082 1080 4145 alie·
1118 4075 1175 4140 siet
1207 4098 1282 4142 ant:
1312 4100 1467 4143 amentem
1497 4077 1674 4154 fuisse,aut
1706 4074 1811 4140 surore
1834 4094 1887 4160 ta-

312 4172 388 4219 nura
411 4152 631 4237 restituerint,
660 4163 708 4222 vel
729 4160 868 4224 dederint
886 4161 1024 4223 idoneam
1042 4161 1081 4223 de
1116 4158 1224 4220 sium:
1248 4158 1318 4221 dnm
1347 4179 1429 4222 emm
1458 4159 1577 4223 constat
1607 4159 1644 4221 de
1666 4155 1777 4222 iniusso
1795 4160 1825 4218 in
1857 4158 1886 4218 se

309 4233 512 4301 restitutione
530 4241 710 4304 cautionem
729 4257 789 4318 cap.
812 4243 881 4317 quia
898 4263 925 4319 4.
945 4241 983 4304 de
1011 4262 1031 4303 u
1046 4263 1081 4300 u·
1119 4237 1211 4312 ipsum
1229 4236 1371 4303 letbisero
1388 4239 1471 4316 asin,
1488 4239 1521 4303 δι
1541 4237 1701 4302 dubitatur
1730 4237 1768 4300 de
1795 4257 1887 4299 extu·

313 4314 355 4377 rv'r
374 4336 440 4387 can
458 4338 634 4396 quamquam
660 4338 688 4379 2.
718 4322 780 4382 cod.
809 4319 842 4383 in
862 4323 893 4382 6.
926 4318 1080 4385 Maniessi
1118 4317 1255 4395 satione,-
1279 4340 1335 4381 nec
1354 4319 1473 4383 conslat
1493 4318 1556 4393 posi
1579 4315 1758 4383 iethiserum
1788 4314 1885 4380 aslum

312 4412 449 4469 raptores
470 4445 478 4471 ,
508 4419 543 4462 ac
565 4397 765 4463 Ecclesrarum
792 4400 964 4464 violatores
984 4424 995 4475 ,·
1015 4422 1080 4476 cap.
1117 4395 1228 4460 dedisse
1249 4397 1329 4476 figna
1346 4400 1563 4472 contritionis,
1590 4394 1832 4476 praesumendum
1844 4393 1887 4458 cst

307 4472 490 4565 lupercus.
522 4478 557 4541 dt
586 4477 733 4557 Raptoris.
754 4479 845 4543 Secus
876 4500 951 4542 vero
980 4485 1079 4545 dicen·
1117 4477 1285 4564 deliniusto
1306 4476 1387 4542 assu.
1405 4479 1453 4542 Sic
1471 4479 1598 4543 babetur
1620 4478 1888 4555 incit.cap.Pla·

313 4554 385 4617 dum
405 4553 503 4619 srsrnt
524 4560 657 4634 occulti,
677 4557 712 4623 dr
733 4557 928 4633 consessi‚ac
949 4581 1001 4636 per
1024 4559 1082 4635 se,
1116 4571 1176 4621 cuti
1215 4575 1239 4636 3.
1263 4582 1289 4635 q.
1308 4583 1335 4636 5.
1357 4558 1406 4622 ubi
1425 4560 1565 4637 expresse
1584 4558 1818 4635 habetur,eos,
1838 4554 1888 4633 qur'

314 4635 365 4696 vel
386 4652 437 4709 per
453 4635 548 4697 alium
564 4636 790 4703 restitutionem
812 4635 965 4714 fecerint,
982 4659 1017 4705 ut
1043 4661 1081 4702 ex
1112 4578 1223 4779 scipfls
1238 4637 1336 4717 ferro,
1359 4658 1491 4715 veneno,
1511 4641 1631 4717 laqueo,
1652 4652 1705 4701 aur
1727 4638 1785 4702 alio
1806 4638 1888 4699 modo

310 4715 456 4800 cirtcap.
473 4714 662 4780 Decedcntes
685 4721 716 4781 in
748 4716 989 4783 Tomeamentis
1017 4742 1072 4794 cap
1118 4716 1244 4781 uiuenti
1266 4719 1399 4784 occiduus
1419 4721 1639 4782 donandorum
1667 4719 1719 4798 effe
1749 4719 1889 4795 Eccltfiu·

315 4792 422 4856 Felicis
445 4813 471 4881 ι.
493 4792 888 4870 &cantuarensium
909 4818 938 4859 ι.
959 4800 995 4864 de
1010 4803 1083 4864 Tor·
1113 4800 1183 4880 stica
1199 4798 1375 4879 sepultura,
1392 4821 1441 4865 nrt
1459 4820 1509 4879 pro
1530 4802 1597 4880 ipfis
1603 4797 1714 4878 publice
1722 4801 1888 4873 orandum,

314 4884 498 4964 arusuensis,
516 4873 565 4937 vel
584 4878 614 4936 in
632 4877 767 4954 Duello,
782 4898 817 4942 ut
837 4878 965 4943 babetur
986 4884 1018 4943 in
1030 4882 1083 4942 Ri·
1119 4880 1284 4944 cuiusmodi
1303 4879 1377 4943 esset
1396 4881 1467 4954 ille,
1484 4885 1532 4957 qui
1565 4885 1756 4944 inveniretur
1783 4883 1891 4953 laqueo

314 4949 392 5011 tuals
409 4952 555 5043 Romano
574 4952 660 5017 edito
685 4958 763 5020 iussu
792 4959 874 5022 Pauli
898 4959 936 5019 V.
966 4958 1082 5025 etiamst
1120 4958 1273 5035 suspensus
1300 4964 1329 5021 in
1355 4959 1498 5025 cubiculo
1528 4963 1625 5026 ianuis
1649 4965 1733 5024 intus
1749 4958 1886 5034 clausis,

314 5028 454 5097 dederint
475 5029 554 5112 signa
572 5036 785 5121 poenitentiae.
806 5038 900 5105 Serus
920 5036 940 5102 sr
960 5039 1084 5121 possin·
1119 5062 1188 5106 cum
1201 5061 1260 5123 quo
1281 5060 1370 5113 nemo
1386 5041 1585 5123 morabatur,
1605 5044 1674 5121 quia
1693 5059 1890 5188 tuucnrazrra

448 5170 452 5175 .
474 5158 477 5165 ·
1805 5145 1835 5192 eg
