4425 6000
901 555 1064 640 444
1366 535 1709 617 ΤιιΑοτ.
1767 565 1880 615 nit
1924 544 2451 618 'Pnaecerrrs
2507 540 2949 613 Eccttsiffi
3007 539 3203 612 Cn.
3257 537 3391 616 ΠΥ.

799 643 886 709 est
933 640 1310 721 dispensatio
1350 687 1369 717 ,
1407 661 1553 706 cum
1602 639 1753 705 iusta
1795 638 1998 705 caussa
2036 639 2339 718 deficiat3

797 722 841 787 fi
886 740 1112 789 nocent
1154 731 1175 800 ',
1211 723 1356 788 talis
1392 717 1682 786 comestio
1735 718 1820 783 est
1863 718 2280 797 peccaminosa
2311 768 2330 798 ‚

804 803 872 869 ἀ
910 820 1131 868 contra
1188 800 1520 877 ieiunium,
1578 803 1721 876 quia
1766 816 1916 864 tunc
1955 797 2332 877 dispensatus

800 886 1022 966 quaerit
1053 880 1323 972 effugere
1355 880 1512 960 gulae
1532 879 2116 955 mortificationem,
2159 886 2342 954 quam

799 964 939 1028 vult
983 962 1245 1027 Ecclesia
1279 966 1342 1024 in
1377 958 1583 1023 diebus
1617 961 1863 1024 ieiunii.
1907 958 1989 1023 Et
2023 976 2186 1021 nunc
2205 978 2343 1021 ma·

789 1046 880 1124 gis
906 1092 923 1120 ,
965 1045 1090 1127 imp
1123 1044 1304 1106 unice
1358 1056 1530 1103 tenet
1569 1040 1698 1103 haec
1738 1036 2073 1116 resolutio,
2119 1038 2261 1099 dum
2305 1055 2339 1100 a

792 1141 1052 1199 paterna
1119 1118 1515 1185 solicitudine
1571 1115 1874 1182 Benedifii
1934 1118 2117 1195 Papo
2165 1116 2334 1179 xlv.

798 1204 923 1266 iam
955 1198 1217 1266 decisum
1245 1199 1315 1265 ἀ
1356 1196 1679 1262 definitum
1720 1195 2005 1262 habemus
2063 1192 2164 1259 sua
2194 1195 2339 1260 Bul·

798 1281 862 1346 la
897 1276 1003 1345 sub
1040 1281 1145 1344 die
1180 1300 1277 1341 22.
1311 1278 1530 1342 menfis
1563 1275 1818 1362 Augusti
1860 1295 2031 1357 ¹74¹·
2073 1295 2210 1351 quae
2246 1277 2336 1338 in-

796 1361 948 1437 cipit
978 1365 1052 1424 In
1071 1358 1347 1440 suprema
1368 1406 1389 1437 ‚
1433 1356 1841 1434 dispensatum
1872 1358 1945 1420 ad
1977 1367 2191 1420 carnes
2242 1358 2337 1417 die

796 1442 1047 1519 ieiunii,
1091 1443 1182 1503 uti
1229 1458 1355 1503 non
1414 1438 1574 1515 posse
1621 1431 1963 1513 promiscue·
2009 1454 2149 1499 cum
2190 1434 2337 1497 cibis

795 1520 1055 1596 vetitis,
1094 1518 1235 1583 idest
1279 1513 1531 1595 piscibus
1559 1563 1574 1592 ,
1614 1534 1690 1577 ne
1747 1513 1968 1579 sanflae
2011 1534 2082 1579 ac
2115 1511 2334 1579 salubri

795 1596 1280 1668 mortificationi
1323 1594 1385 1662 se
1418 1594 1773 1680 subtrahat.

576 1673 759 1728 nedi-
874 1676 1391 1742 Controvertitur
1451 1674 1711 1739 ulterius
1772 1688 1985 1737 utrum
2037 1671 2337 1760 dispensa·

511 1736 765 1858 ‘mab
799 1773 900 1821 tus
943 1756 1019 1822 ad
1055 1777 1270 1822 carnes
1305 1756 1397 1820 die
1441 1757 1657 1818 ieiunii
1695 1752 2183 1847 intelligatur-dis
2270 1773 2336 1814 n·

514 1820 673 1922 {um
693 1881 757 1921 ω
799 1833 961 1901 satus
1015 1841 1206 1901 etiam
1260 1835 1333 1898 ad
1376 1832 1521 1898 duas
1578 1829 1975 1897 comestiones
2005 1878 2021 1907 ,
2081 1832 2199 1894 ides
2262 1832 2333 1895 ad

514 1931 761 1986 nesticae
799 1934 930 1980 non
963 1912 1557 1980 ieiunandumused
1594 1909 1657 1976 su
1799 1909 1911 1973 hoc
1952 1913 2187 1986 pariter
2232 1912 2332 1973 de·

793 1992 983 2060 cisum
1013 1992 1129 2059 fuit
1169 2015 1204 2057 a
1241 1991 1400 2056 laud.
1434 1988 1624 2055 summ
1771 1987 2024 2054 ontifice
2048 2038 2065 2065 ‚
2116 2010 2334 2066 nempe

794 2095 936 2140 cum
967 2069 1524 2151 dispensationeffld
1565 2088 1776 2135 carnes
1808 2066 2172 2134 servandum
2210 2071 2333 2132 esic

795 2155 1093 2218 ieiunium
1123 2200 1139 2230 ‚
1186 2170 1403 2230 nempe
1443 2170 1674 2227 quoque
1715 2150 1910 2212 teneri
1977 2148 2048 2211 ad
2093 2151 2333 2213 unicam

791 2231 1224 2377 {olinestionem
1265 2277 1283 2307 ,
1504 2230 1541 2294 d
1592 2228 1802 2293 horam
1852 2228 2062 2291 ieiunii
2104 2276 2123 2308 ‚
2165 2245 2234 2293 ut
2271 2231 2331 2291 in

871 2329 1263 2487 Diasp‘eldsntus
1304 2228 1638 2546 ιὲἱος
1672 2386 1860 2481 licite·
1883 2405 2006 2451 ova
2030 2390 2235 2482 ftiam
2264 2386 2327 2452 δι

791 2470 1098 2538 lafficinia
1130 2469 1450 2535 comedere
1567 2464 1719 2541 test,
1757 2486 1901 2546 quia
1943 2486 2041 2529 cui
2101 2488 2329 2530 maiora

787 2550 1212 2617 conceduntur
1249 2596 1267 2626 ,
1318 2568 1355 2612 a
1410 2546 1649 2613 sbrtiori
1715 2548 1951 2609 minora
2007 2545 2333 2609 censentur

786 2631 1105 2697 concessa.
1174 2628 1331 2692 ltem
1370 2624 1691 2705 dispensati
1748 2625 1821 2688 ad
1882 2644 2006 2688 ova
2058 2623 2127 2689 ὅ(
2169 2625 2335 2688 lasti-

785 2713 951 2776 cinia
1009 2711 1247 2784 possunt
1304 2705 1476 2770 simul
1531 2702 1852 2770 comedere
1907 2701 2093 2780 pisces
2124 2752 2143 2784 ,
2185 2704 2332 2770 licet

788 2794 912 2856 dtr
943 2789 1124 2855 Bulla
1170 2785 1663 2851 Benediffixlv.
1715 2799 1894 2848 vetet
1937 2804 2015 2847 ne
2047 2781 2333 2849 miscean-

728 2897 733 2902 ·
792 2887 900 2937 tur
939 2870 1016 2936 ab
1062 2872 1133 2933 iis
1172 2869 1274 2946 qui
1319 2861 1636 2943 dispensati
1673 2861 1811 2926 sunt
1844 2863 1918 2926 ad
1970 2883 2181 2927 carnes
2214 2863 2330 2928 cibi

791 2952 988 3018 vetiti
1032 2970 1178 3015 cum
1219 2967 1344 3011 non
1378 2948 1632 3023 vetitis;
1673 2944 1818 3020 quia
1845 2963 1990 3008 cum
2021 2941 2333 3021 ibiloqua·

790 3047 898 3097 tur
939 3031 1218 3096 Summus
1250 3023 1539 3091 Pontifex
1579 3024 1655 3089 de
1685 3019 2038 3100 dispensatis
2070 3025 2145 3088 ad
2197 3044 2333 3088 car·

789 3132 972 3190 uem,
1015 3111 1281 3187 loquitur
1324 3104 1516 3170 solum
1556 3104 1626 3167 de
1656 3099 1794 3167 cibo
1853 3103 2234 3180 rincipaliter
2264 3102 2333 3169 ὅ(

791 3190 1223 3258 universaliter
1265 3183 1624 3258 interdiflo,
1655 3184 1798 3247 cuiu
1827 3182 1984 3246 modi
2027 3181 2111 3246 est
2148 3204 2334 3261 carn,

795 3292 934 3348 qua:
976 3268 1284 3346 praecipue
1323 3264 1393 3330 &
1434 3260 1865 3326 universaliter
1898 3263 2098 3327 vetita
2129 3261 2214 3326 est
2239 3263 2333 3326 die

798 3349 1044 3415 ieiu'nii.
1084 3347 1214 3411 Imo
1246 3345 1361 3408 dici
1427 3341 1618 3420 potest
1669 3337 2034 3404 Pontificem
2078 3343 2334 3405 interdi-

798 3429 948 3497 xisse
980 3424 1211 3491 misceri
1244 3423 1446 3488 cibum
1489 3425 1579 3485 ita
1622 3422 1892 3485 vetitum
1930 3437 2004 3484 ut
2045 3417 2185 3483 sunt
2201 3442 2334 3484 car·

797 3532 943 3588 nes,
981 3529 1121 3573 cum
1155 3505 1406 3584 piscibus
1438 3502 1813 3572 caeteroquin
1877 3519 1998 3562 non
2057 3504 2275 3565 vetitis
2318 3549 2335 3578 ,

834 3594 936 3657 uia
995 3606 1135 3653 cum
1176 3585 1317 3649 talis
1383 3579 1744 3659 dispensatio
1796 3582 2076 3656 exigatur
2136 3578 2220 3643 ob
2250 3583 2332 3656 pi·

821 3674 986 3737 cium
1028 3683 1508 3740 nocumentum,
1539 3661 1787 3726 curavit
1822 3656 2104 3723 Pontifex
2142 3661 2332 3736 impe-

446 3776 489 3815 ἢ·

796 3751 928 3817 dire
964 3746 1237 3813 fraudem
1270 3763 1407 3819 quae
1443 3760 1765 3805 occurrere
1808 3738 2003 3814 potest
2067 3743 2131 3803 in
2182 3742 2333 3816 peti·

796 3835 966 3896 tione
999 3824 1468 3904 dispensationis
1511 3822 1582 3884 ad
1616 3839 1830 3883 carnes
1862 3866 1883 3896 ,
1914 3817 2060 3904 idest
2096 3840 2172 3882 ne
2202 3822 2336 3882 exi-

791 3927 984 3989 gatur
1018 3925 1142 3971 non
1173 3922 1245 3968 ut
1289 3901 1690 3980 provideatur
1725 3896 1905 3961 saluti
1930 3945 1947 3973 ,
1978 3898 2075 3962 sed
2123 3917 2189 3963 ut
2271 3921 2331 3964 u·

801 3992 877 4055 1ae
921 3981 1174 4051 satisfiat
1221 4030 1240 4060 ,
1284 3980 1427 4044 idest
1483 3976 1836 4043 comedendi
1891 3999 2034 4040 cum
2084 3978 2222 4054 pisci
2268 3999 2333 4042 us

799 4071 993 4136 etiam
1029 4082 1242 4129 carnes
1281 4105 1298 4121 .
1357 4061 1572 4136 Quare
1634 4056 1842 4122 habita
1888 4055 2336 4132 dispensatione

800 4151 875 4214 ad
908 4165 1028 4212 ova
1069 4144 1135 4208 ὅ(
1181 4137 1477 4205 Ιεὲὶίεὶηίε
1515 4156 1782 4224 tempore
1801 4136 2332 4215 Qadragesimae,

801 4226 1012 4294 aliisve
1034 4222 1240 4288 diebus
1275 4218 1575 4284 ieiuniiob
1608 4217 2174 4294 pisciuminopiam,
2194 4237 2336 4281 cum

797 4310 931 4375 haec
971 4323 1096 4370 non
1135 4301 1254 4366 sint
1287 4320 1381 4365 res
1422 4303 1510 4361 ita
1576 4298 1795 4362 vetitae
1842 4292 2021 4359 sicuti
2070 4315 2282 4359 carnes
2318 4344 2335 4373 ‚

801 4408 925 4454 non
945 4385 1256 4450 immerito
1296 4379 1520 4445 censeri
1560 4375 1753 4454 potest
1791 4374 1981 4437 talem
2015 4374 2335 4440 licentiam

800 4465 1049 4535 concedi
1083 4482 1206 4526 non
1251 4459 1417 4524 secus
1469 4477 1538 4522 ac
1600 4460 1663 4518 in
1704 4457 1848 4518 locis
1880 4454 1978 4518 ubi
2039 4453 2187 4517 liber
2228 4454 2337 4519 ho·

800 4568 941 4617 rum
981 4540 1116 4608 usus
1165 4539 1423 4605 habetur
1455 4556 1533 4601 ex
1572 4532 2008 4599 consuetudine
2032 4581 2048 4610 ,
2086 4552 2224 4610 quae
2257 4532 2339 4598 ob

672 4686 684 4697 ,
800 4625 1076 4698 eamdem
1134 4622 1444 4683 rationem
1486 4665 1503 4694 ,
1563 4613 1709 4699 idest
1767 4612 1848 4675 ob
1908 4611 2158 4690 piscium
2199 4617 2338 4678 ino-

754 4709 969 4788 'piam
1006 4701 1087 4767 ibi
1133 4700 1393 4763 inolevit
1439 4718 1458 4773 ς
1509 4696 1750 4759 necnon
1810 4695 1903 4755 uti
1959 4690 2113 4756 solet
2166 4714 2334 4759 com·

804 4786 1076 4854 munitet
1114 4776 1263 4843 feria
1294 4781 1350 4838 6.
1393 4774 1460 4840 δι
1499 4774 1800 4847 Sabbam,
1840 4774 1903 4834 in
1943 4771 2151 4847 quibus
2191 4795 2334 4836 cum

792 4871 931 4935 ovis
978 4862 1048 4931 dt
1110 4857 1430 4923 lacticiniis
1482 4874 1617 4931 quae
1669 4849 1829 4914 hisce
1877 4851 2083 4915 diebus
2112 4870 2332 4917 conce·

795 4950 1030 5013 duntur
1064 4990 1081 5019 ,
1124 4940 1291 5003 licite
1334 4933 1755 5000 conceduntur
1787 4932 1973 4995 etiam
2007 4926 2189 5008 pisces
2215 4976 2231 4992 .

579 5014 769 5072 ''ml“
876 5025 1097 5090 Toties
1132 5040 1168 5096 p
1316 5033 1454 5081 tum
1492 5032 1680 5091 grave
1715 5012 2136 5074 committeret
2182 5029 2331 5085 quo-

516 5094 914 5200 &deza-,²³⁶³
953 5107 1017 5170 in
1050 5100 1148 5171 die
1191 5099 1206 5113 “
1361 5097 1407 5159 ii
1446 5095 1579 5174 quis
1611 5109 1829 5160 carnes
1887 5090 2118 5158 aliosve
2164 5089 2335 5159 cibos

826 5196 867 5225 ο
2078 5216 2085 5225 ι

2377 4972 2384 5091 l

2413 641 2651 705 vetitos
2715 643 3062 703 comederet
3100 688 3116 716 ,
3175 640 3312 715 quia
3346 657 3720 719 praeceptum
3761 639 3953 706 absti—
3985 637 4054 714 1,ῑί

2410 718 2588 781 nendi
2623 738 2656 781 a
2690 717 2842 782 cibis'
2866 722 3086 783 vetitis
3126 719 3212 781 est
3245 726 3605 797 negativum
3713 720 3950 785 idcirco
3982 716 4073 756 ’κ’

2409 796 2685 877 obligans
2729 815 2835 874 pro
2866 796 3134 875 semper,
3171 796 3240 863 δε
3288 816 3423 864 tota
3454 800 3585 865 die.
3627 770 3726 864 sta
3767 802 3947 865 Caie-
3977 831 4076 883 cibis

2412 893 2597 941 tanus
2619 924 2637 954 ,
2667 878 2888 941 Suarez
2910 925 2927 955 ‚
2960 879 3149 943 aliive
3188 884 3628 943 communiter.
3677 878 3810 945 lmo
3832 901 3948 946 no·
3976 896 4076 949 titis

2412 974 2551 1020 tant
2591 957 2780 1032 aliqui
2810 958 3230 1022 comedentem
3261 958 3358 1022 die
3390 961 3605 1023 ieiunii
3643 981 3791 1025 cum
3807 982 3944 1026 car-

2408 1036 2579 1101 nibus
2617 1040 2812 1100 etiam
2848 1056 2970 1101 ova
3011 1056 3245 1100 novum
3279 1043 3676 1103 committere
3729 1059 3944 1117 pecea-

2411 1134 2542 1179 tum
2561 1164 2578 1194 ,
2609 1115 2679 1181 &
2711 1116 2898 1181 toties
2941 1135 3194 1191 peccare
3238 1120 3482 1194 quoties
3509 1137 3636 1184 ova
3666 1123 3945 1184 comede·

2408 1212 2502 1257 ret
2525 1241 2542 1271 ,
2615 1198 2715 1259 uia
2755 1207 3127 1273 praeceptum
3167 1216 3290 1259 non
3320 1197 3677 1262 comedendi
3709 1218 3838 1263 ova
3853 1198 3943 1263 est

2405 1272 2576 1337 distin
2638 1296 2739 1337 um
2779 1294 2815 1338 a
2856 1294 3167 1351 praecepto
3183 1274 3516 1341 abstinendi
3553 1298 3592 1342 a
3619 1278 3940 1358 carnibus,

2404 1353 2470 1417 ὅ(
2548 1373 2809 1430 uterque
2866 1358 3223 1433 negativum
3275 1378 3296 1417 .·
3371 1357 3532 1421 unde
3593 1354 3941 1421 distioflum

2404 1436 2826 1498 committeret
2875 1452 3191 1510 peccatum
3249 1436 3400 1500 illud
3462 1434 3758 1516 frangens
3802 1486 3818 1514 ,
3870 1435 3940 1502 &

2405 1516 2543 1588 quia
2566 1531 2940 1591 praeceptum
2958 1512 3041 1576 est
3059 1561 3076 1588 ‚
3123 1520 3480 1594 negativum
3500 1533 3752 1592 peccata
3776 1516 3936 1580 mul·

2408 1592 2763 1669 tiplicantur
2817 1595 3062 1669 quoties
3109 1615 3235 1659 ova
3277 1595 3683 1660 comeduntur
3720 1640 3737 1656 .
3773 1595 3934 1660 Idem

2405 1669 2727 1734 dicendum
2766 1673 2841 1734 de
2874 1692 2952 1734 eo
2983 1674 3084 1748 qui
3125 1672 3393 1739 vovisset
3425 1676 3538 1739 tali
3566 1674 3934 1739 determina·

2407 1768 2470 1814 ta
2513 1751 2611 1814 die
2645 1750 2706 1813 se
2740 1751 3036 1816 abstinere
3079 1773 3112 1816 a
3143 1755 3424 1818 carnibus
3474 1753 3543 1820 ἅ
3595 1756 3742 1818 ovis
3779 1776 3806 1823 ;
3839 1754 3937 1818 hic

2404 1832 2567 1892 enim
2610 1834 2797 1895 toties
2836 1845 3108 1907 peccaret
3129 1833 3299 1898 sicuti
3328 1831 3539 1910 supra,
3569 1837 3938 1909 quotieseo·

2406 1910 2541 1971 dcm
2570 1909 2667 1972 die
2700 1930 2913 1974 carnes
2952 1909 3018 1975 ἀ
3052 1931 3173 1974 ova
3207 1916 3549 1977 comederet
3571 1961 3587 1988 ‚
3629 1917 3773 1989 quia
3807 1914 3933 1976 tale

2412 2007 2633 2053 votum
2687 1987 2743 2052 se
2775 1988 2955 2053 habet
3019 1990 3090 2053 ad
3125 1992 3373 2056 modum
3404 1997 3718 2069 praecepti
3762 2011 3938 2066 nera·

2406 2071 2559 2145 tivi,
2602 2068 2916 2145 eidemque
2956 2071 3632 2147 aequivalet‚quidquid
3674 2074 3741 2134 in
3789 2091 3940 2135 coo·

2404 2151 2661 2213 trarium
2701 2148 2805 2211 alii
2838 2149 3089 2213 dicant.
3126 2147 3222 2213 lta
3272 2151 3453 2214 Azor.
3505 2150 3747 2215 Navar.
3799 2151 3937 2214 alii·

2402 2247 2517 2307 que
2555 2231 2736 2291 citati
2770 2248 2805 2291 a
2833 2227 3289 2292 salmanticens.

2481 2309 2551 2370 In
2595 2308 2820 2384 Regnis
2846 2353 2865 2383 ‚
2889 2330 3034 2383 ,ηοω
3069 2308 3213 2371 oleo
3251 2328 3504 2389 carent,
3536 2312 3632 2373 uti
3656 2310 3803 2374 licet
3836 2305 3930 2371 sa·
4011 2312 4070 2385 ‚¹⁸

2406 2390 2631 2467 gimine
2666 2390 2726 2447 in
2760 2383 2964 2450 diebus
3004 2387 3245 2463 quando
3264 2392 3481 2454 vetitae
3508 2387 3646 2455 sunt
3675 2389 4079 2465 carnes,8⁸⁸³⁸

2406 2470 2697 2545 praecipue
2752 2463 2795 2526 fi
2846 2465 2925 2529 ibi
2991 2483 3213 2542 praeter
3274 2470 3444 2532 olera
3495 2468 3564 2534 &
3621 2469 3932 2548 legumina
3957 2504 4061 2553 ,10

2404 2548 2510 2611 alii
2541 2545 2655 2607 cibi
2679 2564 2802 2607 non
2838 2541 3157 2619 suppetant
3183 2595 3199 2624 ‚
3229 2551 3371 2624 quia
3413 2552 3664 2623 penuria
3697 2547 3820 2610 olei
3862 2546 4079 2617 Ιὶ-ιῑμι.

2402 2630 2593 2690 citum
2627 2620 2773 2688 facit
2830 2622 3001 2688 usum
3054 2622 3356 2703 sagiminis
3399 2674 3415 2703 ,
3468 2628 3621 2693 alias
3661 2625 3933 2689 difficili·
3969 2628 4080 2704 byi·

2404 2725 2500 2768 me
2541 2703 2899 2767 neceflarius
2933 2705 3098 2769 cibus
3134 2709 3460 2782 praeparari
3497 2707 3694 2784 posset
3719 2755 3739 2786 ,
3769 2704 3838 2770 δε
3873 2710 3938 2767 in
3966 2690 4080 2807 ’ἕως

2405 2786 2512 2850 tali
2555 2783 2676 2847 olei
2712 2785 2919 2859 inopia
2947 2833 2961 2858 ‚
3006 2784 3105 2847 ubi
3149 2806 3418 2850 ovorum
3461 2784 3601 2850 usus
3653 2785 3939 2851 concedi-

2405 2883 2542 2940 tur,
2580 2861 2618 2924 fl
2657 2861 2958 2927 butirrum
2996 2885 3233 2950 quoque
3271 2865 3596 2942 deficeret,
3637 2868 3834 2929 etiam
3875 2867 3937 2926 in

2402 2946 2512 3011 tali
2562 2941 2704 3008 casu
2767 2943 3006 3007 licitum
3063 2945 3214 3009 eslet
3253 2949 3343 3009 uti
3389 2943 3719 3024 sagimine',
3762 2942 3939 3009 sicuti

2403 3023 2681 3095 sentiunt
2730 3024 3153 3100 quamplurimi
3217 3024 3545 3103 gravissimi
3587 3026 3879 3090 Doflores
3919 3071 3939 3103 ,

2402 3125 2545 3182 quos
2588 3120 2806 3168 notant
2841 3101 3340 3168 Salmanticenses
3370 3109 3433 3166 in
3475 3105 3590 3169 tali
3640 3104 3812 3168 sensu
3848 3111 3941 3167 in·

2406 3184 2764 3262 telligendos
2814 3184 2934 3246 esse
2974 3184 3113 3247 dum
3148 3185 3358 3247 dicunt
3417 3185 3588 3248 licite
3646 3183 3935 3263 sagimine

2404 3285 2474 3328 ac
2495 3263 2664 3326 lardo
2703 3282 2805 3323 cos
2842 3261 3001 3328 vesci
3047 3262 3208 3341 posse
3248 3262 3458 3342 quibus
3477 3283 3757 3363 ovprum
3798 3262 3934 3329 usus

2401 3340 2710 3410 concessus
2745 3339 2849 3406 sit.

3040 3508 3093 3568 §-
3179 3503 3197 3565 l
3230 3504 3305 3567 V.

2692 3623 2779 3682 De
2807 3615 3151 3699 abstinentia
3182 3643 3221 3683 a
3256 3620 3569 3687 laHiciniis
3597 3667 3614 3686 .

2481 3735 2712 3798 Praeter
2785 3756 3029 3799 carnem
3060 3740 3459 3826 “generaliter
3533 3741 3938 3819 prohibentur

2405 3830 2679 3888 tempore
2712 3815 3204 3893 Qadrageiirrae
3249 3837 3370 3882 ova
3411 3821 3608 3883 etiam
3640 3822 3711 3888 δι
3778 3823 3940 3886 lasti·

2402 3896 2594 3970 cinia;
2645 3897 2705 3956 in
2730 3896 2868 3980 aliie
2899 3915 3051 3958 vero
3084 3896 3287 3962 diebus
3320 3900 3559 3963 ieiuniis
3587 3906 3782 3966 variae
3803 3902 3938 3965 sunt

2404 3974 2677 4036 locorum
2709 3976 3174 4039 consuetudines
3214 4000 3233 4054 ς
3274 3996 3414 4039 nam
3470 3983 3530 4039 in
3594 3983 3935 4059 quibusdam

2407 4052 2553 4114 locis
2587 4052 2724 4116 aliis
2766 4055 2984 4117 ieiunii
3029 4053 3236 4118 diebus
3279 4076 3382 4131 per
3422 4059 3847 4139 annui-nsum
3875 4063 3939 4123 in
4023 4131 4039 4139 ,

2404 4129 2549 4208 usu,
2587 4130 2654 4197 &
2687 4133 3096 4199 inGerm‘ania
3129 4135 3207 4198 ob
3241 4138 3502 4207 inopiam
3538 4139 3823 4207 cibutum
3859 4139 3947 4203 iu·
4003 4139 4019 4143 “
4051 4139 4067 4163 ’“

2407 4214 2603 4288 iunii,
2641 4216 2835 4276 etiam
2884 4229 3160 4291 tempore
3180 4215 3714 4295 Quadragefimaa.
3907 4227 3915 4231 '
4031 4231 4043 4263 ¹

2406 4310 2562 4354 vero
2631 4292 2957 4356 eneraliter
2980 4294 3319 4372 loquendo,
3362 4295 3755 4367 prescire-neh
3915 4315 3947 4347 ·'
3999 4319 4011 4331 ·

2403 4311 2737 4448 drage-sima
2766 4421 2781 4447 ,
2823 4376 3025 4438 vetita
3067 4371 3324 4437 sintova
3354 4375 3418 4439 d:
3462 4375 3755 4459 lastitinia
3843 4395 3947 4451 pa-

2404 4467 2499 4516 tet
2538 4470 2615 4513 ex
2655 4471 2789 4530 cap.
2824 4452 3090 4529 Denique
3130 4452 3343 4532 dist-4·
3390 4455 3482 4515 tibi
3522 4459 3586 4515 in
3626 4423 3827 4523 Glnl's.
3851 4451 3935 4519 fit

2408 4526 2662 4595 habetur
2700 4551 2717 4592 ε
2764 4535 2887 4593 Par
2928 4547 3134 4597 autem
3165 4535 3281 4613 est,
3310 4548 3378 4596 ul!
3414 4531 3618 4612 quibus
3646 4531 3855 4604 AEdvm
3895 4560 3935 4600 Ι

2403 4626 2574 4678 carne
2609 4610 2969 4674 animalium
2999 4610 3382 4692 abstinemus,
3422 4616 3490 4676 αὖ
3506 4612 3935 4700 ῡιπψῖῃιςῖνῡ*

2406 4712 2515 4771 que
2553 4710 2688 4768 quae
2719 4690 3107 4768 sementinam
3145 4716 3182 4754 a
3237 4712 3414 4760 carni·
3482 4696 3731 4776 ircim-t
3755 4696 3943 4776 iuligi-

2402 4793 2576 4844 nem,
2618 4769 2985 4845 ieiunemus,
3024 4794 3063 4834 a
3101 4770 3256 4850 caseo
3274 4772 3590 4848 videlice-1,
3634 4772 3823 4852 ωε,
3859 4780 3943 4844 er

2405 4851 2576 4914 ovis.
2617 4848 2897 4925 Idemque
2930 4853 3153 4915 clarius
3204 4854 3394 4916 tradit
3446 4856 3610 4920 sexta
3658 4856 3951 4940 Syncdus

2406 4928 3081 5006 constantinopolitana
3132 4925 3237 4994 sub
3288 4929 3630 5000 Iustiniani]
3650 4936 3951 5032 Qmpeta-

2404 5028 2541 5075 tore
2577 5007 2883 5073 celebrata
2917 5013 2980 5073 in
3012 5009 3236 5074 Trullo
3267 5030 3394 5076 cmii⁴
3454 5020 3546 5092 56.
3602 5040 3702 5092 qui
3755 5036 3947 5084 vetat

2406 5087 2514 5157 sub
2540 5108 2720 5170 poena
2756 5088 3166 5159 anathematis
3201 5091 3361 5160 vesci
3401 5096 3562 5163 inae
3588 5143 3607 5175 ,
3633 5100 3782 5167 ovis
3801 5146 3820 5177 ,
3839 5118 3950 5164 ca-

3763 5180 3870 5245 seo
