4425 6000
392 493 442 577 88
617 478 1625 566 Tutemnnluiusritin&uctinll

342 596 426 675 qnod
443 588 568 658 suadeat
587 606 625 655 ut
641 605 722 655 nunc
738 585 831 655 faciat
847 584 1009 665 damnum,
1024 584 1111 651 caiis·
1143 598 1359 674 cooperatores
1380 581 1428 647 sed
1446 588 1653 666 principaliter
1672 591 1753 657 inter
1772 590 1913 665 huiusce·

344 676 377 741 la
397 672 440 738 est
457 675 553 739 totius
572 672 685 747 damni,
703 690 774 734 ciim
794 668 850 732 ille
870 688 923 743 pet
940 668 1014 731 illud
1032 687 1110 731 tein-
1145 663 1225 727 modi
1245 664 1378 738 ciuitas,
1401 662 1464 729 sive
1485 667 1610 733 direttas
1625 669 1660 737 ἃ
1686 671 1853 754 positivus,
1874 677 1912 743 li·

344 777 421 838 put,
439 774 498 830 nuo
518 748 624 815 facere·
641 749 820 815 decreverat
839 750 996 824 ,animum
1010 764 1111 811 muta·
1145 761 1185 808 ve
1201 738 1360 835 indiredlas
1374 740 1409 809 dt
1425 752 1597 827 negativas,
1611 752 1662 823 qui
1680 749 1743 827 post
1764 775 1914 825 executo-

342 856 378 902 re
398 831 558 914 potuiilet‚
576 830 610 895 ἃ
636 827 672 892 ad
693 830 848 893 meliorem
879 824 995 891 sensum
1025 825 1111 890 redu·
1145 840 1208 884 rem
1226 818 1381 914 efficacius
1402 843 1435 885 in
1451 827 1581 891 alterins
1600 830 1743 895 damnum
1772 835 1914 919 influitp

344 918 393 994 ci,
409 914 463 980 vel
478 910 644 988 impediria
659 908 768 973 damno
789 904 969 984 inferendo,
993 906 1026 971 δι
1046 905 1110 970 sine
1145 901 1213 967 hinc
1240 921 1382 993 primario
1403 902 1441 967 de
1467 904 1524 970 hoc
1539 910 1674 987 agimus,
1692 915 1744 987 qui
1768 935 1824 992 pet
1844 918 1912 983 eiua

342 994 539 1074 cooperantis
554 988 697 1067 consilio,
718 986 768 1053 vel
789 1006 882 1066 opera
902 983 969 1049 fieri
996 984 1108 1065 potuis·
1146 978 1242 1045 iilum
1271 981 1342 1044 idell
1367 984 1434 1045 cius
1463 983 1620 1049 iuffionem
1638 992 1672 1052 in
1688 996 1839 1069 luperioie
1860 996 1913 1063 lia·

343 1074 388 1140 set
408 1089 443 1138 ut
458 1072 604 1136 damnum
620 1088 680 1132 non
695 1063 879 1131 inferretur.
898 1064 1005 1141 Quare
1026 1063 1046 1128 si
1070 1064 1108 1129 ad
1144 1080 1210 1124 tum
1224 1060 1395 1153 catillatum
1413 1069 1644 1131 enumeratione
1659 1073 1849 1148 explicatur.

342 1153 402 1221 hoc
418 1173 454 1221 ut
495 1152 541 1215 uic
557 1149 717 1213 restituere
735 1164 881 1212 teneatur
899 1143 1010 1210 sufficit
1029 1142 1111 1224 quod
1184 1138 1320 1232 Nomine
1344 1138 1477 1205 tullionis
1503 1141 1538 1210 dt
1554 1148 1726 1215 mandantis
1752 1159 1913 1239 veniunt,

342 1232 382 1298 sit
401 1253 459 1298 cau
486 1251 503 1294 a
524 1228 657 1294 influent
673 1230 705 1290 in
728 1226 855 1292 alterius
883 1225 1045 1303 damnum,
1061 1225 1109 1289 hic
1144 1217 1195 1282 seu
1213 1220 1450 1312 intelliguntur,
1466 1220 1496 1284 hi
1516 1245 1642 1304 omnes,
1661 1233 1711 1306 qui
1735 1234 1882 1311 explicite
1908 1255 1912 1266 ·

343 1311 408 1377 sine
430 1310 522 1375 dubio
545 1304 662 1373 censeri
693 1309 797 1385 nequit
825 1310 966 1371 immunis
1006 1325 1025 1370 a
1052 1304 1108 1369 tali
1145 1297 1197 1362 vel
1215 1298 1359 1392 implicite
1379 1301 1504 1396 iubent,
1523 1302 1557 1368 dt
1579 1304 1709 1373 iubendo
1722 1332 1855 1381 movent

342 1411 438 1458 onere
457 1411 527 1454 cuni
542 1406 615 1453 vere
629 1390 662 1451 in
679 1387 740 1452 tale
754 1386 897 1450 damnum
913 1382 1089 1449 influxerit.
1144 1395 1490 1458 executionemoperit,
1509 1385 1588 1448 unde
1608 1387 1753 1454 iniustum
1766 1392 1913 1461 damnum

382 1470 534 1537 Dubitans
550 1486 591 1532 an
610 1468 643 1528 in
664 1466 790 1533 alteriue
810 1466 952 1531 damnum
980 1462 1110 1530 influxe-
1150 1459 1241 1522 alteri
1262 1455 1409 1552 infertur.
1432 1461 1504 1527 Dixi
1524 1464 1683 1543 explicite,
1705 1474 1754 1534 vel
1786 1472 1914 1554 implici-

343 1552 388 1618 rit
406 1570 460 1631 per
479 1547 564 1612 suuni
584 1547 764 1610 mandatum
784 1544 981 1623 ,consiliiim‚
1003 1544 1110 1608 aliurn·
1146 1548 1192 1601 ie.
1213 1537 1297 1628 Qua
1314 1540 1427 1614 aliquid
1442 1547 1563 1620 praeci‘pi
1587 1548 1683 1621 potest
1704 1571 1765 1615 oon
1786 1570 1914 1619 tantum

342 1652 385 1697 ve
404 1650 443 1694 ex
463 1628 529 1691 aliis
545 1625 662 1704 modis,
682 1627 834 1704 praecipue
854 1646 915 1690 non
943 1624 1110 1698 obstando,
1145 1615 1430 1710 vetbiaexprelstt,
1448 1618 1638 1690 sednutibiit
1662 1649 1703 1703 qu
1744 1652 1800 1710 ue,
1818 1631 1854 1699 ἀ
1874 1631 1914 1697 fi·

342 1730 404 1775 noti
421 1705 641 1772 maniiellando
655 1705 727 1768 dum
746 1726 786 1769 eii
808 1702 922 1770 iustitia
942 1706 979 1770 ad
1007 1704 1036 1765 id
1064 1720 1110 1767 te·
1145 1699 1662 1789 gnis31moetiammanifessando
1690 1712 1721 1771 in
1734 1714 1824 1776 erioti
1845 1732 1913 1791 gra·

334 1787 491 1866 -ttebetut,
507 1785 555 1849 hic
571 1804 690 1861 quoque
707 1806 768 1850 non
783 1787 929 1849 eximitur
960 1804 978 1848 a
1006 1781 1111 1846 debito
1147 1794 1213 1868 tum
1229 1772 1279 1839 sibl
1300 1772 1367 1839 fore
1384 1777 1405 1837 li
1427 1779 1491 1843 tale
1516 1801 1592 1859 opus
1616 1805 1805 1864 exequatur.
1826 1792 1913 1858 Hinc

342 1866 519 1933 restituendi
541 1865 648 1929 ialtern
679 1864 842 1929 secundum
867 1883 1010 1928 naturam
1029 1862 1109 1947 dubii
1146 1854 1271 1946 iubens.
1290 1857 1342 1947 ¹²1¹¹
1367 1862 1515 1951 mmdans
1535 1860 1599 1925 sive
1613 1868 1760 1944 explicite
1786 1871 1843 1935 hoc
1859 1866 1918 1944 psa·

341 1948 423 2025 qnod
444 1964 520 2011 tunc
538 1948 568 2007 ei
584 1948 738 2009 occurrit.
760 1945 800 2008 Et
822 1943 877 2007 hoc
898 1944 987 2009 valde
1006 1942 1111 2007 conlo·
1150 1950 1233 2011 emt.
1252 1935 1315 1997 (ive
1335 1937 1481 2030 implicite
1499 1957 1641 2027 tantuin,
1659 1943 1720 2011 sive
1729 1949 1916 2027 potestatem·

341 2024 474 2093 numess
495 2025 655 2102 equitati,
675 2044 711 2091 ac
730 2027 842 2089 rationi
863 2028 933 2101 quia
964 2025 1111 2087 innocen·
1146 2011 1254 2106 habea?
1277 2018 1565 2108 llfaecitllelldt,iive
1587 2030 1847 2101 non,tenetutad
1866 2050 1913 2096 ie-

340 2111 368 2173 ti
387 2107 488 2183 potius
509 2102 673 2169 favendum
696 2106 739 2169 est
761 2125 852 2181 quam
883 2125 935 2168 reo
954 2126 964 2181 ;
985 2123 1053 2166 rens
1067 2098 1110 2164 est
1147 2092 1341 2161 stitutionem
1369 2111 1467 2188 totius
1495 2099 1598 2163 damni
1619 2106 1650 2165 in
1678 2108 1757 2181 quod
1772 2130 1828 2186 pet
1843 2112 1912 2175 eius

340 2204 467 2258 autem,
506 2186 536 2248 ui
569 2184 712 2247 damnum
737 2182 916 2250 consuluit.
945 2185 1007 2257 Qui
1029 2184 1112 2247 enim
1146 2171 1324 2238 mandatum
1346 2174 1512 2242 efficaciter
1536 2179 1689 2247 influxit.
1721 2187 1808 2254 Talis
1827 2191 1914 2268 enim

365 2263 445 2331 osuit
463 2206 612 2328 adiuuem
629 2282 683 2339 per
705 2262 735 2329 se
751 2283 855 2345 aptam
875 2264 913 2328 ad
933 2263 1047 2327 malum
1064 2266 1111 2322 in·
1145 2251 1188 2314 tii
1210 2273 1301 2347 veta,
1315 2251 1349 2317 dt
1365 2261 1519 2350 praecipua
1540 2264 1643 2325 cauil'a
1664 2264 1763 2329 damni
1799 2269 1914 2347 illati,

375 2344 501 2408 tendum
517 2345 620 2423 potius
640 2343 774 2410 iudicate
803 2344 890 2411 debet
919 2365 987 2407 eain
1004 2339 1110 2405 effedlu
1146 2331 1179 2397 ἅ
1209 2334 1333 2425 quidem·
1354 2338 1529 2412 principalis
1547 2338 1580 2405 dt
1608 2347 1702 2421 magis
1727 2348 1860 2413 influent
1880 2350 1913 2412 iii

342 2423 399 2489 itio
419 2443 482 2487 non
504 2421 1058 2500 vrcasseouamecontra.1nsuper
1079 2423 1111 2481 in
1146 2413 1425 2507 damnificationtm
1446 2420 1669 2496 quamipsemet
1688 2426 1915 2506 mandataritu,

341 2503 435 2567 dubio
460 2521 551 2565 nemo
579 2503 768 2578 praeiuinitur
796 2506 911 2567 malum
935 2502 986 2565 sua
1005 2502 1112 2575 sponte
1147 2490 1220 2554 idest
1249 2492 1388 2556 mandati
1417 2514 1566 2589 executor
1590 2519 1626 2564 ut
1656 2524 1695 2566 ex
1724 2527 1790 2585 cap.
1819 2510 1850 2568 6.
1877 2505 1915 2571 dt

341 2581 474 2649 taturus
495 2631 503 2659 ‚
527 2581 560 2647 dt
585 2602 654 2645 cum
683 2582 820 2659 polieffio
846 2582 905 2647 stet
935 2602 990 2661 pro
1008 2579 1112 2643 debito
1141 2570 1267 2659 sentent.
1291 2592 1397 2637 exani».
1422 2595 1452 2636 in
1469 2598 1527 2662 quo
1547 2577 1588 2642 sic
1604 2579 1758 2668 habetur5
1789 2607 1856 2650 cum
1886 2586 1916 2650 is

343 2660 522 2728 rellituendi
539 2664 606 2737 (ait
623 2663 654 2724 P.
672 2664 830 2805 Antoinessl
847 2664 969 2739 quando
992 2658 1111 2724 conilat
1146 2663 1306 2740 committat
1319 2674 1413 2740 vere.
1425 2674 1509 2743 citius
1524 2663 1698 2727 tulioritrte
1714 2665 1916 2730 velmanditlt

343 2740 491 2805 atilionem
512 2739 642 2826 politam
661 2741 722 2807 etle
741 2764 797 2806 cau
826 2763 873 2805 ain
893 2761 932 2804 ex
953 2739 983 2802 ie
1011 2739 1111 2802 damni
1147 2732 1290 2824 deliiium
1310 2748 1451 2802 committi
1468 2735 1622 2812 prolatet.
1640 2742 1793 2810 Hicenim
1809 2748 1916 2822 impti-

343 2822 498 2885 illativam
511 2866 521 2898 ,
540 2815 675 2897 sequitur
702 2823 894 2889 contradam
924 2817 1011 2883 fniffe
1035 2818 1112 2905 obli·
1150 2828 1207 2904 mit¹
1229 2814 1388 2905 quamdam
1405 2814 1612 2882 necessitatem
1635 2824 1784 2887 inoraltm
1802 2845 1917 2891 execti-

343 2904 505 2981 gationem
529 2899 707 2966 restituendi
732 2923 802 2968 cuni
818 2903 961 2966 damnum
980 2921 1019 2965 ex
1050 2898 1112 2976 ipla
1149 2910 1209 2980 toti
1229 2912 1299 2986 qui.
1320 2894 1417 2986 veluti
1447 2898 1514 2962 eius
1538 2897 1772 2969 instrumentum
1788 2952 1797 2980 ,
1813 2925 1853 2967 ex
1869 2900 1915 2973 es-¹

342 2979 461 3048 afflone
477 2979 609 3046 allatum
636 2979 838 3061 supponatur,
860 2985 949 3049 iuxta
978 2979 1113 3058 regulam
1149 2973 1237 3036 hellel
1267 2992 1333 3036 elus
1357 2970 1490 3050 ,impulsu
1513 2978 1658 3043 damnum
1678 2979 1789 3048 insert.
1806 2985 1916 3061 Quare

343 3083 394 3142 45.
413 3062 486 3123 iuris
508 3064 540 3122 in
571 3063 600 3123 6.
621 3063 760 3142 inspicies
776 3064 808 3125 in
832 3061 955 3140 obscuris
979 3060 1056 3137 quod
1077 3060 1113 3137 est
1150 3069 1276 3145 tenetur
1295 3073 1356 3137 non
1378 3052 1477 3123 solum
1494 3059 1529 3121 ad
1549 3059 1714 3141 damnum,
1733 3065 1856 3141 quodde
1869 3060 1916 3128 ir·

344 3139 568 3220 vrrofimiit'us‚
592 3144 649 3207 vti
672 3144 747 3221 quod
765 3144 931 3223 plerumque
956 3140 1027 3220 fieri
1051 3159 1114 3209 toti·
1148 3130 1197 3194 30
1220 3129 1320 3225 lussit„
1341 3132 1388 3224 led
1409 3140 1446 3196 ad
1476 3135 1547 3200 iliud
1572 3160 1688 3216 quoque
1712 3164 1751 3206 ex
1767 3144 1917 3208 mandato

341 3218 466 3302 suevit.
1150 3229 1262 3288 ptaeter
1279 3219 1555 3282 eiusintentionem
1563 3224 1714 3299 contigit,
1735 3221 1755 3283 ti
1777 3242 1917 3298 resprae·

387 3300 417 3362 Si
451 3320 526 3363 vero
561 3299 772 3368 damnificatur
797 3300 960 3368 testaretur
991 3297 1020 3366 se
1051 3320 1114 3364 mo·
1149 3308 1239 3386 cepta
1259 3293 1503 3385 talepeiiculum
1519 3292 1619 3361 fetum
1639 3298 1917 3378 afferebrr‚&rr·

347 3397 418 3445 tum
439 3400 499 3442 non
516 3375 605 3445 fuiile
622 3385 723 3447 alieno
737 3383 863 3448 consilio
883 3383 917 3449 dt
938 3381 1060 3445 aliunde
1081 3379 1114 3442 fi·
1151 3390 1236 3436 1¹0¹¹e
1255 3371 1552 3460 circumstissilafflm
1573 3381 1742 3454 lllaevidefe
1765 3401 1888 3458 poterat
1906 3426 1915 3445 ·

345 3460 384 3524 de
401 3458 507 3538 dignus
523 3457 560 3522 sit
581 3510 590 3538 ‚
618 3467 649 3526 in
668 3461 735 3528 foro
750 3461 944 3529 conicientiae
960 3460 1029 3528 ilari
1048 3478 1114 3537 pot·
1153 3450 1243 3514 Unde
1260 3453 1279 3511 ¹¹
1299 3446 1415 3545 famuli),
1435 3462 1579 3546 precepit
1603 3458 1840 3524 (Ombustionem
1863 3462 1916 3527 d0·

346 3537 391 3603 est
420 3543 486 3602 niue
518 3538 717 3608 testimonio,
745 3544 812 3608 Nec
841 3543 947 3606 desunt
974 3539 1059 3606 casus
1082 3543 1114 3603 in
1150 3529 1417 3596 musAtttulficui
1440 3535 1624 3602 aliaedonius
1646 3545 1920 3622 proximaeetant‚

345 3616 452 3695 quibus
472 3622 608 3698 graviter
629 3626 766 3704 prael'umi
786 3622 882 3699 poteil
902 3621 1114 3687 damnificato·
1150 3613 1183 3677 ὃ(
1203 3609 1441 3705 comburantur,
1461 3615 1494 3706 dt
1525 3618 1847 3684 hanccombuilionem
1868 3639 1917 3686 at·

346 3719 412 3764 rem
434 3703 553 3777 proprio
572 3706 890 3779 motu&neutiquam
910 3700 1115 3766 alteriussua·
1150 3709 1246 3765 tentis
1265 3693 1500 3783 circumstantiis
1511 3743 1520 3772 ,
1542 3699 1621 3773 loci,
1638 3703 1793 3777 temporit,
1815 3702 1918 3780 venti,

345 3776 429 3842 sione
449 3777 477 3841 se
495 3775 579 3844 fuisse
594 3785 833 3847 determinatum
860 3781 897 3846 ad
921 3787 1037 3845 crimen
1062 3802 1115 3859 pa·
1150 3770 1281 3836 intendit
1301 3770 1362 3841 &o
1384 3793 1522 3850 poterat,
1543 3799 1578 3840 ac
1598 3778 1721 3843 debebat
1734 3781 1920 3857 vtaevideret

346 3858 512 3936 trandum;
534 3862 645 3936 putasi
667 3862 817 3928 homicida
849 3860 1019 3939 priusquam
1042 3880 1115 3925 con·
1150 3872 1257 3928 nempe
1288 3855 1390 3930 pluies.
1417 3855 1522 3920 domos
1549 3863 1709 3934 contiguas
1736 3859 1918 3923 comburen-

346 3934 443 4001 silium
458 3958 627 4017 quaereret,
644 3945 763 4006 arderet
778 3943 849 4006 odio
879 3959 988 4007 contra
1016 3943 1114 4003 initui·
1149 3934 1217 4009 das,
1234 3950 1359 4002 tenetut
1374 3935 1410 3995 id
1432 3933 1497 4002 [¹2⁰
1518 3935 1627 4002 dimna
1644 3938 1747 4001 Omnia
1772 3960 1919 4014 wulpen·

346 4037 439 4092 cum,
456 4019 507 4078 cui
529 4022 626 4083 vitam
643 4021 783 4094 abstulit,
799 4021 833 4087 ἃ
855 4024 916 4084 iam
936 4039 1067 4086 mortem
1085 4024 1114 4084 ei
1150 4011 1304 4103 saudaqell
1322 4019 1489 4077 communis
1506 4016 1585 4091 apud
1601 4017 1668 4080 Di).
1686 4039 1725 4079 ex
1740 4040 1804 4094 cap.
1825 4018 1919 4083 deht-

346 4097 523 4161 niinaverat
540 4119 673 4165 necnon
693 4104 799 4166 omnia
821 4103 996 4165 executioni
1028 4121 1114 4178 para.
1150 4095 1267 4158 micidio
1287 4091 1433 4184 indubi
1466 4093 1708 4163 [onoc-‚1V·ait
1739 4099 1775 4160 de
1794 4101 1919 4163 iubente

348 4194 456 4239 vetat.
482 4174 560 4241 item
582 4180 601 4241 li
624 4180 686 4258 poli
709 4197 865 4257 acceptum
879 4179 1036 4246 consilium
1051 4201 1115 4246 non
1150 4175 1241 4238 alicui
1264 4190 1298 4236 ut
1307 4173 1418 4236 leviter
1435 4174 1530 4237 taleni
1547 4176 1708 4252 verberet,
1730 4178 1851 4244 tametsi
1864 4198 1918 4242 ex·

346 4255 864 4332 ampltmveljtejusmptemlim
883 4260 1043 4325 commoda
1063 4283 1115 4325 ος.
1152 4252 1398 4331 preiieinhibert
1419 4270 1459 4316 ne
1479 4254 1635 4320 occidatur
1656 4256 1706 4321 vel
1716 4257 1854 4320 membro
1864 4259 1919 4321 cli-

346 4333 426 4398 casio
447 4356 510 4399 non
530 4337 622 4403 semel
640 4338 690 4404 fibi
706 4339 856 4404 obtulerit
882 4337 1025 4403 facinoris
1045 4360 1116 4404 exe·
1148 4355 1210 4412 quo
1229 4333 1421 4407 mutiletur,
1451 4332 1470 4393 ii
1491 4355 1530 4396 ex
1550 4337 1706 4399 iracundia
1730 4338 1918 4405 mandatarii

346 4415 585 4492 ‘luendi‚quam
607 4422 695 4495 paulo
713 4417 776 4497 post
797 4420 972 4496 obtiov-as,
991 4423 1115 4495 quaein·
1151 4430 1262 4490 praeter
1283 4410 1459 4475 mandantis
1475 4415 1679 4480 intentionem
1695 4437 1777 4479 mois
1799 4422 1827 4478 in
1858 4415 1917 4482 tali

347 4509 396 4556 tet
418 4493 494 4570 ipsos
522 4516 643 4563 exortae
671 4496 741 4562 sunt
762 4498 825 4562 odii
854 4502 980 4575 cautlae,
1003 4500 1051 4562 vel
1075 4500 1116 4564 ob
1151 4493 1365 4558 verberatione
1379 4494 1920 4572 ¹contingiit,ienerimandrintenide

346 4591 456 4638 vetera
482 4597 551 4653 quae
583 4598 667 4644 nova
684 4578 834 4643 excitauit
862 4577 998 4656 occasio,
1018 4580 1115 4643 eidtin
1151 4575 1205 4659 tali
1230 4589 1357 4637 morte.
1388 4570 1414 4633 1⁵
1443 4576 1643 4662 quimrndct
1664 4575 1728 4651 (ait
1754 4574 1917 4662 Pinilft’x)

345 4652 473 4718 intulit.
1150 4653 1279 4735 aliquem
1303 4649 1458 4716 verberari
1482 4655 1550 4719 ticet
1581 4654 1704 4734 cxprcfft
1734 4655 1863 4743 inhibeat
1883 4673 1919 4719 nt

473 4773 517 4834 ve
532 4771 665 4855 nt,
679 4773 735 4855 s..
755 4775 793 4840 ae
807 4776 986 4842 »aar
1150 4731 1921 4893 tiiiltiflltlll’immittitu

385 4883 536 4951 Mandant
554 4885 606 4952 seu
634 4889 737 4957 iubens
758 4889 905 4959 astionem
933 4912 1001 4968 quae
1023 4891 1114 4961 habet
1139 4892 1213 4953 dati
1231 4891 1372 4980 excedens
1385 4861 1735 4980 ,inutiletmtltcti'dat3
1753 4917 1819 4961 turri
1836 4916 1919 4957 man·

345 4959 487 5055 damnum
508 4971 647 5041 proximo
663 4968 774 5036 inferte
792 4994 863 5037 cuin
908 4976 969 5035 rior
998 4973 1114 5036 sitnon
1150 4970 1247 5034 dando
1267 4973 1398 5048 inculpa
1421 4972 1519 5050 fucrit
1541 5021 1550 5048 ,
1575 4977 1614 5036 (u
1635 4976 1685 5042 hoc
1713 4979 1835 5040 evenire
1847 4971 1919 5054 ροβε

340 5038 442 5107 iulum
462 5045 567 5120 ordine
583 5050 667 5117 iniec
685 5054 851 5118 recenlitot
868 4996 995 5119 asterius
1011 5051 1113 5117 damni
1150 5050 1280 5140 deluerit
1296 5051 1440 5130 cogitare.
1455 5053 1504 5120 Sic
1525 5052 1586 5123 dic.
1850 5131 1879 5200 s·

1871 5152 1881 5194 i
