4425 6000
421 580 423 584 ,
587 504 838 577 Tanemois
866 501 1118 576 Pincensia
1153 495 1374 570 Decatoni
1406 497 1506 572 Car.
1536 505 1582 576 V.
1713 504 1786 601 363

278 607 352 674 dum
370 604 513 687 Sylvium
536 602 557 667 si
597 604 715 668 rivatus
737 598 774 667 ad
789 597 939 668 modicum
963 598 1045 661 detis
1077 591 1177 670 ilum,
1199 590 1250 656 seu
1272 593 1466 687 condidum.
1488 599 1621 665 Additur
1629 602 1754 740 fricto
1782 604 1838 666 loco

280 685 542 759 nereteum,qui
592 685 695 758 ioquin
716 681 790 746 eslet
817 676 1042 752 fornicatutus,
1077 672 1117 738 s?
1137 685 1276 751 tempore,
1296 694 1357 737 non
1377 696 1445 749 quia
1464 677 1527 742 lraec
1547 682 1605 742 duo
1642 698 1688 743 int
1716 681 1838 759 prorsus

280 766 335 832 arei
359 764 515 832 ebrietatis
539 763 674 839 periculo
694 758 724 826 se
746 758 958 844 expositurus,
978 775 1041 819 non
1075 751 1242 845 neteliaria
1263 752 1299 817 ad
1321 753 1456 826 duellum
1478 775 1513 821 ut
1535 757 1593 834 sic,
1612 758 1660 826 sed
1677 765 1747 836 quia
1767 761 1836 825 talis

280 864 440 926 peccaret,
462 859 517 908 aut
536 839 642 906 saltem
660 861 722 904 non
745 842 900 919 graviter;
920 832 1040 901 lecusli
1075 827 1245 923 designatio
1261 835 1447 909 requiritur,
1466 854 1501 900 ut
1521 840 1717 904 incurrantur
1737 860 1844 916 poenae

277 927 414 990 invitum
436 924 564 1001 ligaret,
583 922 684 985 autin
707 920 806 997 aliquo
821 918 890 983 loto
906 916 1039 981 reclude·
1076 932 1107 974 in
1124 909 1213 974 sacris
1232 912 1397 977 canonibus
1417 913 1595 981 constitutas
1612 967 1620 992 ,
1639 935 1674 982 ut
1693 920 1839 982 delinivit

279 1021 348 1070 ret.
370 1003 444 1067 Diu
467 999 635 1080 privatum
656 1020 729 1066 nam
756 1000 808 1076 qui
833 998 966 1073 aliquam
986 995 1039 1058 ha·
1074 991 1155 1057 Sacr.
1173 991 1319 1081 Congreg.
1335 992 1468 1058 Concilii
1482 1000 1522 1060 ln
1542 998 1653 1062 nullius
1671 996 1840 1075 15.0tiobv

271 1085 353 1149 benc
373 1078 638 1160 superioritatem,
657 1080 732 1144 licet
751 1076 819 1146 suos
839 1076 1038 1144 subditnsne·
1077 1072 1162 1150 ¹⁶44·
1188 1069 1239 1135 lib.
1267 1091 1314 1149 ¹7·
1340 1072 1501 1163 Decretni,
1532 1074 1583 1143 sol.
1614 1082 1681 1155 360.
1716 1078 1838 1142 Dicitur

276 1181 394 1243 queant
415 1163 631 1238 incarcerare,
650 1175 758 1238 utpote
784 1156 865 1235 quod
884 1155 921 1221 ad
944 1153 1039 1220 solam
1075 1155 1199 1213 tandem
1215 1169 1281 1241 tuni
1300 1154 1428 1228 periculo
1444 1157 1602 1234 occifinnis,
1621 1156 1839 1234 mutilationis,

278 1239 431 1318 publicani
451 1236 632 1317 potestatem
652 1242 825 1316 pertineat,
849 1235 969 1313 poilunt
991 1252 1040 1300 ta·
1073 1229 1125 1322 uel
1143 1231 1301 1324 vulneris,
1323 1250 1358 1296 ut
1374 1233 1606 1301 excludantura
1623 1238 1840 1304 rationeduel-

277 1342 346 1386 rnen
369 1341 420 1397 per
436 1319 559 1397 aliquod
584 1338 704 1396 tempus
719 1318 798 1386 domi
820 1312 879 1382 suae
904 1313 1040 1380 reclude·
1074 1309 1095 1370 li
1111 1327 1347 1389 contentiones,
1366 1310 1400 1378 &
1420 1319 1656 1382 exercitationes
1677 1320 1773 1398 vulgo
1794 1319 1840 1379 di·

278 1421 313 1466 re
335 1448 343 1477 ,
371 1398 406 1466 dt
424 1400 586 1474 detinere,
606 1417 641 1463 ut
667 1417 754 1474 pater
773 1396 866 1470 lilios.
887 1393 921 1462 dt
941 1394 1039 1469 filias,
1072 1386 1128 1454 cta
1138 1387 1292 1484 scherma',
1312 1414 1382 1454 cum
1402 1391 1466 1458 illae
1482 1393 1557 1459 fiant
1583 1396 1644 1460 line
1671 1399 1737 1462 ullo
1761 1399 1838 1473 perii

279 1479 416 1545 dominus
431 1478 533 1543 servos
548 1476 582 1542 δι
606 1478 752 1555 ancillas,
771 1471 975 1551 ludimagister
996 1472 1039 1535 di·
1072 1468 1144 1561 culo
1165 1467 1313 1547 laesionis,
1335 1488 1403 1535 tum
1423 1477 1518 1538 etiam
1536 1498 1662 1553 pugnae,
1684 1475 1771 1542 difiae
1792 1478 1841 1539 lu.

279 1558 424 1635 scipulos,
444 1575 510 1621 tum
527 1573 559 1622 ut
575 1560 769 1637 corrigantur
780 1605 790 1636 ,
804 1571 871 1620 tum
892 1572 927 1618 ut
942 1574 1038 1642 amau
1073 1548 1194 1625 dicre,
1222 1571 1290 1625 quae
1318 1553 1476 1616 exercendi
1501 1574 1555 1618 cor
1575 1577 1610 1619 us
1637 1556 1671 1621 dt
1692 1559 1841 1635 agilitatis

274 1639 309 1703 lo
327 1636 407 1714 quod
427 1656 632 1713 conceperunt
654 1636 844 1711 abstineant,
864 1636 996 1699 maxime
1017 1633 1036 1693 li
1074 1628 1317 1696 demonstrandae
1331 1631 1437 1724 caussa
1453 1631 1520 1697 fieri
1547 1577 1665 1711 tirreni,
1693 1654 1760 1700 tum
1785 1658 1840 1712 pu·

280 1719 455 1784 indecenter
477 1720 585 1781 vivere
605 1718 722 1795 velint,
739 1736 794 1783 aut
815 1713 892 1777 ludis
916 1712 950 1780 &
970 1713 1039 1777 libi·
1072 1727 1247 1800 gnae,·quae
1263 1710 1342 1776 fiunt
1363 1729 1454 1775 armis
1480 1713 1517 1778 ad
1533 1734 1661 1792 gravem
1685 1714 1839 1781 laesronern

279 1797 349 1864 dine
364 1797 444 1861 britia
464 1794 624 1861 domestica
647 1800 853 1874 consument,
872 1791 1039 1875 quiaillud
1074 1791 1213 1864 ineius,
1241 1807 1278 1854 ut
1303 1793 1425 1869 pugnis,
1455 1792 1517 1856 levi
1540 1792 1678 1873 baculo,
1707 1797 1839 1858 crinium

278 1873 599 1956 estprimummediuiti
618 1878 654 1940 ad
672 1878 930 1952 emendationem,
947 1895 1039 1950 quam
1073 1866 1258 1933 avulsione.
1290 1872 1372 1945 Quia
1401 1888 1505 1935 tamen
1531 1875 1560 1935 in
1590 1879 1695 1951 pugnis
1713 1875 1838 1938 ludicris

279 1974 444 2036 parentes,
464 1954 496 2018 dt
516 1954 648 2033 magistri
677 1969 786 2022 curare
810 1956 938 2019 debent.
960 1954 1040 2018 Item
1072 1952 1211 2025 graviter
1232 1953 1349 2023 peccari
1367 1952 1464 2025 potest
1481 1971 1520 2013 err
1538 1950 1689 2030 passione,
1708 1958 1768 2017 imo
1788 1971 1839 2017 ta·

277 2038 349 2102 dum
374 2035 480 2110 aliquis
505 2033 541 2097 ab
561 2036 625 2099 alio
645 2035 765 2103 assedus
786 2033 829 2101 esl
851 2038 984 2110 iniuria,
1003 2034 1038 2100 ἀ
1073 2029 1114 2092 lia
1139 2033 1322 2098 certamina.
1344 2029 1506 2106 aliquando
1533 2028 1689 2096 iunellurn
1716 2036 1837 2096 exitum

278 2116 326 2180 hic
347 2113 443 2179 adbuc
483 2131 602 2192 ergetet
630 2119 770 2179 iniuriam
789 2117 819 2179 ei
840 2112 950 2180 inferte
973 2134 1039 2188 per·
1073 2106 1222 2184 habuere,
1243 2126 1278 2173 ut
1298 2113 1430 2196 contigit
1451 2113 1482 2171 in
1499 2110 1637 2174 Henrico
1656 2110 1696 2174 ll.
1714 2110 1839 2175 Gallia·

277 2192 440 2270 cociendo,
461 2137 614 2269 ipoliando
633 2194 692 2259 dcc.
717 2192 838 2271 quando
859 2194 944 2260 lael'iis
973 2215 1035 2260 non
1073 2209 1141 2280 rum
1164 2208 1231 2265 rege
1259 2189 1393 2264 perculso
1417 2209 1434 2251 a
1454 2188 1838 2268 ComiteMongoinerio3
1862 2199 1864 2203 ‘

248 2337 251 2342 .
278 2273 372 2337 aliam
388 2269 609 2335 viamhtberet
626 2272 739 2349 prolui
760 2270 945 2347 defensione,
968 2272 1035 2351 pos·
1074 2270 1144 2331 hinc
1161 2271 1273 2335 merito
1288 2267 1491 2334 huiuscemodi
1503 2289 1635 2346 pugnat,
1657 2290 1724 2345 quae
1742 2273 1772 2331 in
1792 2272 1839 2332 iii·

279 2347 324 2415 set
344 2348 525 2415 offensorem
544 2348 700 2429 detinere,
721 2352 816 2419 donec
842 2371 966 2420 vocaret
992 2359 1038 2418 iu·
1074 2367 1106 2409 re
1125 2346 1271 2411 dicuntur
1287 2352 1518 2424 Torneeiiitnia,
1541 2348 1716 2427 proscripta
1733 2345 1840 2425 fuere,

277 2430 391 2506 dicem,
411 2431 460 2495 vel
476 2433 542 2495 eius
561 2431 729 2497 ministros.
1074 2445 1108 2490 ut
1127 2430 1158 2488 in
1180 2426 1231 2489 lib.
1250 2449 1276 2505 5.
1293 2428 1451 2494 Decretal.
1472 2430 1521 2492 tit.
1543 2443 1591 2515 3.¹

632 2569 637 2586 ,
1111 2506 1255 2573 Duellum
1285 2510 1329 2571 ita
1357 2524 1517 2585 acceptum
1549 2508 1671 2574 initium
1697 2508 1787 2571 dirxit
1816 2513 1945 2578 adqui.

553 2596 579 2658 §⁸
621 2589 765 2655 XVIII·
1071 2584 1246 2652 Gentlllbm
1266 2634 1277 2666 5
1302 2586 1337 2655 ἃ
1357 2585 1565 2666 Longffiafdlss
1581 2634 1591 2662 ,
1613 2608 1633 2653 a
1651 2587 1756 2665 quibus
1775 2584 1834 2651 suit
1849 2576 1964 2689 513.θῶ

563 2711 608 2772 o
628 2710 748 2773 ιιι·
843 2731 860 2758 -
1071 2658 1762 2820 asseruisti’iiiimxiiii
1775 2667 1837 2808 it

233 2836 264 2889 :lc
318 2819 466 2884 Duellum
481 2825 600 2897 proprie
618 2821 746 2899 diilum,
764 2823 816 2888 seu
831 2821 1039 2886 monornacliia
1072 2844 1143 2887 men
1194 2825 1403 2899 ladiatorum3
1432 2822 1480 2887 led
1507 2828 1668 2889 eumelus
1697 2824 1837 2889 ul'usvi·

233 2938 237 2955 ·
277 2898 320 2966 est
334 2916 432 2977 pugna
448 2898 523 2988 inita
541 2899 620 2966 inter
639 2904 730 2980 duos,
748 2904 911 2980 oelpliires
928 2896 1040 2986 inpari
1071 2906 1172 2979 guerit
1201 2922 1266 2968 tani
1291 2924 1345 2979 pro
1369 2902 1456 2967 rebus
1476 2901 1557 2965 seriis
1577 2949 1587 2980 ,
1604 2924 1695 2979 quarn
1715 2922 1769 2980 pro
1792 2903 1842 2966 lu·

278 2999 396 3046 numero
417 2980 811 3060 praeiudiciorum&
831 3002 869 3045 ex
889 2980 1040 3057 condida,
1072 2981 1189 3060 dicris,
1212 2981 1366 3048 differebat
1396 3004 1415 3047 a
1453 2981 1587 3059 duello,
1634 2984 1692 3048 uod
1715 3003 1843 3048 exerce·

274 3061 384 3144 stdiuio
403 3061 479 3134 i⁰s⁰=
499 3055 682 3147 ¹&lectitare
702 3081 768 3127 cum
785 3061 911 3137 periculo
930 3059 1038 3138 occipio·
1074 3079 1126 3127 tur
1155 3084 1211 3142 pro
1230 3063 1298 3128 solis
1318 3063 1405 3126 rebus
1434 3061 1543 3138 seriis,
1565 3062 1595 3124 id
1657 3083 1712 3139 pro
1732 3063 1788 3127 lite
1803 3062 1842 3125 fi-

279 3140 331 3207 ni!
342 3188 351 3219 2
369 3140 593 3218 miiidiwnli,
615 3142 670 3205 vei
692 3140 849 3205 vulneris·
871 3140 993 3203 Dicitur
1011 3158 1035 3200 1·
1074 3143 1183 3206 nicode
1200 3190 1210 3220 ,
1225 3162 1293 3219 pro
1313 3145 1449 3207 veritate
1472 3140 1620 3219 capienda
1641 3164 1650 3215 ;
1679 3141 1713 3208 ἀ
1735 3144 1767 3206 in
1795 3159 1843 3207 ta·

276 3219 487 3299 prigritiam,
507 3235 544 3281 ut
565 3222 760 3298 intelligatur
775 3219 910 3284 duellum
930 3217 1038 3283 debere
1075 3220 1095 3282 ll
1124 3218 1178 3286 uin
1206 3223 1340 3287 invaluit
1355 3242 1418 3286 non
1447 3219 1544 3283 solum
1566 3220 1645 3297 apud
1663 3220 1843 3301 longobar.
1885 3275 1917 3286 ‚-

278 3300 339 3362 elle
358 3319 428 3365 cum
446 3296 573 3374 effedu3
600 3320 671 3365 natu
696 3298 868 3363 duellantes
888 3297 925 3361 ad
945 3293 1039 3361 solam
1074 3300 1127 3363 dos
1144 3347 1153 3376 ,
1173 3297 1223 3363 led
1243 3304 1340 3366 etiam
1360 3301 1437 3377 apud
1458 3299 1632 3365 Germanos
1653 3348 1663 3378 ,
1687 3299 1841 3374 Francos.

279 3379 489 3454 apparentiam
508 3421 519 3455 ,
535 3397 575 3443 ex
594 3400 655 3454 quo
679 3395 768 3442 antea
790 3379 993 3442 convenerint
1010 3374 1039 3438 se
1073 3375 1242 3456 Hispanos,
1261 3379 1295 3449 dt
1314 3382 1346 3443 in
1363 3396 1431 3444 tota
1448 3379 1576 3454 denique
1596 3378 1739 3457 Europa:
1760 3382 1841 3444 unde

279 3475 345 3521 non
367 3457 532 3522 vulnerare
552 3505 560 3534 ,
580 3454 629 3525 ied
645 3456 771 3522 lionoris
786 3459 884 3535 gratia
903 3455 1039 3520 duellum
1074 3455 1180 3523 summi
1197 3457 1362 3523 Pontifices
1382 3506 1391 3533 ‚
1421 3456 1456 3523 δι
1480 3455 1620 3523 Concilia
1633 3459 1763 3523 diversis
1782 3461 1843 3523 De-

281 3528 422 3602 similite
443 3584 452 3611 i
474 3555 535 3600 ⁰0¹³
555 3539 714 3627 incurrant
746 3555 851 3627 ima?
871 3531 1039 3623 spitituales
1072 3539 1167 3603 cretis
1188 3559 1242 3614 pro
1263 3537 1380 3603 vitibus
1410 3536 1484 3602 illud
1515 3536 1640 3601 abolere
1662 3556 1842 3615 curarunt;

279 3631 389 3679 contra
412 3614 584 3681 duellantes
608 3613 756 3678 inflillas.
777 3613 896 3675 Dicitur
916 3631 943 3672 a.
962 3625 1039 3676 inter
1075 3614 1109 3679 dt
1130 3618 1212 3679 inter
1230 3616 1292 3680 alia
1320 3616 1535 3689 Consiliorum
1564 3616 1688 3682 decreta
1706 3617 1749 3680 esi
1768 3619 1843 3682 illud

279 3690 679 3772 daemoniacisque
704 3711 853 3765 numero,·
875 3710 935 3765 quo
954 3688 1038 3767 patio
1076 3692 1164 3755 Trid.
1188 3693 1319 3758 Concilii
1341 3691 1405 3757 seli.
1427 3713 1474 3770 ις.
1498 3693 1535 3756 de
1555 3691 1691 3758 Reform.
1713 3716 1779 3774 cap.
1794 3715 1840 3773 19.

233 3819 235 3824 -
278 3768 419 3839 differta
440 3775 504 3832 rixa
546 3773 653 3849 inqua
676 3769 904 3852 plutescontra
924 3788 1039 3844 uniim,
1076 3773 1108 3832 in
1131 3790 1192 3845 quo
1207 3771 1387 3851 infliguntur
1415 3792 1516 3848 poenae
1546 3777 1842 3839 excommunicatio·

278 3850 334 3917 vel
354 3869 371 3912 e
392 3817 544 3913 converio
568 3867 687 3917 certare
704 3847 839 3924 poliunt.
864 3846 986 3910 Dicitur
1006 3861 1034 3924 3.
1077 3851 1124 3912 nis
1139 3869 1201 3911 non
1222 3848 1318 3916 solum
1337 3868 1449 3916 contra
1464 3850 1655 3928 duellantes,
1674 3872 1841 3931 eorumque

272 3926 403 4009 privata
421 3929 591 3993 aieiri'iaie
611 3925 865 3993 addenotandum
880 3924 960 4000 quod
959 3945 1042 4068 ¹piro·
1077 3929 1233 4005 patrinos,
1254 3928 1302 3994 led
1322 3932 1416 3996 etiam
1431 3948 1539 3995 contra
1558 3951 1611 3995 eos
1628 3933 1680 4008 qiii
1693 3933 1841 4012 confilium

278 4005 379 4072 bibita
395 4027 459 4070 non
473 4007 531 4071 lint
547 4009 602 4073 illa
616 4007 736 4085 duella,
756 4004 950 4085 quaepublica
981 4021 1038 4068 unt
1076 4004 1108 4067 iii
1122 4007 1215 4087 cauffo
1234 4010 1330 4075 daedi·
1358 4022 1420 4073 iam
1449 4008 1564 4074 iniisse
1586 4031 1676 4088 quam
1705 4012 1738 4075 iii
1759 4011 1841 4093 salio

233 4142 239 4158 .
279 4083 465 4157 audoiicaca
484 4091 565 4153 inter
585 4084 682 4153 nolles
701 4135 710 4164 ,
730 4089 810 4151 inter
834 4105 902 4158 quae
922 4081 1041 4149 celebre
1074 4085 1212 4151 dederint
1232 4134 1241 4165 ,
1264 4090 1401 4154 aureliis
1421 4107 1600 4178 quacumque
1628 4092 1740 4157 ratione
1754 4093 1796 4156 ad
1810 4092 1846 4154 id

277 4163 322 4232 eli
340 4162 412 4233 illud
428 4165 529 4234 David
548 4188 618 4233 eum
637 4165 764 4232 Goliath
787 4185 813 4227 r.
835 4164 951 4255 Regum
973 4184 1039 4239 cap.
1072 4184 1249 4251 ‚quemquam
1287 4168 1484 4248 ersuastiiiit,
1500 4183 1717 4236 necromantia
1746 4176 1842 4249 pega.

280 4266 327 4326 17.
348 4265 382 4308 ac
399 4244 473 4311 illud
494 4244 668 4313 Wenceslai
688 4244 843 4311 bohemiae
861 4243 971 4317 Ducis,
987 4243 1037 4318 qui
1076 4255 1167 4307 iores.
1200 4247 1239 4311 Ει
1261 4187 1285 4313 ii
1300 4248 1472 4313 duellantes
1493 4251 1524 4314 in
1545 4246 1609 4325 ipso
1624 4247 1717 4314 confli
1749 4252 1841 4316 ude.

279 4341 316 4391 ιιι
344 4322 466 4389 luorum
491 4324 579 4388 saluti
613 4323 809 4400 consuleret,
831 4322 867 4385 ad
893 4319 1039 4400 singulare
1075 4322 1215 4388 cesserint
1238 4374 1246 4401 ,
1273 4328 1343 4392 vult
1359 4326 1530 4393 Concilium
1556 4345 1591 4391 uc
1616 4346 1765 4407 perpetuo
1793 4351 1843 4392 ca.

262 4422 437 4485 ,certamen
456 4422 564 4469 contra
584 4405 701 4469 Ducem
719 4402 923 4468 Curimenlem
943 4397 1038 4467 arces·
1077 4418 1167 4464 reant
1182 4403 1381 4471 ecclefiallica
1400 4403 1574 4484 sepultura.
1591 4407 1661 4470 Hoc
1676 4408 1843 4472 Decretum

253 4481 336 4565 (ιιι.
359 4484 481 4551 Dicitur
504 4507 532 4563 φ
556 4483 752 4560 excomiuo,
773 4481 824 4547 seu
845 4477 1038 4570 pailmjdell
1077 4500 1094 4543 a
1123 4478 1275 4560 Gregorio
1306 4483 1391 4547 Xlll.
1426 4488 1458 4549 in
1482 4485 1573 4549 Bulla
1601 4487 1661 4554 Ad
1684 4486 1842 4550 tollendam

233 4594 259 4655 s
279 4585 321 4628 ex
341 4566 559 4642 provocatione
575 4567 680 4640 unius,
700 4561 733 4631 dc
752 4561 876 4627 alterius
901 4577 1039 4635 accepta·
1075 4558 1159 4622 edita
1177 4580 1205 4636 5.
1222 4561 1296 4649 Dec.
1319 4563 1404 4641 1582,
1425 4563 1460 4631 &
1485 4564 1680 4629 aclememe
1699 4565 1782 4628 v111‚
1808 4570 1842 4630 11,

281 4647 388 4717 tione.
416 4643 499 4709 Hinc
517 4642 537 4707 li
555 4643 587 4706 in
602 4644 670 4709 rixa
685 4640 745 4707 duo
761 4659 800 4704 eir
820 4638 922 4704 calore
941 4638 1038 4703 dcim-
1076 4637 1165 4708 Bulla
1181 4641 1269 4705 Illius
1289 4642 1385 4708 vicem
1406 4642 1841 4723 editaKal.Sept.1592.suit
1890 4644 1893 4653 '

280 4740 356 4799 peto
376 4739 520 4801 proruant
539 4725 570 4787 in
595 4742 700 4797 arma,
718 4718 920 4795 depugnent,
939 4717 961 4780 si
982 4720 1040 4781 ini·
1076 4714 1345 4810 sicflexplicatuin,
1361 4741 1395 4788 ut
1415 4724 1602 4789 extendatur
1617 4725 1759 4790 etiamad
1779 4745 1842 4802 eos,

280 4803 352 4867 mici
373 4807 406 4866 in
420 4803 521 4879 platee
537 4818 733 4873 occurrentes
749 4814 877 4866 exerant
887 4797 989 4877 enses,
1004 4795 1038 4863 &
1074 4818 1125 4873 qui
1147 4796 1209 4862 sine
1229 4805 1453 4878 provocatoriis
1484 4800 1685 4869 chartulis&
1705 4802 1767 4867 sine
1786 4825 1839 4881 pa.

278 4901 423 4962 certent,
442 4884 464 4947 si
481 4882 670 4953 adversarius
686 4876 772 4945 suurn
792 4877 937 4947 aemulum
956 4896 1037 4951 quae·
1075 4880 1163 4942 trinis
1187 4880 1315 4942 inierint
1326 4899 1480 4946 certamen
1499 4881 1667 4959 Gregorius
1675 4881 1759 4945 Xlll.
1773 4884 1843 4946 loco

277 4986 349 5044 tat,
370 4965 491 5045 eiusque
511 4961 671 5033 transitum
685 4958 842 5041 exploret,
861 4975 894 5021 ac
910 4976 980 5046 cum
998 4974 1036 5018 eo
1074 4957 1128 5046 cit.
1151 4955 1326 5025 declaravit
1353 4960 1472 5036 inl'upcr
1501 4960 1557 5024 lioc
1578 4960 1742 5026 Decretum
1756 4960 1841 5023 Con·

278 5050 423 5126 dimicet,
444 5065 507 5114 non
525 5046 584 5111 erit
600 5041 752 5121 diiellum,
771 5040 838 5117 quia
865 5032 966 5101 deficit
982 5054 1034 5112 pa·
1073 5036 1138 5102 cilii
1154 5055 1217 5102 non
1234 5033 1328 5104 solum
1358 5040 1459 5112 locum
1486 5039 1596 5107 habere
1623 5042 1656 5102 in
1670 5037 1775 5182 duellils
1796 5037 1845 5105 ln-

1772 5136 1806 5181 e·
