4425 6000
1417 409 1419 413 -
1470 369 1495 422 ί

620 521 916 596 Tanemois
945 521 1266 602 Continet.
1295 518 1415 593 Car.
1441 517 1490 596 ti.
1705 525 1778 601 iar

257 623 329 691 imi
350 619 407 688 liat
425 633 534 688 contra
550 621 742 687 venditorem
762 642 774 695 ‚·
793 623 840 684 ita
859 620 1027 684 communi·
1062 618 1160 683 denda
1178 622 1228 695 qui
1251 621 1332 695 prior
1347 622 1448 700 emit,
1468 624 1539 698 quia
1557 619 1605 685 liic
1623 620 1669 687 ius
1687 626 1724 688 ad
1742 627 1827 691 illam

263 720 314 770 ger
332 723 372 767 ex
391 706 444 767 cit.
467 706 538 780 Lag.
559 700 635 778 quod
648 702 745 781 [αρε.
794 746 797 752 .
1063 702 1146 775 prius
1162 699 1272 763 habet.
1303 700 1385 763 Nam
1408 703 1498 765 iuxta
1523 701 1660 779 regulam
1684 706 1756 768 iuris
1776 708 1828 785 qiti

217 795 264 856 ὴ·
304 783 335 846 Si
353 802 394 847 eir
414 781 527 845 duabus
556 781 642 845 rebus
659 803 719 845 una
747 776 930 842 disiundiive
950 797 1027 844 ven·
1061 781 1100 857 ess
1119 780 1152 841 ln
1168 791 1293 857 tenpore
1305 779 1401 857 prior,
1421 782 1458 859 est
1472 779 1563 844 etiarn
1584 782 1615 845 iii
1629 783 1710 849 iure.
1734 785 1828 850 Unde

217 881 233 944 i·
263 862 330 927 dita
343 859 404 941 sit,
425 883 455 924 v.
474 882 500 939 g.
521 880 560 923 ex
577 861 690 924 duabus
710 862 834 937 genimis
850 879 939 936 una,
967 877 1027 920 nou
1063 879 1109 922 res
1127 861 1180 922 uni
1199 859 1344 936 vendita,
1359 859 1422 922 line
1444 861 1531 925 liuius
1553 863 1690 940 iniuria,
1709 868 1760 941 qui
1781 868 1828 931 ius

217 931 490 1008 '¹‘·determinandu
506 939 604 1018 hanc,
622 941 670 1003 vel
692 938 776 1002 illam
825 937 846 999 si
868 936 930 1014 poll
951 957 1028 1002 ven·
1064 937 1101 1003 ad
1122 939 1206 1003 illam
1226 937 1384 1013 acquisivit
1404 988 1412 1013 ,
1431 938 1465 1004 ἃ
1485 940 1595 1017 habet,
1623 942 1712 1007 alteri
1736 947 1828 1010 vendi

217 1033 241 1114 ὴ·
262 1023 410 1087 ditionem
445 1015 581 1083 absolute
611 1016 719 1083 sasiam
746 985 840 1108 amliar
871 1035 1029 1110 pereant,
1064 1021 1194 1096 nequit,
1214 1021 1254 1083 eit
1270 1023 1342 1097 Leg.
1366 1022 1414 1081 2⁶.
1432 1026 1458 1085 5.
1474 1020 1513 1083 de
1528 1023 1612 1087 locat.
1642 1022 1759 1089 Idcirco
1789 1025 1828 1091 ad

245 1095 389 1182 'emptor
404 1096 525 1165 tametsi
546 1099 622 1162 nihil
643 1114 813 1173 receperit,
830 1116 963 1173 pretium
973 1094 1030 1161 sol·
1065 1100 1123 1163 hoc
1140 1118 1175 1163 ut
1196 1098 1269 1162 talis
1285 1101 1396 1163 iniuria
1417 1117 1597 1178 reparetur,
1619 1104 1764 1171 tradenda
1782 1105 1828 1170 est

265 1201 342 1248 vere
372 1197 497 1245 tenetur
512 1201 523 1256 ,·
551 1181 595 1241 ira
624 1199 664 1243 eit
691 1180 763 1256 urg·
783 1191 830 1257 34
851 1176 887 1257 ffi
908 1176 944 1241 de
962 1197 1028 1242 caii·
1064 1184 1163 1257 primo
1190 1181 1350 1254 emptori.
1378 1179 1469 1256 Quod
1493 1201 1602 1245 verunt
1630 1182 1673 1246 eli
1706 1182 1825 1251 tametsi

230 1293 235 1300 ·
262 1257 490 1340 trebenno&
506 1258 626 1323 vendit.
643 1259 672 1320 Si
684 1276 758 1322 vero
776 1258 925 1321 alterutra
942 1257 1030 1321 durn-
1065 1274 1196 1334 uterque
1213 1258 1356 1323 assereret
1373 1279 1436 1323 reni
1460 1258 1512 1323 sibi
1536 1261 1684 1327 traditam
1706 1261 1793 1329 fuisse
1813 1287 1827 1344 ,·

262 1359 357 1408 taxat
374 1357 499 1418 pereat,
522 1342 600 1415 perir
622 1337 776 1402 venditori
793 1384 805 1412 ,
821 1339 871 1412 qui
902 1354 1029 1402 tenetur
1067 1360 1139 1403 naui
1155 1335 1268 1403 seclusa
1284 1339 1471 1419 traditione,
1513 1361 1560 1404 uae
1576 1343 1739 1408 evidenter
1754 1365 1829 1410 con·

258 1422 395 1490 alteiam
414 1419 547 1484 tradere.
563 1417 612 1483 Sic
632 1419 662 1481 P.
681 1418 820 1481 Autoinc
837 1437 906 1481 cum
915 1416 1003 1481 aliia.
1064 1419 1121 1482 sier
1139 1466 1148 1495 ‚
1164 1422 1209 1481 ius
1226 1421 1331 1493 prioris
1352 1421 1452 1491 potius
1524 1469 1533 1498 ,
1551 1420 1674 1498 ideoque
1692 1425 1722 1484 in
1738 1425 1829 1489 dubio

1063 1502 1090 1561 ei
1113 1494 1296 1562 favendum.
1312 1498 1403 1573 Quod
1420 1498 1441 1560 li
1455 1499 1601 1576 poilerior
1623 1504 1753 1576 pretium
1772 1502 1829 1566 sol·

562 1586 590 1645 5·
632 1575 741 1642 Vlll.
1066 1577 1185 1655 vitiet,
1206 1594 1285 1670 ⁸tunc
1314 1580 1404 1655 priori
1425 1579 1501 1642 esset
1528 1579 1575 1644 liic
1595 1580 1828 1662 praescrendus,

270 1699 328 1789 ,ve
346 1691 561 1777 obligationibus
586 1693 777 1773 venditoris,
798 1688 839 1762 Ψ
852 1689 1008 1771 miletis·
1063 1655 1761 1814 {1⁰3¹ss{ffiffiulzrffsingrejrriertslrllltddefflonem
1784 1661 1828 1726 f.

270 1849 274 1854 -
305 1812 358 1879 liit'
377 1835 391 1877 r
413 1817 577 1891 praecipuas
593 1812 739 1903 emptoris
759 1807 960 1902 obligationes
981 1808 1029 1872 hae
1103 1817 1260 1882 Statuitur
1276 1815 1353 1893 quod
1370 1836 1416 1880 res
1427 1818 1553 1883 vendita
1570 1823 1607 1883 ad
1622 1841 1694 1886 euni
1703 1819 1829 1904 spediet,

261 1889 373 1958 recens
408 1912 478 1971 rur,
499 1913 525 1954 1.
548 1907 584 1956 ut
605 1906 737 1966 pretium
756 1905 909 1967 integrum
928 1889 1029 1953 solvat
1063 1897 1144 1962 &ei
1165 1895 1203 1960 fit
1224 1896 1423 1961 adiudicanda
1444 1896 1636 1975 ,liveprior
1692 1902 1831 1983 iive'po·

263 1973 385 2040 llatuto
408 1990 557 2050 tempore·
591 1988 619 2030 2·
648 1987 684 2033 ut
715 1967 858 2061 restituar
881 1987 1030 2062 quintum
1064 1976 1174 2040 slerior
1189 1992 1310 2065 emptor
1322 1975 1392 2065 sit,
1420 1980 1473 2040 cui
1502 1980 1618 2042 tradita
1641 1949 1728 2061 suit,
1758 1989 1830 2060 quia

265 2055 394 2118 minoris
414 2074 478 2117 rem
493 2055 578 2116 emit·
603 2065 628 2127 3·
646 2067 682 2113 ut
698 2046 720 2111 st
739 2050 881 2113 venditor
896 2068 941 2111 rel
964 2068 1029 2124 ure·
1064 2076 1102 2121 rx
1125 2061 1192 2135 Lrg.
1221 2054 1400 2120 traditionis.
1426 2056 1485 2121 cod.
1510 2057 1547 2121 de
1569 2059 1662 2135 partis
1685 2060 1828 2128 dicitur:

265 2134 348 2198 tium
362 2136 482 2213 ignoret
508 2133 614 2210 ,hunc
634 2147 759 2193 moneat
780 2131 830 2208 vel
846 2129 1030 2220 generaliter
1064 2132 1269 2199 traditionibus
1288 2134 1421 2199 dominia
1441 2157 1539 2201 rerum
1554 2159 1613 2202 tion
1633 2141 1724 2204 nudis
1737 2147 1830 2221 patriis

266 2213 395 2278 diceudo
424 2237 487 2280 rern
515 2219 607 2294 pluris
636 2211 770 2289 valere,
802 2212 853 2274 vel
882 2225 979 2272 etiam
1007 2212 1028 2268 ii
1065 2214 1303 2293 transferuntur.
1323 2214 1414 2279 Unde
1433 2221 1530 2281 eriam
1542 2215 1689 2284 secundus
1699 2242 1829 2303 emptor,

262 2319 340 2378 ΟΝ*
356 2295 450 2364 suerit
471 2296 642 2375 specialiter
660 2289 832 2371 iffiissmdo
847 2285 957 2352 lustum
966 2305 1029 2380 1²¹9·
1065 2294 1085 2358 si
1104 2316 1150 2359 res
1171 2301 1198 2359 ei
1223 2296 1337 2359 tradita
1353 2293 1409 2374 sit,
1425 2295 1462 2361 fit
1479 2300 1522 2361 cei
1540 2296 1695 2376 dominus,
1716 2324 1830 2377 acpro-

262 2387 364 2461 tium,
383 2383 455 2447 licet
485 2379 623 2443 infimum
646 2370 791 2452 assignare
815 2370 1029 2464 valeam-quta
1066 2376 1132 2438 inde
1155 2378 1285 2439 tercius
1305 2374 1348 2437 esi
1368 2380 1437 2467 Leg.
1458 2396 1503 2454 ¹5·
1525 2380 1582 2440 cod.
1605 2379 1640 2443 dr
1663 2381 1708 2444 rei
1729 2383 1829 2447 osiidi-
1914 2443 1917 2449 .

263 2466 374 2531 infimo
394 2484 493 2528 emere
507 2460 602 2540 potest
621 2482 629 2520 :
651 2456 730 2520 unde
750 2465 875 2518 tenetur
891 2448 1029 2513 restitue·
1063 2468 1118 2521 cat.
1137 2456 1220 2519 Nam
1238 2458 1511 2521 communiiiimuni
1526 2457 1568 2519 eil
1586 2456 1648 2525 sine
1672 2462 1736 2527 ulla
1755 2484 1830 2528 cun·

262 2567 300 2612 ne
315 2549 393 2623 quia
410 2544 520 2609 rullico
536 2539 663 2621 simplici
681 2553 829 2614 gemmam
845 2528 1030 2594 eruitmiilto
1066 2534 1239 2613 troversia,
1268 2533 1461 2599 contrabium
1488 2536 1673 2604 venditionis
1694 2540 1829 2609 absolute

266 2627 391 2690 minoris
411 2645 500 2700 quani
520 2620 657 2687 nosceret
679 2636 749 2679 caui
781 2614 908 2678 valere.
938 2608 1029 2702 Sectis
1065 2614 1169 2693 perfici
1186 2617 1353 2679 traditione
1373 2638 1382 2692 ;
1409 2636 1463 2692 per
1492 2614 1578 2682 islam
1596 2622 1680 2683 euim
1698 2627 1828 2701 acquiri·

266 2726 343 2773 uero
361 2705 383 2768 si
401 2708 467 2783 quii
494 2720 608 2767 emeret
638 2715 788 2778 gemmam
811 2695 899 2757 cuius
921 2710 1030 2752 miram
1066 2716 1119 2760 tur
1135 2699 1181 2760 ius
1198 2698 1229 2757 in
1252 2715 1312 2767 re,
1342 2717 1411 2759 cum
1429 2716 1478 2771 per
1500 2699 1693 2765 contradlum
1715 2704 1829 2767 nudum

264 2789 399 2864 aliquam
420 2787 570 2852 virtutem
595 2774 822 2858 cognosceret.
850 2788 903 2836 aut
925 2768 1029 2831 herba·
1065 2775 1251 2840 venditionis
1272 2774 1699 2853 linetraditioneacquiratur
1716 2780 1830 2846 solum·
1884 2815 1887 2824 =

263 2889 334 2934 ritrn
355 2863 551 2940 fasciculum,
570 2865 601 2924 in
621 2880 681 2936 quo
698 2856 832 2921 laterent
850 2848 1029 2940 herbaepre·
1065 2854 1156 2917 modo
1182 2858 1228 2915 ius
1260 2853 1296 2917 ad
1326 2874 1415 2929 teni,
1455 2852 1504 2919 seu
1533 2855 1689 2943 personale
1718 2879 1829 2928 contra

263 2946 380 3024 tiosae,
401 2964 470 3023 quae
486 2942 590 3009 statim
620 2938 674 3003 niti
699 2952 842 3006 emautur
858 2979 868 3010 ,
903 2925 1028 3021 rusticus
1064 2932 1829 3010 venditorem,utvelrescisiolccundocontrallu

264 3027 433 3094 traditurus
453 3023 490 3089 sit
507 3016 710 3086 animantibus
728 3020 760 3080 in
780 3013 945 3094 pabulum,
958 3028 1027 3101 quia
1065 3034 1128 3078 rem
1149 3013 1200 3077 sibi
1221 3013 1351 3092 tradat,
1376 3015 1425 3079 vel
1458 3017 1630 3093 compenset
1659 3023 1828 3099 intereiie,

264 3126 315 3175 res
334 3108 447 3172 eruitur
477 3100 638 3168 secundum
666 3098 824 3181 hominum
851 3089 1028 3182 aeslimatio·
1064 3097 1133 3171 quia
1154 3114 1206 3171 per
1229 3091 1540 3182 solunicootradium
1568 3095 1630 3162 sine
1661 3100 1828 3165 traditione

265 3208 361 3260 nem,
384 3185 422 3251 dt
447 3181 565 3261 insuper
582 3184 704 3259 privata
724 3173 777 3242 sua
797 3174 923 3240 scientia
944 3219 953 3248 ,
976 3169 1027 3231 leti
1064 3179 1153 3239 iuxta
1167 3174 1267 3253 legum
1286 3173 1507 3252 dispositionem
1521 3174 1659 3243 absolute
1677 3180 1828 3259 loquendo

264 3268 404 3348 cognitio
422 3263 472 3327 sibi
491 3281 603 3327 nocere
622 3279 683 3322 tion
699 3255 816 3334 potest,
832 3272 889 3318 nec
909 3250 1028 3343 debet,
1065 3274 1125 3319 non
1158 3257 1328 3330 acquiritur
1363 3254 1558 3319 dominium.
1589 3259 1679 3334 Quod
1720 3279 1828 3325 autem

263 3348 300 3414 ὰ
319 3342 600 3425 praecipuesitaiis
620 3340 745 3403 i'ciciiria
785 3332 1026 3412 &cognitioiit
1063 3334 1229 3415 dieiturde
1250 3334 1461 3410 venditione,
1490 3336 1569 3400 iden'i
1596 3338 1691 3404 valet¹
1711 3344 1827 3420 etiam,

263 3429 313 3494 itt
329 3426 519 3507 particularis
538 3420 735 3499 quorumdam
753 3390 971 3504 lludiol'orum‚
993 3424 1026 3472 ut
1063 3412 1096 3478 ἃ
1117 3411 1437 3505 ‘clidium-intelligatur
1455 3415 1492 3479 de
1512 3417 1723 3498 promissione,
1744 3421 1829 3486 loca·

263 3503 432 3572 difficiliore
454 3505 553 3580 pretio
569 3503 677 3565 maiori
699 3497 739 3561 ob
758 3497 853 3562 talem
875 3507 1026 3558 virtutem
1064 3512 1170 3569 tione,
1185 3491 1374 3557 donatione:
1404 3495 1572 3639 namsi&
1587 3498 1629 3574 it,
1649 3502 1699 3563 cui
1720 3499 1827 3566 doniut

262 3607 313 3654 res
338 3585 408 3650 illas
436 3583 563 3648 ruiiicus
591 3578 721 3643 tendere
746 3574 871 3653 poliac,
898 3587 1027 3647 praecer·
1065 3572 1183 3640 iocatiu
1206 3620 1215 3649 ,
1239 3592 1301 3636 non
1321 3576 1462 3661 acquirat
1478 3578 1541 3651 per'
1571 3579 1828 3646 raditionemve·

262 3664 432 3745 quamquod
450 3663 506 3727 hoc
526 3662 626 3739 potitii
647 3657 690 3721 est
719 3659 852 3734 pretium
874 3653 1026 3726 scientie,
1063 3674 1131 3724 rum
1150 3651 1317 3716 dominium
1337 3653 1471 3731 doinus,
1496 3656 1631 3733 acquirit
1657 3673 1762 3723 temen
1778 3664 1826 3725 ius

261 3766 331 3825 qun
352 3744 438 3808 usum
454 3743 525 3807 talia
546 3739 673 3816 virtutis
699 3734 818 3811 docet,
843 3751 934 3808 quam
955 3733 1027 3822 ‘el’
1063 3733 1274 3809 detentionis,
1294 3735 1432 3798 vicuiur
1453 3737 1533 3799 tueri
1549 3731 1580 3797 se
1597 3737 1698 3817 &tesi
1719 3758 1826 3805 contra

262 3845 334 3902 quet
356 3823 450 3888 talem
473 3823 621 3884 virtutem
633 3813 741 3891 habet,
756 3834 823 3890 quae
838 3825 1027 3885 ceteroquin
1064 3814 1159 3875 alium
1175 3809 1409 3876 condudlorem.
1430 3815 1515 3880 Huic
1535 3832 1723 3884 tamennon
1741 3838 1827 3884 coni·

238 3902 318 3975 ,nisi
338 3903 417 3977 apud
435 3900 513 3964 tales
532 3894 713 3975 scientificus
735 3893 809 3955 nihil
832 3891 971 3956 valeret.
1065 3895 1145 3969 perit
1166 3889 1220 3953 nisi
1241 3890 1321 3954 adlio
1338 3890 1501 3968 personalis
1522 3898 1552 3958 in
1570 3895 1759 3965 locatorem.

261 3986 270 4019 ¹
302 3980 519 4058 Obligationer
536 3993 639 4043 autern
668 3973 836 4039 venditoris
853 3966 960 4033 solent
981 3987 1028 4031 re·
1104 3970 1218 4050 Excipe
1233 3988 1336 4035 tamen
1357 3972 1395 4037 ab
1417 3973 1471 4039 hac
1487 3972 1669 4054 sententia,
1694 3976 1747 4042 nisi
1778 3998 1826 4044 ret

260 4062 378 4130 censeri
396 4078 423 4125 r.
446 4056 699 4123 iit·tei‘venditae
719 4054 887 4119 dominium
909 4045 1029 4124 tradat,
1065 4051 1189 4115 venditi
1210 4047 1266 4126 sit,
1281 4067 1336 4115 tut
1356 4051 1471 4119 donata
1488 4056 1824 4138 alictii·Civitati,‘Ec·

283 4158 414 4208 uateuus
428 4154 619 4204 conventum
638 4134 698 4200 est.
721 4153 748 4196 2.
771 4129 1028 4220 thuandoeem
1064 4127 1179 4209 clefiae,
1199 4146 1254 4194 aut
1272 4130 1342 4196 ioco
1362 4136 1430 4209 pio,
1451 4138 1482 4198 iii
1503 4156 1571 4212 quae
1595 4137 1702 4215 absque
1729 4140 1825 4204 tradi·

276 4239 370 4287 errat
408 4217 509 4285 servet
530 4236 593 4282 non
613 4217 689 4281 alias
710 4234 745 4281 tc
767 4211 787 4276 si
810 4212 862 4276 lua
882 4210 979 4274 effeta
1000 4223 1028 4287 3.
1065 4211 1151 4275 tione
1179 4209 1347 4276 dominium
1373 4211 1575 4280 transfertur.
1598 4217 1706 4297 Quare
1731 4218 1771 4283 iit
1790 4236 1826 4284 ut

263 4300 312 4365 Ut
338 4269 487 4364 rescindat
516 4298 725 4363 venditionem
749 4296 810 4367 vi,
837 4309 950 4366 metii,
973 4304 1028 4382 aut
1066 4287 1211 4431 Eoiierior
1228 4307 1350 4383 emptor
1375 4339 1383 4369 ,
1407 4311 1463 4359 aut
1486 4295 1666 4362 donatarius
1692 4298 1826 4377 nequeat

261 4380 335 4447 dolo
355 4376 491 4453 fidiam,
517 4396 572 4443 aut
600 4376 730 4450 emptori
753 4375 898 4437 damnum
927 4367 1030 4433 debito
1086 4367 1234 4462 itiusmodi
1251 4389 1353 4434 rerum
1368 4373 1537 4438 dominium
1553 4378 1711 4455 acquirere
1726 4428 1735 4455 ,
1753 4384 1827 4456 quia

257 4456 357 4524 ¹modo
372 4456 565 4536 compenset.
596 4480 624 4538 4.
652 4454 698 4519 Ut
728 4474 796 4539 erup
917 4449 954 4515 de
974 4468 1028 4514 oc·
1064 4468 1093 4511 ei
1114 4444 1367 4526 adversatur,·&
1383 4450 1492 4518 resiliit
1509 4456 1700 4537 privilegium
1722 4458 1829 4523 Eccle·

258 4540 359 4603 'cultis
381 4544 424 4605 rei
442 4535 606 4603 delestibus
635 4524 816 4601 adnudat.
862 4576 869 4592 .
893 4526 938 4593 Ut
962 4531 1029 4597 evi·
1065 4527 1137 4605 siae,
1159 4528 1304 4606 loci-pii,
1330 4528 1390 4594 dcc.
1409 4531 1478 4597 Hoc
1507 4533 1586 4605 idern
1601 4552 1706 4601 tutem
1725 4539 1828 4603 dicen·

264 4618 375 4685 ajoni,
395 4621 460 4701 ηερ,
481 4634 644 4684 temtus,
795 4649 801 4659 .
848 4616 858 4639 ··
1065 4607 1138 4672 duni
1157 4607 1194 4671 de
1208 4608 1427 4689 emptoribus,
1453 4611 1561 4690 quibus
1585 4619 1616 4678 iri
1635 4618 1828 4688 securitatem

580 4738 597 4801 ς
649 4731 701 4797 lx
1064 4684 1240 4752 contraditis
1260 4707 1307 4782 res
1332 4689 1541 4774 hypothecaria
1563 4691 1619 4759 sirit
1637 4695 1829 4786 ,senoppi-

599 4780 606 4797 ·
703 4776 711 4794 ·
1065 4785 1299 4856 gnorata,quia
1320 4774 1371 4846 qui
1392 4774 1499 4851 pignus
1520 4773 1609 4838 habet
1630 4777 1830 4852 simplicicre·

297 4860 344 4920 De
358 4874 390 4920 re
410 4851 518 4920 maim
532 4849 661 4919 vendita
680 4900 689 4929 ,
706 4867 827 4927 quorum
843 4844 934 4910 altero
947 4844 988 4924 fit
1064 4849 1156 4911 ditori
1178 4847 1286 4912 saltem
1301 4851 1333 4912 iu
1356 4853 1485 4930 pigriore
1501 4850 1705 4930 proferendus
1725 4854 1787 4919 est.

329 4945 333 4952 ·
594 4930 728 4997 amna.
1104 4924 1233 5004 Quodsi
1250 4948 1298 4993 ret
1314 4931 1429 4996 traditi
1444 4931 1482 4996 sit
1502 4937 1593 5011 priori
1605 4937 1759 5013 emptori,
1779 4935 1829 5001 bic

261 5048 264 5053 ·
297 5013 476 5080 Commiimi
492 5011 533 5077 est
556 4945 635 5155 ἐμά
650 4996 819 5081 Dodioret,
838 5004 917 5082 quod
940 5001 1027 5070 sires
1063 5009 1308 5088 eamevincere,
1330 5007 1380 5074 seu
1398 5032 1577 5090 recuperare
1599 5016 1686 5080 velet
1703 5032 1722 5079 t
1738 5008 1831 5093 polle·
1889 5018 1891 5022 '

604 5138 614 5169 t

259 5092 395 5169 pluribus
416 5094 543 5159 vendita
629 5094 658 5155 ei
673 5087 821 5155 debeatur
856 5082 891 5151 dt
908 5084 944 5153 sit
963 5102 1027 5152 ttt·
1063 5090 1144 5154 tiore
1163 5104 1304 5176 emptore
1323 5093 1419 5156 etiam
1436 5086 1664 5172 priviie‘giato-·,
1690 5090 1832 5162 sitauirn

298 5132 869 5258 -.n,tit.rie0i.ntna.t0niil1.
1461 5172 1519 5236 ii
1561 5187 1577 5253 t
1740 5171 1795 5242 ine
