4425 6000
523 393 726 465 Tutor.
755 410 822 466 na
851 394 1191 471 lnrusrrrra
1230 387 1298 465 dcc.
1335 394 1456 469 Car.
1484 395 1541 468 11.
1687 420 1765 499 roo

238 489 411 574 privilegiis
438 491 631 557 creditorum.
656 491 734 554 Haec
762 512 817 567 pro
846 511 1002 568 recupera·
1038 491 1224 577 tentioribus
1246 493 1395 567 praecipue
1410 491 1567 558 Reiffeusl.
1586 491 1620 560 dt
1636 498 1752 562 Pontas
1774 521 1808 567 v,

239 577 329 639 tione
359 572 420 636 luae
449 571 528 637 dotis
572 569 734 651 praefertur
763 574 830 634 aliis
866 573 1003 636 omnibus
1039 569 1180 633 Debitum
1200 571 1254 648 cas.
1277 571 1434 653 rasvtq.
1454 573 1519 639 Imo
1537 580 1719 642 recentiores
1732 579 1810 645 hanc

240 651 443 717 creditoribus
483 647 684 727 personalibus
722 672 786 715 non
824 651 1003 716 habentibus
1040 668 1146 713 tenere
1162 655 1367 716 communiter
1382 649 1499 718 satetur
1528 654 1703 734 DeLugo,
1726 658 1809 722 &i-

237 731 427 809 exprellam,
448 750 501 796 aut
513 735 642 795 tacitam
651 732 874 809 hypothecam
892 730 938 795 sed
948 735 1003 795 hoc
1039 727 1119 806 psam
1129 729 1386 804 probabiliffimanr
1404 753 1505 811 vocat,
1517 735 1635 799 tametsi
1651 738 1813 802 idemcon·

237 811 514 892 privilegiumnon
536 813 645 875 transit
666 812 703 874 ad
719 811 851 874 haeredes
871 811 925 874 nili
944 813 1002 874 lint
1039 812 1164 872 trariam
1184 828 1367 889 propugnet.
1390 813 1456 876 Nec
1478 821 1545 878 iura
1566 814 1679 880 Civilia
1699 865 1708 894 ,
1735 840 1803 893 quae

235 892 315 967 filii,
337 892 389 958 vel
412 891 461 954 alii
478 888 699 955 descendentes.
717 908 746 970 3.
770 893 930 968 Deponens
951 913 1002 968 pe·
1039 889 1102 975 alia,
1115 888 1264 953 habentur
1284 892 1487 964 praetedentia
1503 895 1589 973 supra
1611 895 1737 959 allatum
1749 902 1808 960 Pro

235 973 362 1035 cuniam
390 965 451 1035 sine
480 970 609 1048 usurae,
637 971 688 1035 sen
716 974 792 1034 lucri
810 977 1002 1049 perceptione
1038 965 1130 1031 delrio
1148 968 1178 1029 6.
1196 967 1331 1033 cortesis
1356 968 1425 1057 sunt
1451 977 1553 1037 aiure
1573 975 1730 1040 Canoniro
1755 998 1806 1053 per

238 1050 319 1127 apud
348 1050 501 1128 publicum
525 1052 730 1115 numularinm
751 1099 761 1127 ,
790 1052 841 1114 seu
858 1051 1001 1127 deposita·
1037 1047 1124 1111 illam
1143 1048 1424 1136 regulamrquvris
1444 1051 1476 1116 in
1491 1058 1518 1113 6.
1529 1055 1591 1133 Qui
1602 1056 1682 1132 prior
1691 1056 1721 1118 in
1733 1068 1806 1120 itm·

237 1134 317 1193 rium
339 1129 739 1209 aRepublicaconstitutum
752 1131 1002 1210 ,qnisrconlum
1036 1145 1102 1206 pore
1119 1141 1211 1205 potior
1231 1146 1262 1189 rn
1283 1148 1371 1191 rure.
1403 1133 1484 1195 Nam
1504 1133 1557 1197 illa
1580 1137 1680 1213 regula
1705 1137 1805 1200 locum

236 1210 412 1287 ptasrtlraec
425 1216 568 1286 pecunia,
585 1210 744 1287 praefertur
759 1211 913 1288 quibusvis
934 1213 1001 1275 aliis
1039 1207 1130 1270 habet
1150 1208 1313 1270 dumtaxat
1333 1212 1415 1272 inter
1437 1211 1525 1288 illos,
1544 1217 1593 1287 qui
1617 1218 1661 1277 ius
1692 1214 1804 1281 habeut

235 1289 443 1355 creditoribus
474 1293 674 1369 personalibus
717 1290 850 1356 eiuldrm
891 1314 1002 1356 numu·
1040 1287 1156 1348 adrem
1175 1286 1732 1370 eamdemdeterminaranr,expalto
1753 1294 1806 1359 libi

234 1372 305 1435 larii
328 1372 347 1432 l.
362 1373 504 1449 fivenrri
531 1391 578 1448 24
603 1373 638 1452 ff.
666 1372 701 1435 de
729 1372 867 1450 privileg.
889 1371 1001 1438 Credit.
1037 1367 1226 1444 obligatam,
1250 1384 1284 1430 ut
1305 1370 1335 1428 in
1347 1370 1524 1435 venditione
1538 1371 1673 1436 eiusdem
1689 1373 1804 1440 reiabsr

236 1451 256 1512 l.
273 1452 302 1528 fi
320 1448 469 1531 bonumff.
486 1451 621 1530 deposssi3
638 1452 719 1529 qnod
737 1452 927 1528 privilegium
951 1472 1003 1514 ex·
1038 1465 1095 1520 que
1113 1448 1276 1510 traditione
1294 1448 1427 1522 pluribus
1443 1447 1542 1528 satta,
1558 1456 1638 1529 prior
1659 1472 1806 1532 emptor,

236 1530 372 1594 tendunt
402 1531 497 1608 aliqui
527 1532 563 1594 ad
579 1531 746 1608 quamlibet
769 1553 834 1593 rem
856 1530 1002 1608 deposita·
1037 1525 1204 1589 condustor
1233 1574 1242 1602 ,
1271 1525 1503 1615 hypothecarius
1536 1529 1735 1608 praeferendus
1758 1536 1802 1597 est

235 1628 304 1674 tam
322 1610 443 1685 quando
462 1608 575 1689 usura,
607 1608 657 1675 seu
675 1612 791 1673 lucrum
811 1631 850 1674 ex
881 1632 1002 1676 canon
1038 1604 1221 1690 posteriori.
1252 1606 1324 1669 Non
1344 1609 1382 1670 stc
1407 1628 1510 1672 autem
1541 1614 1571 1673 ln
1593 1613 1699 1676 debitis
1720 1633 1803 1677 mere

234 1692 441 1767 percipiatur.
458 1692 548 1765 Quod
569 1691 589 1753 li
609 1713 654 1755 res
674 1688 843 1754 huiusmodi
865 1689 1000 1756 consum·
1038 1685 1235 1760 personalibus
1248 1733 1257 1763 ,
1271 1690 1345 1761 quia
1360 1709 1430 1751 cum
1446 1692 1477 1749 in
1495 1689 1539 1751 his
1557 1696 1635 1766 prior
1658 1693 1802 1757 Creditor

234 1787 298 1845 prae
319 1790 380 1832 non
397 1769 555 1848 fint‚cum
575 1792 681 1835 earum
697 1770 862 1834 dominium
879 1793 940 1834 non
963 1770 1000 1834 sit
1037 1764 1156 1828 nullum
1183 1769 1228 1826 ius
1254 1769 1291 1828 ad
1318 1787 1381 1830 rem
1408 1769 1538 1844 aliquam
1566 1772 1804 1836 determinatam

234 1848 314 1924 apud
340 1852 542 1914 numularium
572 1849 732 1930 praesertur
758 1851 910 1927 deponens
938 1850 1000 1914 live
1038 1844 1167 1922 babeat,
1190 1842 1238 1908 sed
1249 1843 1347 1909 solnm
1360 1846 1448 1910 sicuti
1468 1848 1597 1925 quilibet
1610 1854 1685 1915 alius
1708 1852 1804 1929 poste·

233 1950 306 1991 cnm
327 1929 413 1992 lucro
447 1930 510 1994 srve
534 1930 596 1996 sine
618 1933 703 1995 lucro
723 1931 839 1994 dederit
860 1932 1000 1994 omnibns
1037 1927 1098 1986 rior
1120 1924 1263 2010 Creditor
1279 1924 1487 1991 indifferenter
1504 1932 1550 1992 ¹'¹1⁵
1572 1929 1680 1994 habeat
1700 1935 1736 1995 ad
1755 1954 1804 2008 PC·

233 2012 331 2072 etiam
357 2009 544 2086 depositariis
565 2061 575 2089 ,
596 2029 721 2089 propter
753 2015 886 2076 rationes
911 2028 1001 2074 antea
1038 2005 1164 2088 tendum
1185 2005 1268 2067 luum
1284 2005 1441 2083 debitum,
1460 2010 1529 2071 ideo
1555 2010 1673 2075 debitor
1701 2014 1802 2075 valide

232 2090 344 2151 allatas
364 2093 395 2150 in
412 2093 483 2155 casu
500 2140 508 2168 ,
525 2115 584 2166 quo
595 2113 642 2154 res
653 2110 741 2153 extet
763 2097 794 2153 in
816 2088 912 2164 specie
922 2092 999 2170 apud
1037 2082 1065 2146 le
1083 2083 1337 2177 potuitobligare
1354 2087 1485 2151 lecussdo
1500 2089 1664 2167 Creditori,
1684 2095 1757 2167 ‘lusa
1774 2094 1804 2154 es

231 2167 405 2231 debitorem
424 2176 511 2235 cuius
532 2172 593 2248 ipse
609 2171 776 2234 dominium
797 2191 858 2232 nnn
891 2170 997 2238 babet.
1037 2162 1169 2250 promisit
1187 2163 1215 2226 td
1236 2162 1383 2240 quodsrne
1399 2167 1804 2249 peccaroservateporeratr

232 2246 281 2313 Sic
302 2247 458 2316 Salmatic.
478 2272 548 2316 cum
568 2251 636 2315 aliis
652 2270 727 2328 quos
742 2253 863 2317 citant.
1036 2247 1211 2319 supponitur
1227 2248 1310 2330 enim
1322 2248 1402 2320 quod
1419 2265 1554 2324 tempore
1570 2250 1739 2315 contradus
1750 2273 1803 2329 par

1035 2325 1110 2387 esset
1128 2325 1250 2398 utrique
1267 2323 1460 2404 satisfacere,
1484 2330 1617 2405 adeoque
1637 2329 1657 2392 sr
1682 2332 1803 2394 debitor

494 2420 520 2479 §‚
562 2411 593 2475 X
610 2411 641 2477 Χ
660 2411 675 2473 Ι
694 2411 735 2476 Χ.
1036 2404 1071 2465 ad
1089 2407 1219 2495 inopiam
1241 2422 1344 2498 vergat
1365 2426 1420 2469 nec
1439 2407 1475 2492 lit
1498 2410 1748 2496 anrplinspotens
1766 2432 1804 2473 o·

330 2532 373 2590 n
392 2529 583 2594 creditoribus
599 2551 677 2595 mere
695 2528 905 2610 pisinian.
1034 2483 1803 2645 llllllllll?bllatllllalllll?

269 2642 339 2707 Post
358 2644 803 2726 Creditoreschirographarios
827 2646 876 2710 seu
901 2644 997 2723 perso·
1034 2660 1065 2705 te
1081 2640 1132 2706 len
1152 2664 1205 2720 pro
1221 2663 1290 2730 rata
1311 2641 1471 2709 secundum
1488 2651 1721 2732 proportionem
1752 2651 1802 2712 de-

230 2725 318 2787 ualet
339 2725 546 2802 privilegiatos
565 2727 735 2804 restitutio,
752 2728 803 2790 seu
820 2725 929 2792 solutio
953 2726 997 2792 fa·
1033 2722 1186 2800 bitorum,
1207 2743 1241 2786 ac
1269 2725 1453 2788 lacultatem
1478 2725 1558 2789 luam
1583 2721 1746 2791 dividendo
1768 2732 1802 2791 in

229 2802 338 2866 cienda
356 2802 398 2866 ell
420 2804 629 2872 creditoribus
656 2806 908 2885 chirograpbariis
937 2830 996 2871 me·
1034 2820 1133 2878 partes
1155 2805 1311 2880 maiores,
1340 2805 1390 2867 vel
1410 2808 1541 2871 minores
1564 2809 1800 2883 proportionali·

230 2905 267 2946 re
287 2882 504 2960 personalibus,
520 2891 569 2963 qui
592 2887 784 2963 posteriorem
805 2889 906 2951 locum
915 2888 997 2951 obti·
1034 2899 1082 2945 ter
1097 2884 1307 2958 respondentes
1328 2883 1435 2948 debitis
1464 2884 1531 2962 ipsis
1558 2886 1719 2951 maioribus
1748 2889 1800 2951 vel

228 2980 306 3047 nent
325 2965 407 3028 inter
423 2965 623 3044 creditores,
648 2985 759 3045 utpote
775 2972 825 3043 qui
848 2987 887 3031 ex
904 2970 997 3034 ritulo
1033 2965 1214 3041 minoribus,
1230 2966 1312 3028 itaut
1338 2965 1435 3042 qualis
1458 2964 1500 3028 est
1524 2969 1682 3045 proportio
1707 2965 1798 3032 debiti

228 3047 273 3106 lui
294 3045 402 3108 crediti
433 3048 519 3110 nullo
549 3049 680 3125 gaudent
700 3050 860 3127 privilegio
890 3051 997 3125 praela·
1033 3044 1070 3107 ad
1087 3043 1222 3108 debitum
1242 3046 1339 3121 quoad
1356 3049 1669 3133 quan·titatenr,talis
1686 3047 1799 3124 srtpro·

229 3127 346 3200 rionis,
362 3125 433 3188 licet
454 3125 505 3202 ipsi
527 3148 646 3204 quoque
668 3126 689 3189 s1
709 3125 997 3195 sintCreditoresex
1016 3129 1133 3208 portio
1154 3129 1219 3188 eius
1238 3127 1317 3202 qnod
1337 3128 1458 3203 quilque
1483 3131 1590 3204 recipit
1612 3129 1649 3190 ad
1673 3129 1702 3190 id
1721 3131 1799 3204 quod

229 3202 388 3267 contrasiu
403 3205 533 3270 oneroso
553 3207 609 3271 sint
632 3205 813 3283 praeserendi
833 3210 996 3274 Creditori·
1034 3206 1272 3283 aliiaccipiunt‚
1293 3207 1379 3270 nulla
1404 3207 1509 3272 habita
1530 3211 1672 3286 ratione,
1694 3226 1802 3272 utrum

227 3281 283 3345 bus
306 3284 446 3348 omnibus
463 3308 501 3349 ex
521 3286 678 3351 contraslu
689 3293 840 3365 gratuito.
858 3290 996 3355 Credito-
1033 3305 1170 3363 tempore
1191 3288 1290 3361 priora
1305 3334 1314 3363 ,
1328 3288 1378 3351 vel
1397 3290 1560 3363 polleriora
1580 3286 1637 3351 sint
1657 3288 1796 3352 taliadc·

225 3382 275 3423 res
293 3363 387 3439 igitur
406 3364 579 3441 simpliciter
611 3367 780 3443 personales
808 3390 848 3432 ex
873 3389 995 3435 contra·
1030 3366 1123 3442 bita,
1150 3387 1219 3429 cum
1249 3367 1296 3426 ius
1323 3370 1430 3442 prioris
1445 3369 1611 3432 Creditoris
1633 3368 1798 3445 personalis

226 3439 276 3503 stu
288 3440 428 3521 oneros0,
439 3466 546 3522 nempe
565 3467 603 3509 ex
613 3450 785 3527 emptione,
806 3467 932 3526 mutuo,
953 3451 993 3513 lo
1031 3446 1227 3520 praeiudicate
1247 3465 1309 3508 non
1330 3446 1420 3522 polsrt
1437 3450 1493 3510 iuri
1516 3447 1687 3524 posterioris¹
1707 3447 1747 3510 ad
1763 3467 1798 3511 e-

227 3521 415 3597 cato,cenlu
438 3527 585 3602 personali
602 3529 652 3591 vel
670 3532 786 3604 mixto,
803 3530 995 3596 &huiusmo-
1029 3526 1191 3602 algendum
1211 3524 1295 3587 suum
1327 3525 1474 3590 creditum
1500 3548 1582 3591 mere
1603 3525 1758 3612 personale
1781 3550 1794 3604 ,·

225 3603 256 3664 di
274 3604 510 3676 priuslolvendi
537 3603 606 3670 sunt
635 3629 724 3682 quam
755 3610 931 3673 Creditores
955 3634 994 3675 ex
1029 3610 1099 3681 qnia
1120 3623 1155 3668 ut
1172 3604 1234 3665 dixi
1252 3605 1424 3668 Creditores
1446 3626 1528 3669 mere
1558 3607 1726 3682 personales
1742 3609 1797 3669 ha-

226 3681 388 3747 contrariu
404 3688 541 3762 gratuito
562 3704 699 3761 tautum,
723 3688 993 3766 videlicetexpro-
1028 3685 1100 3748 beut
1121 3686 1240 3761 aequale
1268 3689 1312 3747 ius
1333 3689 1364 3746 in
1385 3685 1541 3761 personam
1574 3683 1716 3749 debitoris
1742 3688 1796 3748 im-

225 3758 383 3837 missione,
404 3766 593 3843 donatione,
612 3767 727 3843 legato,
750 3767 784 3832 ἀ
813 3766 993 3834 huiulrrrodi,
1029 3765 1183 3842 mediate,
1204 3763 1237 3828 ὃ(
1257 3765 1288 3826 in
1304 3770 1366 3827 eius
1382 3768 1461 3830 bona
1488 3767 1640 3842 mediate,
1660 3765 1693 3829 dt
1714 3766 1796 3828 inde·

223 3839 276 3905 lta
292 3848 495 3907 communiter
515 3845 623 3909 docent
637 3847 704 3908 DD.
1030 3848 1195 3909 terminate
1211 3863 1352 3908 tantum.
1372 3845 1486 3910 ldcireo
1506 3843 1625 3909 debitor
1649 3845 1792 3910 Credito-

186 3926 219 3977 ὁ·
274 3920 362 3987 Tota
381 3923 563 4003 difficultas,
584 3948 653 4004 quar
676 3929 758 3991 circa
782 3928 839 3992 hoc
857 3926 993 3992 versatur
1028 3924 1108 3990 ribus
1129 3944 1211 3989 mere
1233 3925 1432 4009 personalibus
1453 3927 1614 4001 aequalitet
1635 3922 1795 3990 satisface-

211 3999 260 4065 ·&
282 4004 364 4066 inter
383 4005 450 4066 DD.
472 4011 742 4085 controvertitur,
762 4008 806 4071 est
832 4028 872 4073 an
893 4008 993 4073 debita
1027 4006 1172 4069 redebet
1197 4027 1247 4082 pro
1278 4026 1347 4070 rata
1372 4005 1534 4068 secundum
1564 4010 1795 4083 proportionem

180 4068 194 4155 ,⁸
225 4083 310 4160 paria
331 4102 367 4146 ac
382 4083 515 4147 eiusdem
531 4090 646 4163 generis
667 4107 748 4151 mere
765 4085 992 4165 personaliasol·
1027 4083 1226 4173 debitorum,
1253 4085 1285 4151 δι
1311 4085 1397 4162 iplins
1417 4084 1615 4163 facultatem,
1639 4089 1719 4148 itaut
1740 4088 1794 4149 cui

180 4161 348 4239 urenda,
368 4163 420 4227 seu
440 4163 626 4231 restituenda
646 4165 706 4230 srnt
729 4171 817 4233 iuxta
838 4171 990 4247 tegulam,
1027 4166 1161 4242 pluslple
1177 4167 1265 4231 debet
1286 4167 1349 4243 plus
1366 4166 1481 4229 tribuat
1495 4189 1565 4229 cum
1581 4170 1715 4242 aequitas
1740 4186 1792 4242 po·

223 4242 319 4322 potior
333 4243 366 4308 iri
385 4256 508 4324 ternpore
524 4246 603 4324 prior
624 4247 657 4310 in
677 4245 768 4325 iure,
794 4253 838 4329 ita
860 4268 895 4312 ut
923 4271 991 4325 quae
1026 4245 1137 4325 llulet,
1156 4264 1191 4310 ut
1211 4246 1260 4310 hic
1279 4250 1423 4311 maiorem
1444 4266 1561 4324 partem
1583 4247 1792 4322 accipiat,qui·

227 4328 310 4398 prius
341 4323 409 4388 lunt
438 4324 541 4389 debita
565 4332 645 4401 prins
673 4332 768 4391 etiam
797 4329 957 4392 solvantur
983 4379 992 4406 ‚
1026 4331 1172 4391 maiorem
1194 4327 1315 4405 perdere
1335 4324 1437 4390 debet.
1459 4327 1514 4389 Sed
1531 4349 1600 4391 cum
1618 4328 1714 4389 altera
1742 4344 1789 4390 et·

222 4424 316 4477 quam
330 4425 399 4481 quae
415 4404 579 4482 pollerius?
597 4410 669 4472 Non
691 4410 779 4487 pauci
797 4407 917 4487 insignis
936 4430 991 4472 no·
1026 4412 1086 4471 iam
1104 4405 1259 4470 sententia
1278 4426 1342 4470 non
1361 4424 1464 4472 careat
1485 4407 1537 4470 sua
1559 4427 1665 4484 magna
1683 4406 1790 4482 proba·

222 4499 266 4546 tae
286 4483 480 4549 DD.tenent
501 4491 628 4552 remita
657 4496 703 4565 agi
728 4487 861 4553 debere.
890 4490 938 4553 Sic
961 4491 988 4552 S.
1024 4487 1176 4564 bilitate,
1205 4488 1238 4552 dt
1263 4491 1405 4563 aequitati
1427 4490 1648 4552 convenientia
1665 4488 1733 4550 hinc
1754 4490 1793 4549 in

225 4560 340 4628 Thom.
361 4563 463 4639 opust.
486 4583 533 4646 73.
554 4587 619 4646 cap.
644 4568 671 4630 8.
692 4566 985 4648 Gabriel,Medina,
1025 4569 1103 4633 hisce
1124 4566 1237 4631 casibus
1258 4567 1425 4631 consultius
1441 4568 1483 4630 est
1507 4588 1661 4631 recurrere
1678 4567 1716 4631 ad
1743 4568 1784 4630 lo

218 4642 356 4721 Suarea,
374 4644 541 4726 Valentia,
558 4648 590 4711 dc
612 4650 685 4711 alii.
1023 4670 1128 4713 corum
1149 4648 1228 4724 leges
1257 4664 1312 4712 aut
1343 4649 1476 4727 legitime
1501 4646 1687 4726 praescriptas
1716 4666 1787 4710 conr

261 4724 463 4798 Contrarium
484 4749 558 4791 vero
578 4725 725 4791 sustinent
746 4730 797 4792 alii
824 4728 987 4809 gravissimi
1023 4728 1217 4792 suetudines:
1425 4806 1427 4810 ¹
1779 4801 1781 4804 ⁸

218 4808 339 4880 pariter
359 4803 509 4885 'Ebeologi
531 4810 612 4871 inter
638 4830 714 4884 quos
736 4811 763 4871 S.
785 4811 985 4886 Antoninus,
1063 4810 1226 4871 Ver-umin
1243 4807 1371 4871 dubium·
1385 4808 1427 4873 est
1446 4807 1529 4883 apud
1545 4830 1651 4873 omnes
1674 4804 1927 4885 utrius-Numqui

214 4882 331 4949 &hoc
352 4884 481 4949 habetur
495 4887 629 4964 expresse
645 4890 678 4953 in
699 4891 720 4953 l.
742 4894 798 4953 Pro
813 4889 988 4955 delituerit
1022 4910 1079 4967 que
1112 4889 1271 4952 lententiae
1300 4887 1367 4952 DD.
1398 4895 1479 4952 inter
1507 4891 1674 4954 creditores
1702 4891 1865 4952 meterem!
1884 4894 1932 4955 ΡΞ*

214 4958 305 5029 donis.
322 4964 497 5033 assimilare
513 4966 625 5034 iudicis
638 4970 807 5054 poffidtndir
820 4970 855 5037 dc
880 4992 925 5037 ex,
941 4992 987 5036 re·
1023 4965 1193 5048 personales
1214 4968 1296 5049 polle
1316 4989 1385 5034 eum
1401 4970 1467 5036 aliis
1485 4967 1620 5046 praeferri
1641 4972 1691 5111 qtgi
1702 4971 1783 5111 Erine
1794 4950 1939 5057 dlc‘ssaffiss

1688 5069 1750 5111 rr·
