4425 6000
444 491 522 570 aaa
700 482 1660 558 'fisenusesuriremclluxvln.

322 592 327 602 ‘
394 590 619 665 voluntatem,
650 603 716 661 quae
744 582 787 647 cll
817 581 922 660 scopus
949 582 1086 644 omnium
1113 575 1161 643 so·
1193 574 1255 643 itus
1278 597 1389 658 praeter
1407 580 1604 648 voluntatem
1623 582 1790 659 requiritur
1802 587 1897 655 etiam
1914 611 1966 669 ρο.

393 671 611 748 lemnitatum.
642 664 683 728 Et
715 664 793 728 hanc
814 662 998 728 sententiam
1026 676 1061 725 ut
1090 678 1161 738 pro·
1194 658 1286 725 tellas
1307 663 1397 724 illum
1420 657 1549 726 faciendi
1565 683 1633 739 cap.
1658 682 1724 727 cum
1739 664 1828 745 super
1857 685 1910 748 23·
1931 674 1968 735 de

287 780 313 838 ‚-
392 748 569 816 habiliorem
587 743 681 810 secuti
697 741 768 809 sunt
787 742 816 806 S.
835 743 1013 808 Antoninus
1025 789 1035 818 ,
1049 739 1160 819 Sylva·
1194 740 1264 820 offic.
1281 736 1322 807 (5
1334 742 1429 822 polest.
1447 740 1570 822 deleget.
1586 742 1720 807 Potestas
1734 764 1838 810 autem
1854 747 1971 813 tellau·

393 826 475 905 sier,
489 826 744 903 Bannez,Soto,
766 824 868 900 lopez
881 821 1070 898 ,Adrianus,
1092 818 1159 882 Ta·
1194 821 1353 899 diligatur
1374 842 1391 884 a
1412 825 1477 884 iure
1492 823 1576 886 civili
1598 822 1772 898 quibusdam
1794 824 1968 895 solemnita-

393 907 501 983 biena,
521 904 670 983 Medina,
698 905 810 981 aliique
828 903 919 967 relati
949 898 1104 966 aLessro·
1129 899 1160 961 Si
1195 900 1277 964 tibus
1302 921 1399 978 ,quas
1428 900 1646 965 inviolabiliter
1672 900 1832 968 servandas
1847 903 1970 973 ·slatuit

393 1004 500 1054 autem
516 984 588 1049 data
608 1004 719 1064 opera,
735 983 769 1048 dt
784 987 910 1047 omuino
928 980 1106 1045 voluntarie
1117 997 1162 1043 te·
1195 980 1232 1045 ad
1251 979 1308 1044 boc
1335 999 1370 1045 ut
1400 980 1503 1046 valide
1520 984 1585 1057 quis
1616 978 1705 1059 posstt
1732 983 1858 1062 tellari,
1880 1003 1915 1050 ut
1937 991 1969 1050 in

394 1066 489 1134 stator
508 1065 576 1130 illas
591 1060 848 1146 praetermifilset,
866 1080 942 1126 runc
960 1063 1161 1136 iustaquem·
1195 1082 1260 1139 cap.
1288 1080 1353 1139 quae
1377 1072 1477 1126 contra
1496 1064 1545 1138 64
1566 1062 1602 1126 de
1618 1081 1675 1140 reg.
1695 1060 1771 1125 iuris
1791 1064 1824 1127 in
1844 1068 1874 1127 6.
1893 1068 1969 1146 Ωιι

394 1147 465 1213 dam
482 1149 684 1210 recentiorem
704 1140 891 1222 probabilior
920 1140 1068 1208 evaderet
1086 1158 1162 1204 eon·
1194 1154 1292 1208 contre
1323 1141 1370 1204 ius
1397 1144 1510 1218 fiunt,
1535 1141 1637 1206 dalem
1665 1140 1768 1221 utique
1802 1160 1853 1222 pro
1886 1143 1971 1225 inse·

394 1227 492 1294 traria
506 1227 627 1304 opinio,
646 1225 756 1301 quiain
774 1242 898 1301 poenam
909 1218 968 1287 suae
986 1219 1160 1285 inobedien·
1195 1219 1249 1287 iiis
1272 1219 1390 1285 baberi.

393 1309 450 1373 tiae
471 1308 531 1384 legi
553 1305 627 1369 adeo
643 1302 728 1368 iustae
752 1319 922 1367 mereretur
942 1322 981 1365 ne
1001 1299 1087 1376 ipsius
1104 1298 1162 1362 dis·
1235 1300 1346 1366 Tertia
1363 1299 1489 1365 tandem
1510 1347 1520 1379 ,
1545 1300 1579 1367 dt
1599 1298 1699 1365 media
1718 1321 1786 1378 quoe
1807 1320 1970 1382 utramque

394 1384 560 1467 positiones
589 1381 828 1448 testamentariae
853 1382 1036 1459 impleantur
1067 1426 1074 1443 .
1104 1379 1162 1443 Et·
1196 1379 1260 1471 fere
1279 1380 1424 1447 conciliat
1444 1395 1483 1443 ut
1503 1397 1596 1445 notat
1612 1379 1735 1459 Pirbing
1754 1380 1806 1443 lib.
1830 1390 1970 1463 3.Decre·

395 1467 481 1530 enim
500 1486 569 1529 cum
591 1464 649 1543 legi
673 1463 794 1528 obedire
814 1460 1057 1540 detrestaverit,
1086 1457 1162 1523 iuste
1195 1461 1304 1525 talium
1320 1460 1368 1525 tir.
1389 1462 1442 1522 26.
1461 1483 1488 1525 n.
1516 1476 1563 1536 13.
1586 1462 1619 1523 in
1639 1460 1701 1524 fine
1714 1509 1725 1539 ,
1738 1460 1970 1536 docendam

395 1546 500 1627 puniri
520 1559 676 1622 meretur,
696 1563 734 1607 ne
751 1542 784 1610 ἃ
802 1540 853 1620 ipsi
874 1541 1034 1606 obediatur
1055 1543 1086 1604 in
1103 1536 1161 1603 suis
1197 1538 1415 1606 testamentum
1441 1544 1539 1604 minus
1564 1536 1718 1619 solemne,
1742 1538 1806 1605 sive
1828 1537 1971 1620 imperse-

394 1622 638 1703 dilposrtionibus
658 1641 767 1688 contra
788 1622 884 1713 legem
910 1619 1076 1686 institutis.
1107 1620 1163 1683 Di·
1196 1618 1275 1685 ilum
1300 1642 1361 1685 non
1381 1620 1441 1684 else
1462 1619 1528 1705 ipso¹
1548 1621 1616 1684 iure
1636 1622 1773 1695 irritum,
1792 1618 1827 1688 dt
1857 1623 1970 1687 invali-

395 1707 496 1771 ximut
512 1704 571 1783 nisi
588 1702 739 1769 accedente
759 1701 866 1767 iudaeis
887 1701 1038 1781 sententie
1059 1723 1068 1777 ;
1091 1702 1162 1778 quia
1196 1701 1287 1779 dum,
1308 1698 1356 1765 sed
1383 1697 1570 1765 solummodo
1596 1720 1658 1765 non
1679 1719 1785 1777 parere
1805 1700 1971 1780 obligatio·

396 1784 458 1851 sta
480 1785 579 1849 iudice
596 1782 784 1848 rescindatur
805 1783 893 1846 valor
913 1781 1086 1846 testamenti
1107 1783 1163 1843 mi·
1197 1801 1268 1845 nem
1287 1781 1427 1854 civilem,
1453 1780 1501 1844 led
1528 1796 1655 1845 tantum
1675 1779 1878 1857 naturalem,
1902 1800 1971 1857 quaa

396 1883 455 1931 nus
475 1863 616 1928 soleninis
644 1864 739 1926 etiam
761 1862 799 1928 ob
827 1863 1034 1941 ignorantiam
1064 1859 1132 1924 fatti
1155 1910 1163 1938 ,
1197 1880 1250 1939 per
1266 1862 1396 1926 iudicem
1414 1860 1481 1924 tolli
1503 1858 1623 1938 potest,
1639 1857 1674 1925 dt
1695 1862 1739 1924 ita
1756 1879 1819 1924 non
1846 1858 1907 1925 esse
1935 1883 1972 1926 o·

397 1962 474 2010 tunc
502 1942 703 2009 obediendum
729 1940 772 2004 est
797 1942 888 2007 iudici
916 1944 1008 2006 etiam
1036 1944 1067 2003 in
1095 1937 1164 2005 soro
1197 1936 1829 2018 mninoinvaliduminforoconscientie,
1846 1939 1896 2004 sed
1913 1960 1971 2007 vt·

396 2027 524 2088 interno
548 2020 749 2089 conscientia
770 2043 778 2083 :
809 2040 881 2086 nam
903 2021 1026 2097 quando
1045 2023 1078 2084 in
1098 2019 1164 2084 sen·
1198 2024 1260 2088 lere
1281 2022 1318 2086 ad
1338 2020 1413 2099 hoc,
1433 2037 1469 2085 ut
1490 2037 1564 2085 ante
1583 2019 1690 2083 iudicis
1709 2015 1897 2085 sententiam
1907 2018 1972 2085 bn·

397 2105 499 2169 tentia
520 2102 626 2167 iudicis
647 2121 711 2167 non
733 2096 1030 2181 apparetmanlsesla
1046 2099 1164 2167 iniulli·
1198 2103 1338 2181 reditas,
1361 2101 1412 2165 vel
1445 2100 1580 2180 legatum
1608 2102 1640 2161 in
1664 2098 1853 2166 conscientia
1878 2103 1972 2178 recipi

397 2184 467 2260 tia,
483 2182 574 2247 sicuti
587 2201 649 2246 non
658 2200 783 2260 apparet
794 2183 825 2244 ln
841 2180 897 2245 tali
908 2179 1038 2260 iudicio,
1057 2184 1127 2259 quip
1199 2180 1289 2260 possit
1304 2230 1314 2260 ,
1332 2201 1366 2245 ac
1383 2181 1529 2257 retineri,
1545 2179 1641 2245 donec
1662 2200 1680 2243 a
1699 2178 1800 2245 iudice
1819 2180 1974 2244 adiudice·

397 2261 478 2341 quod
496 2262 533 2325 srt
549 2260 709 2327 seeundum
729 2262 834 2338 leges,
858 2263 889 2323 in
909 2258 1094 2326 corscientia
1111 2282 1129 2337 p
1149 2292 1164 2306 -
1199 2280 1252 2328 tur
1268 2258 1438 2327 haeredibus
1454 2260 1491 2325 ab
1507 2257 1675 2335 intestato,
1695 2259 1802 2337 quibus
1826 2260 1866 2325 ob
1887 2258 1974 2324 infir·

396 2340 594 2408 rendumell.
617 2341 785 2406 Plurimum
794 2342 876 2403 enim
893 2340 1162 2406 ruvatbonocom
1198 2345 1342 2407 mirarem
1366 2339 1543 2405 testamenti
1565 2336 1629 2415 post
1652 2338 1709 2404 hoc
1734 2338 1878 2405 iudicium
1899 2340 1973 2403 reli·

397 2425 483 2487 muni
504 2441 613 2487 curare
631 2467 640 2499 ,
659 2440 696 2485 ut
716 2424 750 2483 in
773 2417 993 2485 Tribunalibus
1015 2468 1024 2499 ,
1050 2419 1101 2484 ubi
1119 2440 1167 2485 re·
1199 2422 1246 2486 tta
1309 2420 1546 2486 rhuiuscemodi
1563 2420 1787 2483 testamentum
1806 2417 1973 2483 rellituen·

398 2519 498 2580 ceptae
518 2500 588 2566 sunt
609 2497 791 2579 praescriptae
808 2496 1020 2564 solemnitates
1041 2497 1165 2566 serven·
1200 2504 1238 2566 da
1252 2442 1341 2566 lupreit.
1359 2500 1408 2564 lta
1424 2503 1507 2564 enim
1522 2499 1681 2577 Sanchez,
1702 2500 1863 2579 Laymann
1878 2546 1888 2576 ,
1905 2498 1975 2563 alii·

398 2598 472 2659 tur,
490 2600 530 2644 ne
550 2579 736 2657 austoritat,
751 2577 788 2646 dt
806 2581 854 2643 vis
874 2579 975 2658 legum
994 2581 1026 2642 in
1050 2600 1083 2643 re
1101 2597 1166 2647 tam
1201 2603 1260 2659 que
1281 2580 1444 2648 conciliant
1465 2582 1510 2645 Le
1530 2601 1580 2656 es,
1599 2599 1666 2657 quae
1683 2578 1788 2664 dicunt
1808 2577 1977 2644 reslamen·

398 2661 503 2740 gravis
519 2662 667 2725 moment'
702 2660 833 2725 aulatim
849 2676 1037 2735 enervetur,
1058 2658 1167 2725 &coe
1201 2680 1269 2727 tum
1295 2660 1476 2727 dellituttun
1505 2601 1748 2725 solemnitatibus
1778 2680 1835 2738 pro
1862 2652 1977 2722 infesto

399 2757 494 2818 ruat,
523 2682 751 2805 cuiusmodpest
780 2737 1024 2805 testamentariae
1045 2737 1163 2818 disposr·
1202 2734 1393 2821 h‘abendum,
1412 2740 1589 2818 nullumque
1608 2742 1668 2805 elle
1703 2738 1820 2802 scilicet
1881 2737 1976 2800 stiu-

400 2824 504 2887 tionet
523 2817 642 2885 securas
662 2819 805 2887 reddere.
1202 2829 1275 2892 diois
1291 2823 1498 2901 sententiam,
1514 2824 1587 2900 quia
1606 2819 1646 2886 ob
1665 2788 1811 2885 defectum
1846 2817 1975 2884 olemni.

440 2900 578 2966 Secunda
599 2898 752 2968 sententia
768 2903 903 2980 opposrta
922 2904 1059 2983 expresse
1076 2905 1166 2969 docet
1204 2909 1278 2973 tatis
1293 2908 1357 2970 eius
1378 2906 1444 2968 vim
1463 2903 1556 2968 solvit
1598 2920 1633 2966 ac
1654 2900 1757 2965 tollit.

399 2980 463 3048 tale
484 2979 700 3048 testamentum
720 2985 751 3047 in
761 3004 895 3062 utroque
915 2981 982 3048 foro
998 2984 1168 3050 invalidum
1241 2987 1360 3052 Verum
1375 2981 1493 3062 sanior,
1512 3005 1547 3047 ac
1559 2950 1690 3047 securior
1708 2980 1834 3044 videtur
1848 2975 1975 3073 scnoenff

400 3062 481 3139 esse,
500 3061 534 3128 ἀ
554 3062 675 3127 nullum
716 3063 793 3128 adeo
815 3082 852 3130 ut
866 3064 1010 3145 burdet
1031 3063 1066 3143 dt
1086 3065 1168 3144 lega·
1204 3069 1249 3132 tia
1266 3067 1412 3144 illorum,
1427 3067 1476 3128 cui
1499 3064 1662 3128 assentitur
1677 3063 1706 3125 Ρ.
1731 3061 1895 3135 Auroine,
1918 3077 1975 3134 qut

399 3143 472 3207 rarii
494 3140 619 3206 vitalis
638 3111 814 3208 tesamenti
831 3162 888 3206 nec
903 3134 1032 3231 alsiiuld
1151 3165 1168 3208 e
1204 3149 1316 3212 docent
1337 3146 1395 3209 bac
1415 3149 1447 3207 in
1462 3164 1495 3208 re
1518 3138 1735 3207 consulendam
1750 3139 1811 3203 elle
1837 3140 1978 3205 locorum

400 3221 551 3297 valeant,
570 3241 626 3286 nec
642 3225 795 3300 retinere,
815 3222 848 3290 ἀ
865 3230 1020 3299 recepturb
1157 3259 1168 3270 ·
1203 3225 1472 3301 consuetudinem,
1492 3222 1526 3289 dt
1551 3225 1669 3298 praxim
1697 3221 1909 3294 iudiciorum,
1938 3237 1977 3281 ae

399 3315 617 3368 retentantur
635 3304 732 3366 eriam
756 3317 831 3366 ante
854 3302 961 3367 iudicis
987 3300 1170 3367 sententiam
1205 3305 1386 3372 servandum
1405 3302 1486 3381 quod
1503 3322 1609 3378 aequus
1631 3301 1721 3365 iudex
1744 3296 1894 3376 perspcdla
1921 3315 1978 3363 ve·

401 3379 572 3445 haeredibus
591 3379 783 3446 nituralibut
819 3380 1169 3459 &abinteslato,quan-
1205 3390 1300 3452 ritate
1321 3383 1489 3461 iudicaret,
1510 3385 1582 3458 quia
1607 3381 1687 3445 idem
1715 3377 1900 3445 servandum

401 3479 602 3537 tumcumque
616 3480 702 3527 certo
717 3429 836 3526 conliet
862 3462 899 3526 de
921 3483 995 3526 vera
1012 3462 1169 3528 testatoris
1204 3470 1373 3541 inutraque
1383 3459 1471 3542 foro,
1490 3461 1541 3525 ubi
1561 3454 1661 3527 sorum
1675 3477 1839 3525 extemum
1856 3458 1978 3523 nonin·-

401 3539 583 3606 voluntate.
605 3540 654 3606 sic
677 3541 913 3622 Covarruvias,
936 3541 1026 3606 Card.
1046 3544 1140 3608 Petra
1161 3592 1169 3619 ,
1205 3549 1317 3609 nititur
1336 3540 1410 3607 salla
1428 3539 1684 3619 presumptione,
1703 3561 1760 3604 nec
1786 3539 1917 3603 damnat
1942 3539 1979 3601 in

402 3616 706 3706 Valquea,'Suarez,
728 3621 843 3698 aliique
863 3643 926 3685 non
947 3626 1054 3699 pauci;
1073 3620 1108 3687 ἀ
1133 3623 1170 3688 ad
1205 3645 1326 3702 poentm
1355 3643 1425 3700 quae
1456 3621 1563 3688 iudicis
1591 3618 1778 3696 sententiam
1806 3619 1941 3694 requirit
1968 3658 1978 3677 .

403 3702 449 3764 ita
468 3700 657 3765 sentiendum
673 3701 827 3766 ducuntur
844 3722 862 3766 a
883 3700 1015 3778 pluribus
1037 3702 1169 3783 legibus,
1203 3708 1310 3782 Qrare
1324 3701 1344 3765 sr
1356 3703 1467 3778 iudex,
1486 3702 1623 3778 quamvis
1643 3717 1731 3764 certo
1746 3701 1831 3765 non't
1849 3697 1980 3761 tessaro-

402 3801 473 3856 quae
492 3780 635 3844 uidentur
655 3799 762 3858 aperte
776 3779 932 3846 declarare
953 3781 1170 3846 testamentum
1205 3791 1244 3849 rit
1262 3783 1481 3859 voluntatem,
1510 3780 1659 3845 rescindat
1687 3776 1908 3844 testamentum
1937 3774 1980 3840 ob

402 3857 586 3923 censendum
602 3861 662 3923 elle
684 3877 720 3924 ut
741 3879 804 3924 non
825 3858 959 3937 latium,
975 3858 1010 3925 dt
1032 3861 1171 3940 nullum,
1204 3861 1353 3930 desertum
1373 3858 1603 3938 solemnitatis,
1620 3859 1654 3924 δι
1682 3857 1921 3933 hereditatem,
1941 3875 1980 3920 ae

403 3942 453 4002 cui
478 3938 559 4002 deest
589 3940 690 4015 aliqua
721 3937 870 4018 requisita
899 3937 1075 4005 solemnitas
1104 3940 1171 4018 ,dt
1206 3946 1306 4023 legata
1326 3941 1480 4006 adiudicet
1502 3940 1614 4004 baeredi
1634 3938 1793 4018 naturali,
1812 3937 1847 4004 dt
1868 3937 1907 4002 ab
1932 3939 1980 3999 ira

402 4021 556 4096 praecipue
572 4039 612 4082 ex
638 4021 711 4098 leg.
732 4023 835 4098 finon
853 4015 879 4099 s
890 4018 977 4089 ecielt'
995 4038 1025 4099 o
1045 4021 1106 4095 cod.
1134 4022 1171 4087 de
1206 4023 1318 4088 tellatu
1340 4069 1349 4099 ,
1377 4041 1414 4084 ea
1434 4017 1487 4095 ipss
1512 4018 1663 4083 reddenda
1683 4015 1752 4085 sunt
1781 4038 1856 4085 ante
1873 4015 1980 4081 iudicis

404 4098 514 4178 testem.
531 4097 611 4163 uude
628 4097 792 4164 aiuntdidli
888 4100 1011 4177 oret,li
1029 4098 1171 4181 legcspo-
1206 4101 1498 4178 sententiam,quia
1520 4098 1608 4164 sicuti
1640 4101 1756 4176 privati
1780 4095 1906 4174 possunt
1925 4115 1978 4173 ap-

403 4176 507 4243 srtivae
525 4194 615 4254 prout
635 4176 705 4256 ipsae
725 4176 889 4258 statuunt,
908 4180 959 4245 vel
991 4179 1172 4259 declarant,
1207 4202 1319 4261 ponere
1339 4180 1400 4244 suis
1416 4176 1620 4245 contradibus
1643 4196 1743 4243 certas
1763 4177 1979 4252 conditiones,

404 4255 542 4336 obligant
565 4259 594 4320 in
618 4256 825 4337 conscientia,
844 4276 882 4325 ut
911 4274 998 4339 patet
1022 4262 1054 4323 in
1077 4260 1171 4326 dona·
1206 4260 1313 4341 quibus
1332 4254 1477 4325 om'miffis
1499 4259 1610 4322 nolunt
1630 4253 1825 4322 contratrum
1846 4258 1979 4331 valere,

404 4338 537 4401 tionibus
546 4338 728 4416 pupillorum
742 4387 750 4417 ,
765 4341 797 4400 in
808 4341 1004 4406 matrimonio
1023 4338 1085 4404 fine
1095 4362 1172 4417 prae·
1206 4346 1253 4406 ita
1273 4343 1414 4418 Princeps
1435 4386 1446 4417 ,
1472 4338 1525 4403 vel
1547 4336 1745 4415 Respublica,
1765 4338 1815 4403 cui
1845 4334 1981 4401 subdito·¹

404 4413 503 4480 sentia
532 4415 680 4494 rellium,
705 4416 913 4502 warochi,
941 4416 1046 4484 aliisve
1074 4418 1173 4485 huius·
1206 4443 1276 4486 rum
1295 4416 1449 4496 personae,
1469 4438 1506 4482 ac
1526 4416 1606 4483 bona
1623 4414 1827 4483 subiiciuntur
1846 4418 1880 4480 in
1896 4414 1980 4481 ordis

405 4495 503 4573 modi,
524 4493 681 4561 manifeste
702 4498 838 4572 sequitur
854 4497 1171 4579 testamentum,quod
1208 4521 1247 4565 ne
1268 4498 1305 4563 ad
1324 4497 1624 4574 bonumcommune,
1645 4500 1747 4575 potuit
1757 4514 1884 4575 propter
1898 4493 1981 4561 frau-

405 4573 447 4638 ob
468 4572 676 4639 deficientiam
703 4574 790 4640 disice
812 4573 1035 4658 solemnitatis,
1055 4581 1173 4643 nullum
1208 4581 1252 4644 dis
1288 4577 1451 4654 periculum
1482 4626 1490 4655 ,
1518 4576 1553 4643 ἀ
1589 4581 1738 4642 maiorem
1779 4576 1981 4654 dispositionis

405 4674 443 4719 ac
463 4655 633 4719 invalidum
647 4653 823 4734 declarant,
842 4658 961 4724 nullum
977 4655 1115 4723 conferre
1128 4663 1173 4723 ius
1210 4660 1385 4722 cautionem
1415 4653 1516 4722 facere
1540 4675 1576 4722 ut
1602 4654 1767 4723 consensus
1795 4655 1982 4723 contraben-

406 4733 442 4798 ad
463 4731 694 4811 hereditatem,
719 4733 768 4799 vel
790 4738 889 4817 legata
907 4741 938 4801 in
962 4736 1026 4814 ipsu
1046 4735 1174 4814 relisit,
1210 4741 1307 4814 tium,
1327 4730 1603 4814 &disponentium
1623 4735 1684 4801 sinc
1704 4754 1789 4801 certa
1808 4736 1982 4802 solemnita-

407 4812 529 4878 acideo
548 4817 580 4876 in
600 4813 784 4880 conscientia
807 4819 896 4895 recipi
917 4834 1094 4896 nequeunt,
1118 4837 1174 4880 nec
1211 4837 1243 4882 te
1258 4817 1331 4882 esset
1341 4816 1379 4881 de
1390 4811 1467 4894 sasso
1476 4821 1600 4881 irritus.
1617 4814 1733 4881 Fecisse
1748 4811 1981 4884 autemcousiat

407 4895 556 4972 retineri,
572 4890 621 4958 sed
637 4898 703 4958 iure
723 4900 879 4975 naturali,
898 4895 932 4961 dc
954 4895 1087 4973 positivo
1107 4917 1175 4974 per·
1210 4918 1250 4961 ex
1271 4898 1371 4961 verbis
1392 4896 1488 4978 legia,
1508 4897 1559 4963 vel
1579 4895 1819 4976 consuetudine,
1838 4894 1875 4963 dc
1897 4894 1981 4972 praxi

407 4975 510 5065 tinent
535 4973 573 5038 ad
595 4972 731 5068 ltaeredes
759 4977 796 5040 ab
815 4975 959 5041 intestato
979 5025 987 5052 ,
1012 4974 1047 5039 dc
1066 4994 1105 5039 eo
1125 4977 1173 5040 vel
1212 4978 1412 5059 iudiciorum,
1431 4997 1500 5058 quae
1517 4975 1560 5043 esl
1577 4976 1678 5058 legum
1698 4978 1865 5059 interpres.
1883 4977 1932 5040 Sic
1949 4974 1980 5038 Ρ.

407 5071 537 5120 maxime
556 5072 625 5134 quta
641 5056 739 5137 quoad
760 5057 898 5127 valorem
912 5055 1126 5134 cuiuscumque
1142 5074 1175 5129 a·
1212 5058 1369 5129 aurore,
1704 5110 1706 5115 .
1833 5064 1866 5206 N'

1196 5152 1200 5197 ;
1839 5153 1943 5219 ote,
