4425 6000
350 478 356 489 ,
956 494 961 509 Ι
1226 466 1244 495 ι
1351 504 1354 510 ’

463 502 537 579 aot
744 497 951 575 Tutor.
978 518 1042 573 oo
1070 499 1392 577 Cournacr.
1418 498 1622 575 cunvl.

410 603 464 668 dur
485 618 514 682 3.
528 599 643 664 eodem·
667 597 743 663 Ecce
766 620 840 678 ergo
859 597 1010 679 quomodo
1039 600 1070 661 in
1100 597 1179 661 divi·
1216 598 1322 676 ligitur
1342 598 1378 663 ad
1399 601 1588 670 evidentiam
1610 598 1704 669 verba
1718 596 1830 668 Christi
1858 601 1985 671 Domini

411 705 452 749 na
473 683 628 758 Scriptura
644 678 800 758 absolute,
819 680 852 745 dt
869 675 1034 743 indillindle
1057 698 1129 758 erga
1147 698 1180 740 o·
1216 678 1308 742 Lucae
1329 681 1358 740 6.
1375 697 1562 756 pracceptum
1580 679 1660 758 esse,
1680 700 1745 749 nou
1771 702 1896 748 merum
1913 706 1984 749 con·

411 783 519 837 mnes,
539 757 610 822 ldell
627 757 688 823 sine
704 761 767 823 ulla
786 757 961 825 differentia
981 757 1109 837 divitis,
1129 755 1180 821 vel
1216 754 1334 833 filium,
1354 778 1390 823 ot
1410 777 1574 831 autumant
1594 759 1756 825 adversarii
1778 781 1815 826 ea
1834 760 1983 842 signidem

411 844 589 921 pauperisp
629 837 749 904 hibetur
769 838 861 904 usura
884 836 1015 916 respettu
1039 831 1180 903 uniuscu·
1217 857 1267 911 re,
1286 858 1356 902 cum
1384 843 1417 902 in
1444 839 1503 905 tali
1524 834 1610 903 sensu
1633 844 1798 918 precepti,
1824 841 1861 907 ἀ
1881 844 1981 909 neuti-

413 918 557 997 iusques
618 923 726 994 quavis
746 917 935 984 diliindlione
964 915 1087 982 huiusce
1114 914 1181 992 tiro·
1215 918 1434 992 quamconsrlii
1454 921 1707 996 antiquitastota
1725 920 1885 993 eedem&
1908 919 1984 987 sum·

414 1001 569 1069 bibitionis
589 1020 659 1077 erga
680 1005 846 1081 pauperes,
864 1021 935 1063 curn
956 1000 992 1063 de
1018 998 1063 1062 his
1084 999 1116 1060 in
1139 996 1182 1062 al·
1217 994 1625 1076 pserit,&erp1anavent;
1645 1020 1701 1067 nec
1716 1020 1796 1078 opor
1815 1000 1861 1065 est
1881 1001 1983 1069 uthoe

414 1082 487 1146 latis
505 1079 642 1145 textibus
662 1079 747 1142 nulla
766 1077 821 1144 fiat
838 1080 977 1156 mentio,
993 1075 1041 1144 scd
1061 1079 1182 1166 captio·
1216 1079 1340 1141 Parrum
1356 1077 1542 1143 austoritate
1563 1080 1780 1156 comprobetur
1801 1126 1810 1159 ,
1836 1101 1911 1145 cum
1937 1099 1984 1147 tot

415 1159 446 1226 se
474 1161 511 1224 de
537 1158 714 1235 pauperibus
743 1158 929 1236 explicant,
952 1161 1005 1233 {eu
1028 1157 1181 1236 effingunt
1215 1156 1385 1237 concilia,
1416 1157 1585 1227 &Summi
1608 1159 1772 1232 Pontifices
1799 1162 1831 1227 vi
1863 1159 1983 1227 huiusce

412 1263 484 1306 cum
498 1239 650 1316 Calvino,
671 1238 838 1315 Molinaeo,
855 1236 1021 1317 salmasio,
1035 1237 1182 1303 Bmeder·
1217 1253 1340 1315 textus,
1361 1241 1446 1302 cuius
1467 1237 1558 1305 uerba
1575 1260 1629 1317 pro
1650 1257 1802 1316 praecepto
1818 1239 1951 1311 habuere
1971 1288 1982 1320 ,

414 1318 501 1384 senio
521 1321 684 1384 contrariae
704 1316 863 1383 senteutiae
885 1323 1006 1394 patroni
1018 1368 1026 1396 ,
1038 1327 1083 1405 iit
1095 1320 1180 1382 viam
1217 1316 1453 1394 rtlirraromnes,
1473 1318 1638 1385 &loenora
1648 1317 1884 1391 interdixerint.
1903 1321 1985 1395 Hinc

321 1414 323 1419 ’
414 1400 468 1465 srbi
496 1400 634 1477 aperiant
654 1397 693 1462 ad
712 1395 809 1463 usurae
833 1397 1038 1462 defensionem
1087 1416 1183 1473 quam
1217 1397 1375 1474 eleganter
1393 1399 1421 1465 8.
1446 1397 1584 1467 Thomas
1599 1418 1627 1460 a.
1645 1417 1673 1460 a.
1694 1396 1797 1476 quaest.
1816 1398 1865 1480 78.
1885 1416 1982 1466 atur.

319 1512 322 1518 1
416 1481 533 1545 licitam
549 1476 658 1540 volunt
677 1496 747 1555 erga
769 1479 994 1557 negotiatores,
1010 1444 1184 1564 &divitem
1218 1475 1255 1542 ad
1276 1500 1303 1555 4
1326 1481 1370 1549 ait
1389 1500 1412 1568 r·
1430 1480 1511 1545 Dare
1533 1489 1672 1546 mutuum
1698 1500 1756 1551 ripn
1772 1476 1890 1559 semper
1909 1492 1986 1545 uae·

414 1561 537 1624 Dicitur
551 1556 672 1633 quidem
693 1559 725 1621 in
743 1559 798 1622 cit.
818 1578 884 1631 cap.
905 1559 1073 1623 Deuteron.
1088 1554 1183 1637 fratrc
1216 1557 1681 1636 turdomo31deoquantumed
1699 1557 1749 1625 hor
1766 1557 1890 1637 ponitur
1911 1557 1985 1623 iuter

415 1652 466 1706 ruo
481 1638 516 1702 id
530 1658 583 1715 quo
606 1635 715 1715 indiget
731 1634 921 1703 commodabis
937 1630 1040 1717 ubsque
1066 1635 1158 1716 usura
1174 1681 1182 1712 ,
1218 1637 1352 1719 confilin3
1367 1635 1426 1716 sed
1444 1639 1520 1715 quod
1538 1637 1620 1703 domo
1634 1639 1751 1705 lucrum
1766 1638 1804 1703 de
1818 1652 1984 1709 mutuom

415 1719 464 1786 sed
485 1718 533 1783 hic
553 1732 658 1781 textus
679 1716 815 1795 restringi
836 1721 943 1811 nequit
960 1719 996 1781 ad
1021 1735 1184 1798 pauperes,
1218 1730 1349 1798 quaerat,
1364 1718 1416 1785 boc
1434 1716 1516 1787 cadit
1530 1717 1585 1797 [ab
1600 1717 1712 1790 ratione
1727 1718 1869 1798 pracepit·
1878 1763 1888 1782 .

414 1817 482 1865 tum
501 1798 572 1875 quia
589 1815 649 1859 non
665 1799 811 1873 exprimit
831 1796 885 1860 nrsr
905 1797 1096 1863 occasionem
1117 1817 1182 1865 mu·
1257 1797 1347 1874 Quod
1366 1816 1470 1869 autem
1482 1795 1569 1863 usura
1586 1803 1687 1865 vetita
1699 1798 1735 1864 srt
1748 1799 1984 1877 iurccanonico,

415 1883 483 1945 tui:
502 1881 527 1942 is
543 1877 625 1940 euim
647 1870 835 1942 solummodo
854 1895 998 1945 mutuum
1017 1879 1116 1956 petit,
1132 1876 1183 1952 qui
1219 1877 1350 1954 pluribus
1371 1881 1403 1942 in
1423 1879 1498 1942 locit
1515 1877 1650 1955 expresse
1672 1877 1832 1955 habetur,
1858 1886 1894 1943 ἰιι
1920 1898 1984 1957 etp,

415 1958 494 2034 apud
516 1955 545 2020 se
571 1973 633 2018 non
658 1955 749 2021 habet
769 1956 849 2034 quod
871 1959 979 2035 petit,
1008 1980 1044 2023 ac
1059 1953 1184 2034 proinde
1218 1959 1366 2037 Quoniam
1381 1978 1410 2019 a.
1433 1955 1497 2021 dili.
1519 1978 1568 2039 47.
1591 1979 1656 2035 cap.
1679 1957 1713 2024 si
1732 1955 1937 2052 feneraveris
1954 1976 1982 2021 ι.

414 2059 457 2103 eo
473 2036 607 2112 indiget,
628 2033 748 2103 tametsi
770 2037 881 2100 nedum
902 2053 1104 2113 extremam,
1135 2031 1183 2104 sed
1218 2059 1283 2115 cap.
1304 2041 1461 2110 Palania..
1490 2035 1526 2103 dt
1551 2058 1591 2101 ex
1622 2053 1691 2101 toto
1716 2039 1811 2102 titulo
1833 2038 1872 2102 de
1890 2032 1983 2103 usuris

417 2137 475 2180 nec
502 2118 597 2180 ctiam
625 2135 749 2192 gravem
779 2115 987 2180 necessitatem
1007 2119 1143 2203 patiatur
1163 2135 1183 2202 1;
1218 2137 1284 2184 tam
1313 2137 1341 2197 5.
1371 2139 1463 2194 quam
1490 2121 1520 2183 6.
1538 2117 1782 2194 Decretalium,
1811 2135 1983 2181 necmnert

416 2214 484 2261 tum
503 2199 573 2272 quia
595 2194 690 2259 verba
710 2194 843 2263 eiusdem
859 2213 963 2260 textus
984 2197 1018 2259 id
1033 2217 1087 2275 quo
1102 2195 1183 2267 indi·
1211 2198 1370 2267 clement.
1392 2202 1482 2265 unica
1501 2196 1537 2267 de
1556 2195 1654 2277 usuris
1673 2203 1702 2262 ς.
1712 2194 1787 2275 sune
1807 2244 1816 2271 ,
1845 2195 1897 2260 ubi
1918 2195 1985 2260 sic:

411 2290 463 2356 ger
479 2296 539 2339 non
555 2276 696 2355 leguntur
718 2297 772 2340 nec
792 2278 824 2338 in
847 2293 939 2343 textu
957 2275 1092 2340 Hebraeo
1104 2323 1113 2351 ‚
1127 2293 1184 2362 uec
1219 2283 1296 2345 Sane
1309 2279 1336 2357 fi
1351 2277 1417 2354 quis
1433 2277 1464 2348 in
1493 2274 1580 2349 illum
1606 2297 1733 2350 errorem
1758 2274 1899 2342 inciderit
1918 2323 1928 2355 ,
1953 2284 1986 2339 ut

416 2361 450 2419 in
470 2351 613 2419 Versrone
636 2374 682 2434 7ο.
707 2355 934 2434 interpretum,
951 2377 1006 2423 nec
1024 2356 1184 2421 inVerlro·
1220 2355 1410 2438 pertinaciter
1447 2357 1592 2436 affirmare
1623 2355 1783 2436 presumat
1809 2404 1818 2434 ,
1855 2371 1985 2421 exercere

416 2457 457 2500 ne
472 2436 617 2515 Syriaca,
634 2454 689 2499 nec
708 2435 830 2500 demum
848 2437 880 2498 in
900 2435 963 2498 ulla
979 2433 1184 2512 alia3tumde·
1219 2437 1396 2515 usurarum
1413 2435 1464 2516 effe
1472 2449 1640 2514 percarum,
1655 2433 1986 2501 decernimuseumvel·

416 2519 513 2592 nique
536 2518 608 2591 quia
627 2536 667 2578 ex
703 2514 852 2583 hocloco
876 2513 1185 2583 conclusere-Patres
1220 2530 1254 2582 ut
1278 2516 1446 2581 hereticum
1467 2517 1665 2595 puniendum.
1696 2516 1734 2581 Et
1760 2519 1809 2581 ita
1827 2511 1986 2580 etiamdo·

416 2595 535 2659 nullum
550 2615 589 2660 ex
609 2599 737 2671 pecunia
756 2598 852 2659 etiam
869 2592 1113 2674 negotiatoribus
1124 2610 1184 2656 tra·
1218 2616 1310 2663 cuete
1325 2595 1461 2673 plurimae
1483 2597 1596 2678 Synodi
1616 2644 1626 2669 ‚
1653 2592 1984 2672 utRhemensrr1583.

418 2677 483 2739 dita
504 2677 615 2751 percipi
645 2673 726 2751 posse
753 2677 1004 2740 emolumentum
1015 2669 1185 2739 cuiuscum·
1220 2673 1438 2754 burdigalensis
1460 2695 1542 2743 anuo
1564 2675 1629 2741 eod.
1647 2673 1835 2753 Tolosam,
1867 2671 1985 2739 Num

417 2775 475 2832 que
496 2754 532 2817 srt
555 2757 673 2833 generis
692 2800 700 2822 .
727 2754 767 2819 Et
789 2759 834 2820 ita
862 2758 944 2818 inter
958 2755 1035 2821 alios
1050 2752 1183 2827 explicat
1220 2753 1335 2827 nensis,
1355 2754 1403 2819 lta
1423 2760 1506 2820 enim
1523 2759 1604 2821 inter
1623 2755 1699 2820 alias
1729 2753 1821 2819 habet
1837 2753 1985 2823 Rbemeor

417 2837 545 2899 allatum
561 2852 683 2899 textum
704 2835 872 2900 Deuterou.
890 2836 918 2897 8.
944 2834 1047 2900 Ambr.
1073 2833 1127 2900 lib,
1148 2832 1184 2893 de
1220 2837 1255 2900 lis
1282 2834 1456 2916 :Quisquis
1473 2847 1584 2914 praeter
1605 2832 1714 2914 sortem
1742 2834 1925 2914 praecipuam
1949 2852 1985 2919 ert

419 2914 540 2979 Tobia:
564 2915 717 2993 Plerique,
733 2917 777 2978 ait
797 2916 825 2976 S.
835 2913 921 2979 Doti.
937 2913 1102 3005 refugeram
1107 2929 1185 2992 prae·
1219 2929 1320 2981 mutuo
1336 2914 1452 2993 aliquid
1467 2915 1594 2993 amplius
1607 2913 1754 2996 exegerit,
1769 2915 1827 2978 vel
1840 2921 1986 3001 receptui,

418 3008 499 3073 repra
519 2994 610 3074 legis,
630 3017 696 3059 cum
712 2995 844 3060 dederim
862 3016 1014 3075 pecuniam
1028 2994 1185 3076 negotiam-
1220 2995 1424 3075 cuiuscumque
1440 2993 1559 3076 generis
1579 2994 1704 3076 illudfit
1724 3044 1733 3072 ‚
1755 2993 1839 3059 modo
1865 3010 1984 3073 pecunia

417 3075 526 3151 ribus,
549 3097 606 3138 non
627 3074 660 3137 in
685 3076 808 3153 pecunia
836 3077 940 3154 usuras
973 3075 1095 3155 exigunt
1108 3122 1118 3151 ,
1132 3071 1188 3149 sed
1222 3075 1362 3160 estimari
1378 3078 1474 3157 poffit,
1494 3074 1648 3155 usurarius
1662 3072 1713 3155 effe
1727 3072 1898 3155 censeatur.

418 3152 560 3219 mercibus
575 3174 674 3217 eorum
695 3168 834 3233 tanquam
849 3155 1186 3234 usurarumemolumrn·
1262 3156 1339 3220 Item
1361 3158 1428 3221 iure
1443 3156 1507 3232 ipso
1527 3156 1665 3220 naturali
1685 3158 1787 3220 vetita
1812 3151 1856 3217 cll
1873 3151 1962 3218 uluta
1973 3197 1985 3230 ,
1997 3204 2034 3246 m.

418 3249 450 3299 ta
465 3232 624 3313 percipiunt
639 3280 646 3297 .
664 3240 758 3322 Eraur
780 3234 831 3314 ista
851 3238 889 3316 est
904 3234 1127 3323 circumscriptio
1145 3233 1186 3320 le·
1221 3236 1272 3302 seu
1288 3233 1469 3304 soeneratio.
1493 3234 1542 3299 luc
1562 3238 1645 3300 euim
1661 3235 1824 3311 naturale,
1840 3229 1895 3299 seu
1913 3227 2034 3310 tedium

415 3315 482 3395 gis,
504 3336 559 3381 nori
580 3315 722 3390 custodia,
744 3310 784 3383 b*
802 3329 890 3393 putas
907 3315 996 3391 repit
1009 3318 1187 3393 facerequra
1223 3319 1325 3392 ratio,
1352 3315 1414 3378 duo
1429 3317 1579 3391 precipue
1596 3316 1626 3380 in
1643 3313 1781 3378 humanis
1801 3313 1986 3386 commerciit
1998 3332 2034 3375 nt

420 3417 440 3457 a
459 3415 494 3457 ne
513 3392 632 3456 otiatore
646 3394 731 3458 velut
747 3393 1000 3473 munussulripis.
1020 3394 1187 3474 Quodcum·
1224 3392 1386 3473 praescribit
1406 3442 1415 3473 ‚
1436 3414 1544 3470 nempe
1564 3391 1599 3458 dt
1623 3410 1658 3459 ut
1674 3397 1756 3458 inter
1775 3391 1931 3472 dantem,
1954 3389 1987 3464 de

418 3415 566 3553 puriorti
583 3471 710 3550 accidit,
729 3472 818 3551 usura
838 3476 873 3554 est
892 3501 901 3536 .·
941 3476 1017 3551 quod
1036 3474 1117 3544 velis
1136 3494 1186 3537 no·
1223 3474 1398 3545 reddentem
1413 3471 1554 3542 servetur
1568 3473 1751 3551 aequalitas,
1772 3472 1807 3538 dt
1823 3492 1863 3536 ne
1878 3469 1988 3546 frrrslot

334 3594 345 3614 .
419 3571 487 3620 men
506 3552 654 3632 imponas,
673 3551 762 3632 usura
780 3556 834 3629 est.
856 3554 888 3618 Si
918 3554 1055 3618 illicitum
1080 3554 1188 3635 estrur
1222 3578 1262 3620 ex
1279 3576 1310 3619 re
1327 3555 1428 3619 aliena
1445 3556 1669 3631 percipiantur.
1694 3552 1778 3618 Nam
1802 3572 1844 3617 ex
1861 3573 1926 3618 uua
1943 3572 1988 3618 re·

425 3631 603 3699 vocabulum
623 3631 755 3714 refugis?
777 3633 810 3699 Si
825 3634 940 3699 licitum
964 3636 1002 3715 est
1021 3655 1073 3699 cur
1093 3633 1187 3698 incre·
1224 3640 1270 3701 tio
1288 3636 1536 3700 commutacionis
1553 3636 1698 3713 importat
1713 3653 1753 3697 cx
1774 3629 1804 3696 se
1827 3679 1836 3709 ,
1865 3649 1902 3697 ut
1923 3648 1987 3706 tun·

423 3726 557 3785 mentum
581 3716 704 3792 requiris
725 3712 738 3775 l
766 3714 848 3788 Quid
884 3716 997 3786 clarius
1021 3712 1188 3779 defidetare
1224 3736 1307 3794 tum,
1328 3735 1383 3779 nec
1400 3714 1493 3792 plus,
1522 3733 1577 3778 nec
1599 3715 1698 3777 minus
1725 3711 1873 3782 reddatur
1900 3732 1988 3790 quam

419 3794 542 3872 possunt
564 3794 750 3858 adversarii?
777 3795 850 3858 Non
873 3794 1010 3871 loquitur
1029 3797 1056 3858 S.
1074 3792 1189 3861 Dodlor
1224 3792 1283 3861 suit
1307 3811 1492 3870 acceptum,
1519 3813 1557 3856 ex
1580 3791 1642 3857 alia
1659 3812 1734 3857 vero
1753 3813 1826 3856 cum
1846 3810 1896 3855 res
1911 3811 1988 3870 quar·

418 3876 454 3936 de
475 3873 823 3951 pauperibus,loquitur
841 3873 878 3936 de
898 3874 1187 3951 mercatoribur,oui
1224 3875 1297 3940 libet
1321 3878 1444 3952 proprio
1463 3873 1586 3937 domino
1605 3869 1794 3951 frudlificm,
1814 3867 1929 3945 frudini
1946 3870 1989 3939 rei

420 3956 550 4030 pecunia
574 3970 706 4016 utuntur
732 3958 764 4017 in
792 3953 995 4032 negotiando,
1014 3951 1048 4018 dt
1075 3954 1114 4022 ab
1142 3955 1188 4018 his
1223 3978 1262 4019 ex
1282 3973 1395 4020 natura
1416 3951 1467 4017 l'ua
1489 3952 1525 4016 ad
1547 3956 1589 4017 rei
1610 3952 1765 4016 domiuum
1785 3948 1804 4014 s
1819 3948 1921 4017 estare
1940 3949 1988 4016 de·

421 4034 511 4098 docet
539 4030 776 4097 manifestissime
804 4034 833 4095 8.
863 4031 976 4098 1)οᾶοι
1000 4038 1103 4109 expeti
1127 4055 1189 4097 non
1222 4036 1313 4099 bent.
1338 4034 1444 4111 Quare
1470 4053 1541 4098 cum
1562 4054 1614 4109 per
1630 4028 1749 4095 usuram
1777 3974 1891 4107 aiiquid
1912 4032 1988 4101 acci·

420 4113 504 4189 polle
522 4111 730 4181 emolumenta
757 4112 795 4177 ob
824 4117 981 4188 pecuniam
1002 4112 1068 4189 iplis
1092 4114 1189 4178 tradi·
1226 4116 1333 4192 piendo
1352 4116 1437 4190 supra
1453 4109 1563 4176 sortem
1584 4111 1649 4189 plus
1671 4114 1814 4189 exigatur
1854 4109 1891 4177 dt
1910 4114 1987 4177 acci·

420 4212 507 4276 tam,
523 4211 578 4255 nec
595 4191 632 4254 ab
648 4187 749 4254 iisdem
767 4195 882 4268 accipi,
901 4196 972 4270 quia
995 4190 1077 4282 [raus
1101 4192 1135 4258 &
1155 4216 1190 4262 u·
1227 4199 1326 4270 piatur
1338 4191 1451 4272 p‘quam
1471 4207 1580 4256 mutuo
1602 4187 1663 4255 suit
1679 4160 1882 4269 concefftfi,
1904 4191 1988 4256 ileo

420 4272 568 4341 {uitium
583 4270 644 4333 cll.
667 4271 735 4335 Nec
750 4294 825 4348 opus
840 4269 882 4335 est
899 4289 936 4336 ιιι
952 4278 1106 4350 negotium
1127 4274 1191 4338 lon·
1225 4293 1283 4352 que
1303 4292 1365 4336 non
1384 4269 1525 4336 servetur
1552 4271 1711 4348 aequalitae
1738 4273 1771 4334 in
1801 4270 1990 4348 contrado,

420 4373 457 4430 ge
477 4371 570 4427 quam
590 4372 644 4425 par
659 4348 696 4413 srt
712 4351 944 4429 protrahamus,
958 4349 1065 4416 seriem
1082 4371 1190 4420 texeu·
1226 4355 1340 4416 idcirco
1355 4347 1528 4422 contradus
1546 4347 1713 4415 huiusmodi
1730 4347 1860 4416 iniustus
1875 4349 1939 4431 est,
1956 4349 1992 4416 dt

423 4432 462 4494 do
485 4428 687 4495 dominarum
712 4435 841 4494 aliorum
862 4431 910 4494 88.
940 4435 1094 4508 Parrum,
1122 4454 1191 4498 cum
1226 4434 1371 4496 illicitus.
1400 4430 1484 4493 Nam
1509 4434 1646 4506 accipere
1672 4428 1783 4507 aliquid
1813 4426 1903 4508 supra
1931 4425 2017 4508 sorr

422 4530 529 4574 omnes
558 4510 664 4574 eodem
696 4527 802 4575 tenore
833 4511 866 4571 in
895 4513 952 4575 hac
984 4516 1115 4578 materia
1147 4513 1190 4583 lo
1227 4506 1373 4587 tem,seu
1394 4507 1482 4587 supra
1503 4530 1568 4574 rem
1584 4526 1693 4582 mutuo
1711 4510 1994 4578 datamtitulomu·

421 4609 575 4666 quantur.
1227 4594 1273 4657 tui
1294 4588 1335 4652 eli
1356 4589 1422 4668 plus
1443 4591 1581 4665 accipere
1596 4610 1685 4666 quam
1702 4589 1809 4653 valeat
1826 4610 1875 4655 ret
1891 4591 1992 4670 data,

462 4672 568 4744 Quare
587 4689 627 4732 ex
645 4673 697 4735 cit.
721 4668 855 4735 textibus
875 4674 1032 4750 laetitio,
1058 4670 1093 4737 dt
1116 4693 1191 4747 prae·
1227 4690 1261 4735 ut
1277 4688 1387 4747 patet,
1408 4674 1477 4745 quia
1497 4666 1560 4733 sola
1581 4668 1641 4732 sors
1658 4666 1807 4733 reddenda
1824 4669 1869 4733 est
1891 4692 1993 4749 aequa·

423 4751 512 4828 cipue
533 4752 787 4828 Deuteronomii,
803 4756 855 4828 qui
876 4754 1016 4816 deomni
1040 4751 1191 4817 iniullitia
1226 4753 1261 4814 lis
1279 4749 1378 4815 valori
1400 4752 1443 4812 tei
1466 4764 1638 4816 mutuatae.
1670 4747 1736 4811 Nec
1762 4747 1882 4825 aliquid
1901 4750 1993 4828 recipi

351 4833 356 4844 '
423 4826 639 4915 cuiuscumque
660 4829 788 4895 soenoris
807 4832 999 4909 explicantur
1019 4831 1090 4896 aD.
1104 4831 1188 4894 Amb.
1227 4827 1323 4907 potest
1346 4827 1434 4900 supra
1455 4824 1566 4896 sortem
1587 4845 1733 4902 tanquam
1760 4830 1839 4893 etur
1857 4828 1992 4910 surdius,

422 4912 503 4973 unde
525 4929 559 4975 ut
577 4910 743 4973 usurarium
767 4910 801 4976 δι
822 4910 972 4988 culpabile
989 4909 1191 4987 praelcribitur
1225 4930 1296 4974 cum
1311 4908 1381 4976 talis
1401 4909 1539 4984 acceptio
1557 4927 1642 4983 aeque
1663 4904 1772 4972 iniusta
1792 4905 1829 4978 sit
1846 4956 1857 4987 ,
1873 4907 1910 4976 dt
1925 4908 1997 4998 rasu-¹

423 4990 592 5055 indirlintte
611 5009 704 5053 omne
724 4991 843 5055 lucrum
858 5010 895 5055 cx
919 5009 1028 5055 mutuo
1055 4992 1190 5057 cuicum·
1225 4992 1325 5067 tatia,
1345 5004 1456 5062 utpote
1471 5006 1537 5064 quae
1557 4989 1763 5063 perciperetur
1780 5006 1865 5052 exre
1881 4989 1997 5068 aliena,

419 5090 481 5145 que
501 5070 564 5140 sive
584 5073 729 5149 pauperi,
750 5069 813 5138 sive
828 5071 920 5140 diviti
936 5088 1112 5149 mutuetur,
1127 5069 1189 5141 col·
1223 5070 1303 5154 quod
1320 5066 1363 5136 est
1384 5084 1495 5137 contra
1519 5068 1566 5136 ius
1594 5066 1766 5134 naturale:
1794 5070 1919 5140 etenim
1942 5091 1996 5148 per

1887 5170 1958 5216 mu·
