4425 6000
516 503 1585 585 'riicmrlniurrrs&pennarum
1713 535 1783 614 123

258 606 514 682 restitutionem,
541 601 599 668 nisi
634 604 672 669 sit
704 606 853 670 Prolatus
881 603 932 667 vel
964 605 1032 682 quis
1065 605 1247 671 occisionem
1271 605 1399 670 alterius
1420 608 1609 689 vitandam3
1638 613 1710 687 quia
1728 614 1837 683 occisio

262 692 363 770 aliua,
382 689 433 753 cui
448 685 605 750 incumbat
620 704 662 749 ex
675 684 783 749 officio
805 681 962 765 spirituale
977 683 1031 746 bo·
1066 684 1109 749 est
1129 684 1230 749 eidem
1248 686 1428 752 voluntaria
1448 707 1511 751 uon
1530 689 1670 756 cavendo
1686 691 1834 759 adumil·

260 769 481 836 numsuornnr
498 782 681 843 promovere
697 787 709 841 ’ς
733 767 805 842 quia
826 766 874 827 hir
894 767 1032 839 exceptis
1066 767 1186 829 licitum
1207 784 1247 828 ex
1276 786 1337 842 quo
1356 762 1475 830 sciebat
1489 768 1617 833 caussari
1639 771 1720 846 polle
1740 774 1835 841 alicu·
1872 842 1876 849 ,

261 847 383 916 nonsit
401 847 514 911 iniuria
532 851 577 908 ita
594 843 715 910 sedudlo
731 841 930 930 uoluam&
960 863 1035 906 con·
1066 840 1399 922 insinterfedlionem3
1423 845 1460 911 dt
1486 847 1663 913 intersedus
1682 851 1835 918 itiahahe·

260 925 438 995 sentienter
454 946 525 989 cum
534 924 652 988 volenti
668 971 676 1001 ,
691 922 730 987 dt
742 925 955 1003 consentienti
965 923 1032 986 nul·
1063 923 1322 1010 principetur
1338 945 1429 1001 opera
1451 928 1493 990 illi
1512 934 1557 992 rei
1578 929 1697 996 illicitae
1712 929 1765 996 sihi
1785 950 1834 1010 pe·

260 1009 291 1075 la
312 1007 370 1072 fiat
391 1007 521 1070 iniuria.
540 1003 717 1068 Teneretur
733 1003 789 1067 ille
808 1003 932 1080 quidem
953 1000 1033 1079 plui·
1067 1004 1223 1068 riculolae.
1241 1004 1291 1069 lta
1307 1007 1360 1069 cit.
1382 1006 1410 1069 S.
1429 1007 1468 1068 D.
1491 1007 1559 1072 loco
1568 1009 1694 1073 eodem.

259 1110 354 1166 quarn
373 1086 426 1152 alii
437 1106 479 1150 ex
500 1083 652 1149 charitate
666 1083 912 1148 curaaemeliori
936 1084 1031 1146 modo
1104 1085 1169 1159 Qui
1196 1084 1308 1159 aliquid
1334 1089 1456 1150 omitt-ic
1482 1087 1521 1150 ad
1547 1089 1624 1164 quod
1641 1106 1771 1156 tenetur
1794 1111 1833 1158 ex

257 1164 563 1246 quopossetutaltor
575 1163 617 1226 ad
628 1157 1032 1240 smgemteducatucmelio-
1066 1164 1183 1228 iuslitia
1200 1210 1208 1240 ,
1229 1161 1263 1228 dt
1279 1185 1319 1226 ex
1341 1167 1398 1230 tali
1411 1165 1586 1248 omissum,
1603 1189 1672 1245 quae
1686 1171 1835 1247 periculo·

259 1269 342 1314 ran.
365 1243 497 1324 Quodsi
518 1245 584 1320 quis
597 1242 743 1322 consilio,
764 1243 798 1309 dt
813 1242 951 1320 precibus
974 1242 1030 1306 ali·
1065 1242 1146 1319 saell
1157 1259 1236 1307 mors
1246 1241 1547 1323 sequaturalteriuo,
1562 1266 1639 1326 pota
1653 1247 1676 1311 ii
1695 1253 1834 1329 Princeps

258 1348 351 1406 quem
366 1330 403 1390 ad
415 1324 607 1405 peccandum
624 1324 745 1388 induxit
762 1336 894 1400 peccato
914 1321 1029 1385 iniussi·
1066 1323 1116 1387 vel
1140 1323 1335 1388 Gubernator
1362 1344 1425 1390 non
1450 1329 1584 1403 expellat
1610 1329 1748 1394 latrones
1767 1333 1834 1395 ria·

257 1411 315 1473 tiae
330 1424 445 1471 contra
472 1407 629 1478 tertiano,
656 1406 800 1478 peccavit
814 1418 926 1467 contra
947 1398 1030 1466 iusti·
1063 1403 1330 1481 rumpublicarurn
1341 1404 1602 1484 ‚grassatoresqui
1615 1410 1834 1474 viatoresene·

256 1492 338 1551 tiam
357 1505 426 1564 quae
447 1485 489 1550 ell
507 1487 608 1547 virtus
625 1480 782 1560 opposita,
800 1483 835 1548 dt
852 1477 876 1541 sr
892 1480 1030 1546 indudlus
1059 1494 1156 1557 cant,
1171 1482 1205 1548 dt
1229 1485 1385 1561 expoliant
1403 1509 1415 1561 ,·
1440 1485 1580 1553 Medicus
1605 1489 1763 1565 imperitus
1780 1491 1830 1553 vel

258 1567 406 1632 damnum
426 1586 487 1629 non
508 1558 1028 1640 satisfac-iat,adhocceneturqui
1061 1562 1247 1642 negligens,
1270 1561 1414 1629 deliciunt
1440 1568 1470 1627 in
1502 1564 1547 1629 his
1564 1587 1636 1642 quae
1668 1569 1830 1646 periti,&

257 1647 297 1711 ad
315 1646 379 1711 tale
394 1646 538 1709 damnum
554 1643 687 1707 alterurn
697 1644 819 1708 induxit
839 1643 879 1708 oh
894 1641 1030 1718 iusquod
1063 1642 1116 1705 dil'
1157 1660 1225 1707 rues
1245 1641 1353 1707 medici
1367 1641 1471 1710 'iacere
1489 1643 1588 1709 solent
1609 1693 1620 1725 ,
1645 1645 1680 1712 dt
1696 1644 1736 1712 sic
1758 1647 1831 1711 dici·

257 1724 382 1803 quisque
413 1722 542 1803 positive
565 1721 656 1786 habet
678 1743 698 1801 ,‘
712 1742 747 1789 ut
770 1743 863 1787 nemo
890 1742 948 1786 nec
975 1743 1027 1798 per
1065 1740 1119 1786 to*
1141 1722 1352 1803 ehdvocato‚
1372 1723 1494 1799 ludite,
1510 1727 1746 1803 Procuratore,
1769 1725 1830 1792 &c

258 1805 309 1882 se,
330 1826 387 1870 nec
408 1806 497 1869 alteri
526 1803 718 1880 cooperando
737 1801 799 1866 sine
822 1803 877 1868 suo
901 1799 1028 1867 consen·
1064 1801 1140 1867 srex
1167 1801 1326 1866 omissione
1349 1804 1515 1883 diligentiae
1544 1826 1613 1882 quae
1630 1826 1739 1869 eorum
1761 1806 1832 1870 >offi-

254 1885 312 1960 su,
333 1885 385 1950 vel
406 1884 531 1962 caussa,
549 1881 583 1947 dt
611 1883 804 1949 authoritate
831 1883 978 1949 damnum
995 1885 1025 1947 ei
1062 1885 1111 1947 cia
1129 1885 1288 1958 requirunt
1305 1879 1449 1958 sequatur
1467 1900 1549 1948 mora
1569 1885 1715 1961 alteriue,
1730 1886 1833 1963 culpa·

252 1961 393 2029 inserat.
1062 1962 1165 2027 bilitet
1181 1959 1251 2026 sunt
1267 1962 1309 2026 rei
1328 1963 1480 2027 homicidii
1499 2011 1510 2040 ,
1530 1963 1565 2028 dt
1589 1962 1700 2029 damna
1727 1971 1830 2032 omnia

1061 2058 1131 2120 quae
1148 2060 1190 2105 ex
1211 2041 1267 2106 tali
1288 2040 1419 2119 respedlu
1439 2060 1546 2107 eorum
1563 2041 1709 2121 culpabili
1728 2065 1831 2110 morte

580 2131 607 2192 5.
646 2123 706 2187 ll.
1060 2127 1178 2188 oriatur
1198 2119 1341 2186 resarcire
1359 2135 1527 2200 tenentur;
1544 2126 1612 2199 quia
1630 2123 1669 2188 ob
1685 2121 1832 2188 defessum

256 2246 305 2308 De
324 2237 451 2313 Iniuriis
467 2239 500 2304 ir
515 2257 615 2320 corpus
627 2238 757 2322 proximi
767 2257 821 2319 ptr
834 2238 1026 2306 homicidium
1059 2199 1194 2282 ipsoeum
1212 2205 1353 2279 Witiae’
1372 2202 1425 2267 wi
1453 2203 1621 2282 diligent*
1646 2225 1728 2268 Μ’
1750 2203 1831 2268 ⁸¹¹⁸·

387 2318 904 2484 '’⁹²¹‘r1‘055stpg550guelum
1061 2280 1250 2425 ‘balli
1265 2279 1566 2439 illailla,
1582 2361 1831 2430 varianae>

1061 2441 1131 2505 lunt
1150 2441 1241 2505 multi
1258 2461 1324 2504 non
1351 2447 1453 2505 teneri
1478 2442 1515 2506 ad
1543 2442 1639 2515 ullam
1660 2442 1831 2510 restitutio·

295 2519 525 2593 Homicidium,
545 2518 625 2582 idem
650 2516 748 2583 dicito
775 2517 812 2582 de
831 2517 1025 2582 mutilatione
1060 2541 1147 2584 nem.
1166 2520 1249 2585 Nam
1268 2519 1395 2597 (dicunt
1416 2519 1468 2600 ipsi
1476 2524 1493 2599 ,l
1511 2518 1626 2586 occisut
1655 2525 1689 2587 in
1718 2522 1831 2588 lethale

256 2594 340 2666 allud
355 2599 401 2663 est
420 2599 569 2675 casuale,
600 2598 681 2660 aliud
708 2599 842 2662 volitum
858 2642 866 2659 .
885 2598 1025 2662 Homici·
1060 2617 1217 2664 certamen
1233 2599 1452 2665 ⁴consentiendo
1465 2599 1606 2666 'censetur
1635 2604 1670 2667 in
1696 2622 1830 2667 mortem

257 2683 339 2744 dium
357 2680 477 2758 prorsus
501 2677 622 2742 casuale
636 2676 716 2752 qnod
733 2698 799 2742 non
820 2676 866 2744 est
891 2678 1025 2741 volitum
1059 2676 1248 2756 consentire,
1268 2699 1305 2743 ac
1325 2681 1448 2757 proinde
1467 2684 1502 2744 in
1521 2682 1634 2745 damna
1662 2703 1701 2746 ex
1727 2701 1829 2746 morte

255 2776 313 2825 nec
329 2764 361 2822 in
377 2755 409 2822 se
437 2762 541 2822 necin
564 2758 666 2821 caulla
693 2778 755 2821 non
779 2754 823 2820 cst
846 2757 994 2833 culpabile
1017 2803 1025 2833 ,
1060 2760 1270 2837 procedentia,
1292 2781 1327 2823 ac
1343 2761 1512 2825 concedere
1532 2761 1623 2824 alteri
1643 2782 1733 2841 agere
1749 2762 1847 2836 ‹qtiod¹

257 2860 314 2903 nec
332 2860 443 2904 verum
463 2838 679 2912 homicidium,
699 2836 753 2898 nisi
770 2834 898 2912 phisrce,
917 2837 1025 2900 &rna-
1061 2835 1149 2914 possit
1169 2842 1199 2900 in
1215 2839 1274 2901 tali
1294 2836 1411 2903 assione
1427 2857 1537 2903 contra
1556 2836 1651 2913 ipsum
1659 2861 1672 2918 ,·
1691 2861 1829 2904 tumne-

256 2920 431 2995 terialicer,
451 2922 520 2994 quia
533 2918 573 2980 de
586 2916 717 2980 essentia
735 2919 856 2992 peccati
877 2915 925 2978 eil
943 2915 1034 2992 quod,
1061 2916 1300 2982 turaducllihoc
1308 2920 1462 2982 ordinarie
1485 2919 1636 2995 loquendo
1656 2925 1826 2999 importari

258 2998 295 3064 sit
315 2999 530 3064 voluntarium
544 3045 551 3074 ,
564 3000 678 3062 idcirco
696 3015 763 3057 non
782 2992 873 3060 affert
886 2993 1024 3059 debiturn
1060 2996 1100 3062 Et
1120 3016 1160 3061 eo
1173 3002 1270 3062 minus
1279 3002 1414 3063 incurret
1422 2998 1559 3063 debitum
1569 2998 1748 3067 resarciendi
1760 3022 1829 3078 pto

257 3076 605 3145 restitutionis.Undesr
621 3079 730 3154 quirin
743 3073 1022 3152 inculpabiliehric·
1059 3092 1192 3142 vocatus
1222 3074 1243 3138 si
1276 3094 1496 3155 provocantem
1525 3080 1728 3147 interficiat.-
1756 3102 1829 3145 tum

255 3178 325 3224 tate
341 3160 476 3235 aliquem
494 3159 614 3222 occidat
624 3177 684 3219 non
701 3158 829 3219 incurrit
839 3171 962 3219 reatum
970 3155 1023 3217 ho·
1059 3158 1355 3235 provocansinvitet
1373 3158 1506 3224 alterum
1524 3156 1622 3225 adsui
1644 3163 1828 3225 internecio·

255 3239 396 3316 roscidis,
416 3258 472 3301 nec
494 3239 562 3301 ideo
583 3259 660 3302 onus
676 3234 878 3299 restitutionis
900 3237 1025 3310 damni,
1056 3256 1158 3314 nem,
1178 3233 1198 3297 si
1219 3234 1301 3301 'sorte
1322 3239 1521 3316 praevaleat,
1547 3234 1582 3301 dt
1602 3243 1634 3302 in
1653 3240 1765 3305 damna
1787 3259 1826 3305 o·

256 3320 337 3394 quod
367 3317 562 3382 homicidium
590 3313 757 3382 huiusmodi
791 3315 993 3391 consequatur
1015 3362 1023 3390 ,
1058 3321 1142 3380 mnia
1160 3313 1246 3381 suum
1258 3316 1352 3381 libere
1372 3317 1487 3394 prabet
1509 3314 1705 3399 consensum
1721 3318 1829 3384 scienti

277 3402 328 3464 uia
344 3399 418 3463 talis
434 3398 547 3462 occisio
567 3419 628 3460 non
644 3396 687 3459 ell
704 3394 885 3459 voluntaria
912 3412 968 3458 nec
992 3397 1023 3456 in
1058 3398 1142 3460 enirn
1161 3444 1169 3472 ,
1189 3395 1224 3462 dt
1241 3393 1448 3462 consentienti
1462 3418 1527 3462 non
1546 3393 1585 3463 fit
1603 3402 1734 3465 iniuria.
1766 3399 1828 3462 Ve-

256 3422 308 3558 se,
323 3500 386 3543 nec
394 3477 559 3554 incanui,
576 3491 632 3542 nec
645 3472 755 3539 diredle
769 3523 777 3549 ,
792 3494 847 3539 nec
863 3471 1020 3552 indircsle,
1059 3497 1127 3539 rum
1147 3476 1329 3553 probabilior
1345 3476 1437 3555 plane
1452 3478 1493 3542 ell
1522 3480 1681 3545 contraria
1703 3476 1826 3543 senten·

256 3571 325 3623 tum
341 3556 477 3623 satiant
492 3557 555 3621 sine
573 3557 630 3621 usu
644 3557 777 3619 rationis
797 3603 806 3630 ,
836 3574 871 3619 ac
900 3551 1023 3632 proinde
1055 3557 1105 3618 tia
1122 3556 1204 3631 quod
1222 3574 1370 3620 teneatur
1395 3554 1592 3633 compensare
1613 3558 1729 3623 ¹damna
1750 3578 1827 3622 con·

255 3637 392 3704 sineulla
409 3638 583 3703 voluntatis
599 3637 842 3700 deliberatione:
864 3634 946 3699 secus
970 3652 1024 3698 ve·
1058 3632 1214 3709 sequentia
1234 3637 1328 3699 niorti
1344 3633 1565 3703 succumbentis
1586 3634 1720 3716 respetlu
1735 3636 1825 3715 ipsius

244 3720 478 3784 indicendum
503 3715 525 3779 sr
555 3717 688 3782 ebrietas
709 3712 768 3777 suit
798 3711 1023 3792 culpabilir.,&
1058 3714 1273 3793 Creditorum,
1290 3713 1420 3793 Uxoris,
1437 3715 1825 3795 filiommqueliiudigeant

254 3795 339 3862 casira
369 3798 514 3875 praevisus
541 3793 628 3870 suit,
650 3813 705 3858 aut
722 3795 884 3869 praevideri
901 3798 1022 3880 potuit·
1058 3798 1124 3856 eius
1141 3790 1383 3869 sustentatione,
1403 3814 1475 3859 tum
1495 3794 1555 3860 suis
1578 3797 1668 3859 lucris
1687 3814 1741 3860 eot
1761 3795 1826 3860 ale-

254 3875 346 3942 Tunc
361 3882 445 3941 enim
464 3876 574 3942 occisio
590 3875 633 3939 ell
643 3896 718 3938 vere
729 3874 905 3937 voluntaria
923 3877 955 3934 in
972 3873 1022 3937 lua
1059 3889 1129 3950 ret,
1150 3872 1256 3936 horum
1273 3877 1355 3936 enirn
1376 3874 1490 3937 iuribus
1510 3872 1742 3944 occisuscedere
1759 3895 1823 3942 non

258 3957 361 4021 caussa
384 4006 393 4033 ,
418 3958 533 4021 idcirco
551 3954 741 4031 imputabilis
772 3953 810 4017 ad
829 3953 970 4030 culpam,
988 3972 1023 4033 ac
1058 3971 1181 4032 poterat
1206 3998 1213 4014 .
1243 3953 1339 4017 Nulla
1368 3971 1473 4017 tamen
1495 3955 1537 4019 ell
1562 3952 1720 4021 dubitatio
1743 3957 1826 4021 circa

255 4038 357 4101 dumi
372 4034 668 4115 compensationem.
879 4114 881 4118 .
1059 4050 1301 4110 provocantem,
1322 4032 1370 4096 hic
1390 4038 1471 4097 enim
1491 4052 1616 4100 tenetur
1638 4036 1675 4102 ad
1695 4036 1825 4100 damno-

296 4119 360 4193 Qui
384 4115 485 4181 adium
515 4120 611 4180 etiam
637 4116 756 4178 licitum
777 4111 851 4179 facit
880 4109 953 4176 idest
970 4108 1023 4177 dat
1059 4133 1126 4175 rum
1149 4111 1429 4190 conpensationem
1458 4109 1629 4179 faciendam
1656 4115 1713 4195 ipsi
1733 4161 1745 4195 ,
1769 4114 1824 4180 vel

255 4209 379 4275 operam
397 4201 440 4260 rei
463 4197 558 4261 licitae
578 4193 628 4258 sed
638 4191 811 4270 periculosae
836 4190 898 4256 sine
919 4188 1023 4255 dehita
1058 4192 1101 4255 lui
1125 4192 1290 4257 heredibus
1310 4190 1331 4254 si
1351 4195 1509 4280 contingat
1537 4214 1739 4274 provocatum
1759 4194 1825 4259 suc·

257 4276 413 4355 diligentia
429 4277 468 4340 ad
483 4295 614 4340 mortem
630 4273 761 4337 alterius
791 4271 968 4349 vitandam,
988 4268 1023 4335 dt
1058 4271 1222 4351 cumbere,
1243 4291 1314 4337 cuni
1329 4273 1390 4348 iple
1409 4274 1618 4341 involuntarie
1637 4276 1677 4340 ad
1693 4280 1758 4341 vim
1778 4272 1824 4338 so·

259 4358 388 4433 aliquem
416 4357 612 4433 interficiat,
638 4351 674 4416 ii't
691 4373 760 4417 reus
793 4349 970 4427 homicidii,
989 4350 1023 4415 dt
1059 4352 1123 4413 lum
1133 4352 1336 4430 repellendam
1346 4358 1824 4430 pugnaverir.l>rovocanrenini

258 4433 375 4501 tametsi
395 4453 506 4512 praeter
527 4438 732 4498 intentionem
763 4433 883 4498 occidat
911 4429 955 4494 est
970 4430 1022 4495 oh·
1057 4430 1099 4493 esl
1116 4429 1245 4496 iniustus
1266 4434 1438 4509 aggressor,
1465 4437 1515 4498 cui
1530 4434 1640 4516 sponte
1664 4456 1725 4501 non
1746 4456 1823 4501 con·

258 4519 365 4579 noxius
386 4515 576 4580 restitutioni
605 4516 676 4588 quia
703 4512 742 4577 ob
767 4511 879 4575 debitae
900 4510 1023 4587 diligen·
1058 4511 1192 4575 donatur
1218 4510 1399 4576 restitutio.
1425 4514 1540 4578 Verum
1570 4513 1687 4580 etiamsi
1709 4535 1823 4592 provo·

258 4597 308 4658 tiae
327 4592 519 4660 omissionem
534 4591 727 4659 homicidium
743 4595 831 4657 iuxta
852 4592 891 4654 D.
910 4589 1020 4655 Thom.
1057 4609 1145 4657 catus
1175 4592 1354 4677 voluntarie
1377 4594 1409 4655 in
1437 4614 1567 4675 pugnam
1598 4594 1822 4668 descenderet,

258 4690 283 4738 a.
303 4694 331 4738 2.
351 4698 379 4751 q.
398 4678 449 4751 ⁶⁴·
468 4693 526 4740 art.
549 4674 575 4737 8.
591 4671 634 4738 esi
654 4676 683 4734 ei
700 4672 931 4736 voluntarium.
1059 4691 1119 4734 non
1140 4672 1173 4735 vi
1189 4688 1227 4735 ut
1243 4669 1272 4734 ie
1291 4666 1466 4737 defenderet
1489 4672 1566 4753 ,sed
1593 4692 1629 4739 ut
1657 4678 1754 4741 etiarn
1773 4669 1824 4738 os-

299 4755 384 4818 Dans
417 4776 538 4831 operam
559 4758 602 4819 rei
631 4752 750 4816 illicitae
776 4751 972 4828 periculosae,
999 4751 1021 4812 li
1059 4748 1213 4827 feriet&
1238 4772 1273 4813 ac
1294 4750 1360 4812 ideo
1389 4753 1434 4816 uti
1451 4755 1602 4834 aggressor
1625 4756 1741 4819 nullam
1769 4773 1823 4833 pa·

259 4834 288 4895 in
310 4834 400 4897 huius
416 4836 520 4898 illiciti
536 4835 618 4900 attus
637 4832 671 4897 dt
689 4827 845 4910 periculosi
864 4831 1022 4894 executio·
1060 4848 1178 4893 teretur
1188 4826 1477 4911 iniuriam3semper
1488 4852 1591 4898 tamen
1603 4838 1715 4898 iniuria
1733 4836 1822 4896 lieret

261 4930 295 4976 ne
311 4915 446 4979 alterum
461 4916 584 4980 occidat
600 4916 696 4977 etiarn
726 4929 842 4990 praeter
870 4912 1019 4974 intentio·
1058 4908 1245 4985 haeredihur,
1261 4910 1372 4974 idcirco
1381 4930 1624 4994 numquamerga
1637 4913 1714 4989 ipsos
1722 4910 1822 4990 super·

259 4997 342 5070 hem,
365 4996 497 5058 incurrit
519 4999 549 5058 in
571 4990 724 5057 homicidii
745 4992 883 5067 culpam,
899 4988 1021 5053 &onus
1058 4988 1117 5051 sles
1136 4991 1290 5054 eximetur
1305 4992 1344 5053 ah
1357 5011 1451 5059 onere
1471 4993 1692 5059 restitutionis.

260 5072 458 5156 restitutionis
477 5076 644 5151 qtunravir
659 5070 818 5149 diligentia
835 5067 903 5133 usus
919 5066 957 5133 lit
981 5068 1021 5133 ad
1098 5066 1254 5135 Caeterum
1273 5089 1461 5149 quocumque
1480 5071 1650 5141 modosve
1668 5067 1822 5211 indsuello,

1730 5164 1784 5211 ive
