4425 6000
556 512 762 592 Tutor.
795 536 862 589 oa
891 513 1219 590 Coxrxxct.
1243 516 1362 592 Cre.
1390 517 1454 593 tv.
1679 546 1749 622 193

227 614 321 694 bare,
338 612 503 681 dummodo
523 632 629 683 tamen
646 616 717 680 talis
736 614 880 681 rarissima
895 613 1000 679 clerici
1036 613 1133 680 fluum
1154 616 1199 679 illi
1223 615 1385 696 reddatur,
1409 625 1581 688 autminus
1601 619 1696 702 utile,
1723 644 1802 691 ven·
1919 631 1922 638 '

229 699 406 776 negotiatio
420 715 486 760 non
506 694 544 759 srt
561 696 598 758 de
617 714 650 758 re
674 699 778 771 turpi,
799 697 852 759 vel
872 695 1000 760 alicuius
1036 696 1107 760 dere
1131 699 1227 760 etiarn
1252 699 1371 779 carius,
1390 702 1462 778 quia
1486 705 1519 767 in
1543 702 1590 767 his
1605 701 1718 770 deesset
1735 710 1801 771 ani·

229 798 351 858 magnae
375 776 520 852 lummae,
548 773 687 839 vescum
706 775 809 849 aliquo
837 772 999 840 scandalo:
1034 797 1102 842 mus
1118 779 1310 856 negotiator.

229 877 304 922 nam
334 854 409 921 alias
429 858 463 920 in
489 850 569 936 bisce
592 854 707 919 casibus
729 875 856 934 gravem
879 855 999 931 culparn

227 938 432 1030 incurreret:
859 1016 865 1030 ,
1335 942 1362 1005 9.
1404 938 1500 1006 11'1.

177 1015 215 1132 ξ’
227 1013 999 1172 a}gffl¹f3c⁸rgmggga&dffigeffi¹sffi⁰g¹gj
1052 1058 1095 1119 ue
1116 1052 1201 1132 culpa
1225 1054 1420 1148 surcarias.
1433 1058 1503 1139 su,
1522 1060 1623 1150 arim
1632 1061 1761 1144 fimitis,

177 1212 212 1260 κ,
228 1180 290 1260 lia,
309 1198 382 1255 quae
403 1176 461 1243 vili
477 1143 576 1262 p'rerio
592 1176 786 1252 vendmrur,
806 1173 998 1255 procurat&
1091 1202 1101 1210 ·
1225 1133 1288 1213 sm
1308 1137 1395 1202 ‘'w‘'
1410 1139 1470 1220 ΙΨ
1489 1152 1601 1206 ‘'em‘’

177 1289 183 1323 l
229 1261 332 1336 emit,
351 1278 415 1322 non
440 1276 495 1332 pro
518 1259 548 1322 se
569 1274 712 1333 tantum,
740 1254 789 1320 sed
813 1276 869 1333 pro
895 1259 998 1319 amicis
1051 1245 1801 1341 ¹Vendenrusaloleumaliasqmhuiuscegene·

177 1359 179 1374 ¹
227 1348 367 1418 quoquc,
385 1336 618 1414 conventibus,
637 1336 698 1401 &o
719 1354 754 1400 ut
774 1336 879 1400 eodem
901 1339 999 1414 pretio
1032 1349 1073 1392 tis
1081 1348 1287 1407 merces,quas
1299 1334 1432 1401 vendere
1441 1335 1581 1415 rigorosas
1590 1338 1707 1404 muldiis
1715 1342 1803 1406 Prin-

227 1414 343 1486 eisdem
370 1416 505 1493 vendat,
526 1416 575 1480 lric
602 1416 693 1493 plane
713 1417 821 1479 illicite
840 1437 902 1482 nou
918 1418 999 1495 agit,
1031 1411 1135 1486 cipes,
1154 1407 1188 1473 dt
1209 1405 1397 1502 Respublica
1413 1417 1621 1495 interdicunt,
1639 1419 1704 1484 ello
1718 1419 1801 1498 quod

185 1511 196 1524 ·
227 1517 328 1575 neque
342 1517 454 1563 revera
473 1511 676 1561 mercaturam
691 1512 838 1573 exercet,
857 1516 926 1573 quae
952 1499 998 1558 in·
1033 1489 1266 1567 legesvetantes
1281 1494 1631 1575 essentmetepoenaiessr
1647 1500 1801 1566 nibilomi·

229 1580 404 1646 tentionem
421 1576 498 1640 lucri
515 1571 568 1653 sup
610 1580 680 1654 nit,
700 1573 749 1640 sed
770 1580 871 1651 potius
887 1577 998 1642 dicitur
1032 1589 1089 1633 nus
1103 1567 1260 1637 ²ffirmant
1284 1569 1437 1653 Theologi
1461 1598 1586 1654 peccare
1607 1582 1799 1662 mortaliter,

226 1658 345 1724 bouum
366 1675 475 1722 curare
501 1657 533 1719 in
577 1676 702 1721 avotem
729 1675 836 1720 eorum
860 1658 911 1734 qui
943 1652 998 1734 ipsi
1032 1665 1142 1742 utpote
1160 1652 1213 1727 qui
1234 1648 1264 1713 se
1289 1670 1445 1729 exponant
1476 1658 1612 1735 periculo
1639 1661 1746 1726 morali
1764 1684 1798 1727 a·

199 1805 208 1820 ,
229 1737 308 1803 sunt·
322 1740 432 1814 amici,
448 1735 482 1801 &
498 1736 697 1800 benemeriti.
1031 1727 1176 1823 missionis
1205 1732 1301 1806 vitae,
1325 1731 1476 1800 libertatis
1493 1785 1503 1815 ,
1529 1736 1737 1816 bonorumque
1766 1763 1801 1806 o·

177 1818 221 1894 Μ’,
269 1818 405 1883 Clericus
432 1819 548 1893 peritus
569 1819 601 1879 in
626 1834 694 1882 arte
710 1816 813 1893 aliqua
831 1835 894 1881 non
914 1815 997 1894 vili,
1032 1830 1167 1889 murum,
1186 1831 1249 1875 non
1265 1810 1328 1876 srne
1336 1819 1424 1894 gravi
1435 1813 1562 1882 familiae
1582 1820 1799 1899 incommodo,

177 1913 203 1987 'n
228 1918 288 1964 nec
309 1897 492 1973 dedecente,
519 1916 624 1961 emens
645 1900 805 1962 materiam
822 1913 923 1973 aptam
939 1892 996 1959 suis
1030 1888 1064 1954 dt
1081 1889 1259 1968 quandoque
1278 1894 1375 1958 etiam
1393 1897 1509 1961 exitio.
1531 1897 1655 1964 Etenim
1681 1920 1800 1968 motta·

177 1967 377 2058 dopisiciis,
393 1994 468 2055 puta
484 1975 604 2041 colores
622 2025 632 2056 ,
648 1978 725 2042 telas
739 1976 776 2040 ad
796 1975 994 2054 pingendum,
1031 1968 1059 2033 le
1079 1968 1123 2033 est
1144 1971 1180 2035 ad
1197 1975 1297 2036 minus
1318 1991 1430 2039 contra
1448 1975 1634 2042 charitatem
1654 1977 1704 2055 se,
1730 1979 1798 2045 sua·

178 2077 207 2120 a.
230 2075 419 2139 argemum,
450 2076 591 2134 aurum,
618 2056 744 2120 calibem
772 2055 809 2119 ad
837 2055 994 2133 horologia
1030 2068 1091 2144 que.
1116 2049 1196 2143 bona
1218 2093 1227 2129 ‚
1250 2071 1370 2117 necnon
1395 2051 1627 2122 samiliamtam
1654 2061 1798 2135 gravibus
1830 2061 1833 2068 '

177 2163 186 2186 ·
229 2136 457 2213 construenda,
482 2134 543 2200 dtr.
566 2154 600 2197 ut
625 2131 994 2201 haec&s1miliaartesa·
1031 2130 1170 2204 periculis
1189 2150 1346 2207 exponere
1360 2133 1399 2198 ob
1420 2135 1542 2212 aliquod
1562 2136 1731 2213 temporale
1752 2140 1798 2205 lu·

230 2219 279 2284 fla
297 2216 414 2283 vendat
432 2220 533 2293 pretio
548 2214 626 2301 iulio
645 2216 683 2281 ad
703 2214 767 2293 sui,
797 2215 846 2280 vel
873 2212 995 2279 familiae
1028 2230 1135 2286 crum,
1154 2210 1204 2273 vel
1220 2212 1412 2276 commodum
1429 2214 1517 2293 longe
1537 2212 1664 2281 inferius
1678 2222 1798 2294 pericu·

229 2295 504 2377 sustentationem,
523 2295 818 2374 consaguineorum,
841 2297 995 2372 virginum
1030 2288 1078 2365 lo,
1101 2290 1152 2354 cui
1166 2286 1197 2353 se
1220 2294 1364 2369 exponit.
1387 2294 1493 2371 Qrare
1511 2314 1568 2361 nec
1586 2297 1654 2361 aliis
1673 2297 1717 2361 est
1733 2301 1798 2365 lici-

226 2378 491 2454 collocationem,
517 2395 683 2453 pauperum
711 2395 763 2452 per
787 2372 995 2455 eleemosynas
1030 2388 1098 2433 tum
1114 2368 1180 2434 haec
1194 2390 1317 2449 emere,
1337 2375 1409 2448 quia
1433 2373 1509 2439 dant
1527 2375 1714 2443 occasionem
1731 2400 1798 2457 pec·

229 2453 491 2533 sublevationem,
507 2454 556 2520 hic
573 2452 704 2532 proseiio
718 2454 779 2519 dici
794 2458 901 2533 nequit
916 2476 993 2520 mer·
1028 2451 1108 2515 catis
1129 2451 1349 2530 vendentium,
1368 2451 1403 2518 δι
1419 2449 1526 2519 saltem
1545 2454 1689 2522 indiredie
1708 2464 1797 2537 grtvi

226 2556 369 2604 caturam
387 2555 548 2614 exercere,
568 2556 637 2600 cum
657 2535 733 2600 talia
751 2537 922 2612 exercitia,
944 2556 993 2600 ar·
1030 2549 1138 2594 eorum
1150 2530 1292 2623 'periculo
1306 2550 1523 2612 cooperantur.
1544 2533 1593 2604 Ita
1606 2538 1639 2603 P.
1656 2537 1796 2607 Antoine

229 2615 332 2683 tificia
351 2634 523 2695 vocentur,
552 2633 570 2677 a
591 2629 653 2691 quo
669 2617 793 2680 nomine
814 2615 993 2680 denomina·
1027 2632 1099 2674 cum
1116 2611 1204 2675 alus.

228 2715 284 2764 tut
298 2691 431 2773 artifex,
450 2698 503 2773 qui
523 2715 588 2758 rem
602 2711 738 2781 emptam
752 2711 907 2759 mutatam
918 2716 993 2759 ven·
1068 2690 1233 2768 Disputant
1252 2690 1399 2773 Theologi
1420 2694 1603 2776 superculpa
1618 2719 1735 2776 eorum,
1743 2703 1795 2778 qui

230 2776 298 2855 dit,
326 2796 390 2840 non
410 2795 602 2851 praematura,
631 2779 681 2838 seu
705 2776 898 2852 negotiatio,
924 2795 992 2851 quae
1028 2769 1104 2835 talia
1129 2770 1293 2849 vendunt,
1319 2772 1400 2848 quasi
1428 2778 1577 2841 immunes
1601 2777 1662 2842 esse
1681 2796 1797 2855 queant

226 2877 292 2922 rem
314 2854 451 2922 eamdem
478 2858 631 2931 integram
653 2853 687 2918 dt
707 2857 923 2932 immutatam,
945 2856 991 2917 uti
1028 2849 1066 2913 ab
1080 2853 1165 2912 omui
1186 2868 1293 2929 reatu,
1309 2851 1525 2918 considerando
1544 2852 1795 2922 solummodohu·

177 2955 211 3010 aa
225 2939 303 3003 emit
323 2938 369 3000 ita
396 2933 520 3001 vendit.
542 2935 659 2998 Pariter
685 2952 748 2996 non
768 2931 882 2998 dicitur
906 2933 993 2999 cleri·
1028 2924 1190 2993 iuscemodi
1208 2929 1419 3012 venditiones,
1438 2953 1587 3010 quatenus
1604 2935 1714 3013 pulsant
1733 2938 1794 3004 esse

177 3037 196 3074 ο
225 3038 281 3083 cus
302 3018 546 3096 negotiationem
575 3033 740 3090 exercere,
767 3015 820 3090 qui
846 3013 992 3078 animalia
1029 3007 1272 3099 transgressiones
1292 3013 1362 3088 legis
1384 3032 1467 3078 rnere
1487 3015 1634 3095 poenalis,
1654 3017 1736 3083 unde
1746 3037 1796 3083 ta·
1837 3064 1839 3067 -
1888 3047 1891 3053 ·

177 3149 212 3265 12:
227 3177 262 3244 dt
280 3177 418 3255 siginata
438 3173 617 3251 vendenda,
637 3177 707 3249 quia
725 3172 783 3237 lsoc
798 3172 841 3236 ess
859 3174 992 3238 vendere
1027 3166 1164 3233 stiriam.
1187 3168 1301 3236 Verum
1317 3168 1339 3234 sr
1358 3172 1586 3242 considerentur
1610 3196 1700 3256 prout
1727 3181 1794 3244 vio·

177 3290 206 3333 ι,
229 3253 340 3339 pascua
359 3257 503 3334 propria,
533 3251 604 3315 idest
630 3249 741 3317 fruetus
760 3251 884 3318 suorum
907 3273 989 3333 agro
1028 3249 1094 3313 lant
1120 3252 1186 3343 iura
1201 3250 1325 3342 publica
1351 3250 1558 3333 vestigalium,
1579 3254 1613 3321 dt
1642 3260 1793 3337 praecipue
1844 3316 1849 3325 .

231 3357 322 3403 rum:
350 3354 414 3398 uon
436 3350 539 3397 tamen
559 3332 676 3396 licitum
696 3331 739 3395 eli
768 3353 853 3412 agros
878 3333 992 3398 condu·
1026 3325 1047 3389 st
1070 3328 1228 3407 vedirgalra
1249 3329 1352 3396 locata
1372 3331 1431 3396 srnt
1456 3336 1546 3401 alicui
1564 3339 1705 3417 privato,
1724 3338 1794 3402 nul·

231 3436 302 3483 cere
324 3431 382 3493 ,ut
413 3409 525 3477 fruetus
553 3412 730 3476 eorumdem
763 3413 904 3490 vendat,
936 3433 991 3477 nec
1026 3408 1090 3472 lum
1110 3410 1200 3487 plane
1218 3430 1376 3475 occurrere
1398 3412 1495 3487 potest
1518 3417 1647 3492 prudens
1669 3416 1794 3484 dubium

228 3516 308 3563 uvas
327 3514 446 3572 emere,
460 3510 496 3556 ut
517 3492 624 3556 vinum
640 3512 692 3571 per
708 3490 783 3555 alios
798 3492 992 3557 vendendum
1027 3493 1100 3631 quin
1116 3507 1295 3555 exercentes
1315 3489 1517 3559 huiuscemodi
1527 3497 1719 3563 venditiones
1728 3518 1792 3563 non

228 3572 393 3650 conficiat,
422 3592 522 3648 neque
543 3589 647 3650 greges
670 3570 784 3634 alienos
805 3572 992 3650 conducere,
1039 3569 1125 3633 olum
1141 3587 1266 3647 peccent
1283 3571 1455 3636 mortaliter
1477 3593 1588 3640 contra
1607 3576 1793 3643 charitatem

227 3673 266 3721 ut
290 3655 357 3733 lac,
376 3655 496 3727 lanam,
526 3647 668 3723 caseum,
700 3649 762 3714 &e
784 3649 916 3718 vendat:
937 3671 992 3714 ne·
1026 3646 1063 3712 ob
1083 3649 1239 3727 pericula,
1257 3649 1362 3726 quibus
1383 3648 1413 3714 se
1432 3673 1590 3730 exponunt
1609 3703 1619 3733 ,
1641 3653 1689 3720 sed
1717 3677 1793 3722 con·

227 3755 344 3813 queex
365 3733 437 3798 lana
458 3727 571 3806 proprii
591 3733 670 3807 gre'
702 3749 836 3805 pannum
852 3750 903 3807 per
922 3749 994 3805 ope·
1027 3746 1077 3817 tra
1097 3727 1243 3792 iustitiam
1264 3750 1401 3808 quoque,
1423 3731 1458 3797 dt
1477 3732 1579 3798 debito
1589 3735 1793 3801 restitutionis

226 3817 328 3881 rarios
344 3831 452 3876 texere
463 3811 502 3875 ad
517 3809 615 3874 vende
657 3828 727 3882 um‚·
744 3827 841 3884 neque
855 3812 994 3874 iumenta
1027 3810 1106 3876 bunt
1120 3808 1264 3886 obnoxii,
1284 3828 1398 3888 utpote
1423 3832 1492 3887 quar
1508 3814 1617 3878 cedant
1640 3818 1674 3880 in
1695 3815 1792 3894 publi·

226 3914 332 3960 emere
359 3890 394 3955 ad
421 3888 526 3953 eadem
556 3885 674 3952 lucrose
704 3887 848 3952 locanda.
878 3887 992 3952 Verum
1026 3910 1096 3953 curn
1112 3887 1275 3967 damnum,
1290 3890 1323 3955 dt
1348 3888 1369 3952 sr
1391 3889 1552 3969 vedigalia
1578 3891 1638 3961 fint
1659 3897 1792 3973 locata,

223 3979 311 4039 circa
341 3969 399 4034 hoc
431 3966 613 4045 postremum
645 3987 707 4031 nou
737 3966 827 4031 video
856 3970 993 4047 graviter
1026 3970 1123 4032 etiam
1144 3971 1177 4030 in
1201 3967 1345 4034 damnum
1368 3974 1657 4057 privatum‚tertii;
1678 3974 1726 4043 sed
1753 3975 1791 4040 de

227 4048 413 4129 culpabilem
427 4049 594 4125 clericum,
617 4046 780 4111 dummodo
799 4067 860 4111 non
876 4045 936 4110 siut
960 4051 991 4110 in
1027 4047 1073 4111 his
1094 4051 1156 4113 iam
1171 4044 1243 4116 satis
1261 4051 1334 4116 alias
1355 4049 1454 4117 adum
1472 4049 1532 4117 esi.

226 4153 279 4198 ma
300 4150 339 4195 na
358 4132 552 4206 quantitate,
571 4141 607 4192 ut
633 4147 694 4192 non
716 4126 793 4193 levis
820 4130 992 4206 exigeretur

227 4215 279 4276 eiu
294 4212 363 4274 dem
386 4230 484 4287 cura,
508 4206 543 4273 dt
565 4208 753 4285 occupatio,
788 4205 839 4272 vel
866 4227 906 4270 ex
935 4206 992 4273 hoc
1345 4220 1372 4282 ς.
1412 4212 1474 4279 lv.

226 4288 406 4357 scandalum
424 4293 575 4366 oriretur,
597 4288 715 4352 cumin
736 4286 782 4350 his
799 4286 938 4367 alendis,
958 4284 991 4353 ἀ

306 4370 430 4435 mandis
446 4369 531 4432 nulla
551 4371 719 4444 requiratur
736 4369 803 4431 eius
824 4365 991 4446 induslria,
1106 4373 1151 4435 De
1172 4370 1357 4450 venditione,
1384 4391 1449 4449 quae
1463 4375 1504 4453 fit
1522 4367 1648 4446 credito,
1663 4368 1716 4434 uei

241 4451 312 4517 abor
325 4498 334 4529 ,
349 4448 382 4521 ἃ
398 4451 580 4533 occupatio:
598 4468 671 4512 nam
687 4448 791 4513 allate
806 4465 988 4513 mercaturae
1245 4450 1406 4530 msicipata
1415 4450 1574 4533 saisitione.

227 4534 342 4597 vetitae
363 4529 435 4593 sunt
453 4531 578 4593 alacris
597 4526 784 4604 canonibus,
807 4529 992 4607 praecipuea
1149 4544 1152 4551 '

224 4610 375 4676 Conciliis
396 4604 681 4688 Carthaginensibus
697 4627 723 4670 t.
741 4606 774 4672 dt
795 4631 823 4688 4·
841 4608 947 4673 relatis
959 4612 992 4674 in
1065 4606 1189 4686 Duplex
1206 4611 1253 4674 hic
1275 4613 1409 4676 occurrit
1425 4608 1589 4676 difficultas
1614 4610 1793 4675 examinan-

209 4711 297 4755 .can.
327 4709 375 4753 21.
394 4711 423 4770 q.
448 4705 475 4769 3.
501 4686 576 4766 caus.
599 4708 627 4749 1.
655 4687 756 4751 Aliter
783 4708 861 4753 vero
888 4687 992 4756 dicen·
1027 4689 1084 4762 da,
1103 4710 1211 4764 nempe
1228 4711 1300 4754 num
1319 4690 1430 4767 possint
1449 4712 1496 4757 res
1511 4694 1611 4755 carius
1627 4690 1718 4756 vendi
1727 4707 1794 4753 cre-

226 4769 301 4835 dum
308 4804 326 4845 f
343 4766 365 4831 sr
391 4788 493 4849 greges
519 4784 625 4833 teneat
645 4769 678 4828 in
727 4769 834 4844 ruptiis
858 4765 992 4851 pascuis,
1027 4769 1095 4832 dito
1113 4768 1152 4832 ub
1170 4768 1301 4833 dilatam
1321 4773 1629 4849 solutionem,quam
1646 4766 1793 4848 praesente

225 4871 264 4916 ut
280 4847 392 4915 sruiius
412 4868 518 4914 eorum
545 4848 678 4925 vendat,
702 4789 790 4910 deust
812 4851 908 4915 etiam
929 4848 992 4916 sru·
1027 4864 1190 4915 numerata
1211 4852 1357 4928 pecunia,
1372 4850 1407 4917 &
1427 4872 1499 4915 num
1522 4848 1610 4927 possit
1630 4871 1676 4913 res
1700 4848 1792 4912 vilius

226 4927 291 4997 stus
311 4924 434 4997 suorum
453 4948 613 5007 agrorum,
632 4930 705 5006 quia
725 4922 838 4993 frutus
857 4933 992 5006 proprio·
1028 4930 1089 4992 emi
1114 4925 1153 4990 ob
1181 4930 1384 5006 anticipatam
1407 4929 1607 5008 solutionem,
1633 4927 1704 4992 idest
1723 4948 1793 4990 cum

211 5004 476 5095 ,msuudnrum
495 5009 661 5075 venderet.
682 5007 749 5071 imo
764 5006 838 5075 licet
857 5009 890 5072 id
914 5009 995 5085 quod
1010 5004 1127 5156 'mulso
1146 5008 1190 5083 pri
1248 5007 1384 5076 solvatur
1400 5014 1550 5089 pretium,
1565 5030 1657 5088 quam
1679 5026 1794 5073 merces

199 5106 304 5165 ,rme
326 5106 447 5159 emerat
475 5089 523 5155 ad.
538 5089 692 5166 proprium
712 5083 826 5235 usuffl
844 5085 867 5154 ss
887 5085 990 5169 super·
1032 5086 1211 5157 tradantur.
1310 5088 1609 5235 quarumtgosutioue
1628 5087 1666 5154 srt

200 5167 399 5253 astantia
414 5167 515 5239 aaut.
534 5168 644 5237 Muri.
661 5166 755 5239 Tou.
1675 5166 1759 5235 Ven-

232 5318 256 5375 ⁸⁸.
404 5338 408 5345 ,

260 5384 287 5421 „h
344 5384 349 5389 .

177 3098 196 3162 ἒ
227 3114 311 3162 emat
326 3090 589 3173 pascuissuorum
609 3093 790 3171 praediorrun
811 3093 994 3172 saginanda,
1027 3089 1069 3153 les
1086 3089 1261 3155 venditores
1281 3112 1345 3155 non
1360 3111 1486 3170 peccent
1503 3095 1610 3160 saltem
1626 3116 1739 3163 contra
1749 3100 1794 3164 iu·
1887 3150 1894 3164 .
