<?xml version="1.0" encoding="UTF-8"?>
<!DOCTYPE html PUBLIC "-//W3C//DTD XHTML 1.0 Transitional//EN"
    "http://www.w3.org/TR/xhtml1/DTD/xhtml1-transitional.dtd">
<html xmlns="http://www.w3.org/1999/xhtml" xml:lang="en" lang="en">
 <head>
  <title>
</title>
<meta http-equiv="Content-Type" content="text/html;charset=utf-8" />
  <meta name='ocr-system' content='tesseract 3.04.00' />
  <meta name='ocr-capabilities' content='ocr_page ocr_carea ocr_par ocr_line ocrx_word'/>
</head>
<body>
  <div class='ocr_page' id='page_1' title='image "./institutionesth00boragoog/institutionesth00boragoog_0204.png"; bbox 0 0 4425 6000; ppageno 0'>
   <div class='ocr_carea' id='block_1_1' title="bbox 254 491 2050 5258">
    <p class='ocr_par' dir='ltr' id='par_1_1' title="bbox 462 491 1630 591">
     <span class='ocr_line' id='line_1_1' title="bbox 462 491 1630 591; baseline 0.009 -24"><span class='ocrx_word' id='word_1_1' title='bbox 462 511 537 591; x_wconf 70' lang='grc' dir='ltr'>προ</span> <span class='ocrx_word' id='word_1_2' title='bbox 739 491 946 573; x_wconf 73' lang='lat' dir='ltr'>Tener.</span> <span class='ocrx_word' id='word_1_3' title='bbox 973 515 1044 571; x_wconf 77' lang='lat' dir='ltr'>on·</span> <span class='ocrx_word' id='word_1_4' title='bbox 1066 496 1630 578; x_wconf 64' lang='lat' dir='ltr'>consurrectum.</span> 
     </span>
    </p>

    <p class='ocr_par' dir='ltr' id='par_1_2' title="bbox 260 592 1985 2904">
     <span class='ocr_line' id='line_1_2' title="bbox 404 592 1981 688; baseline 0.009 -26"><span class='ocrx_word' id='word_1_5' title='bbox 404 596 505 682; x_wconf 15' lang='lat' dir='ltr'>&#39;talita</span> <span class='ocrx_word' id='word_1_6' title='bbox 522 592 804 686; x_wconf 73' lang='lat' dir='ltr'>retronoendr&#39;tionis</span> <span class='ocrx_word' id='word_1_7' title='bbox 818 598 934 680; x_wconf 78' lang='lat' dir='ltr'>praeoie</span> <span class='ocrx_word' id='word_1_8' title='bbox 953 595 1028 661; x_wconf 83' lang='lat' dir='ltr'>inito</span> <span class='ocrx_word' id='word_1_9' title='bbox 1045 616 1115 663; x_wconf 82' lang='lat' dir='ltr'>cum</span> <span class='ocrx_word' id='word_1_10' title='bbox 1129 594 1176 660; x_wconf 81' lang='lat' dir='ltr'>in·</span> <span class='ocrx_word' id='word_1_11' title='bbox 1208 599 1251 664; x_wconf 85' lang='lat' dir='ltr'>ell</span> <span class='ocrx_word' id='word_1_12' title='bbox 1268 600 1320 666; x_wconf 90' lang='lat' dir='ltr'>vel</span> <span class='ocrx_word' id='word_1_13' title='bbox 1337 618 1446 668; x_wconf 83' lang='lat' dir='ltr'>mutua</span> <span class='ocrx_word' id='word_1_14' title='bbox 1465 606 1636 667; x_wconf 82' lang='lat' dir='ltr'>conventio</span> <span class='ocrx_word' id='word_1_15' title='bbox 1646 603 1728 668; x_wconf 88' lang='lat' dir='ltr'>inter</span> <span class='ocrx_word' id='word_1_16' title='bbox 1741 605 1981 688; x_wconf 70' lang='lat' dir='ltr'>contrahentes,</span> 
     </span>
     <span class='ocr_line' id='line_1_3' title="bbox 405 674 1981 764; baseline 0.009 -23"><span class='ocrx_word' id='word_1_17' title='bbox 405 685 540 741; x_wconf 71' lang='lat' dir='ltr'>emtione</span> <span class='ocrx_word' id='word_1_18' title='bbox 554 677 649 741; x_wconf 79' lang='lat' dir='ltr'>lucri.</span> <span class='ocrx_word' id='word_1_19' title='bbox 669 674 803 744; x_wconf 84' lang='lat' dir='ltr'>Iniullus</span> <span class='ocrx_word' id='word_1_20' title='bbox 821 683 942 758; x_wconf 86' lang='lat' dir='ltr'>quidem</span> <span class='ocrx_word' id='word_1_21' title='bbox 957 679 1000 741; x_wconf 75' lang='lat' dir='ltr'>eli</span> <span class='ocrx_word' id='word_1_22' title='bbox 1014 678 1085 741; x_wconf 86' lang='lat' dir='ltr'>talis</span> <span class='ocrx_word' id='word_1_23' title='bbox 1100 697 1173 741; x_wconf 90' lang='lat' dir='ltr'>con·</span> <span class='ocrx_word' id='word_1_24' title='bbox 1209 680 1259 746; x_wconf 90' lang='lat' dir='ltr'>vel</span> <span class='ocrx_word' id='word_1_25' title='bbox 1276 682 1430 764; x_wconf 90' lang='lat' dir='ltr'>conditio,</span> <span class='ocrx_word' id='word_1_26' title='bbox 1451 684 1503 748; x_wconf 78' lang='lat' dir='ltr'>feu</span> <span class='ocrx_word' id='word_1_27' title='bbox 1520 681 1570 746; x_wconf 86' lang='lat' dir='ltr'>lex</span> <span class='ocrx_word' id='word_1_28' title='bbox 1589 687 1719 749; x_wconf 83' lang='lat' dir='ltr'>etiama</span> <span class='ocrx_word' id='word_1_29' title='bbox 1741 683 1807 749; x_wconf 88' lang='lat' dir='ltr'>solo</span> <span class='ocrx_word' id='word_1_30' title='bbox 1828 688 1981 755; x_wconf 86' lang='lat' dir='ltr'>vendito·</span> 
     </span>
     <span class='ocr_line' id='line_1_4' title="bbox 312 753 1979 843; baseline 0.01 -27"><span class='ocrx_word' id='word_1_31' title='bbox 312 811 314 816; x_wconf 88' lang='lat'><em>.</em></span> <span class='ocrx_word' id='word_1_32' title='bbox 405 753 519 821; x_wconf 72' lang='lat' dir='ltr'>trastus</span> <span class='ocrx_word' id='word_1_33' title='bbox 540 804 549 834; x_wconf 92' lang='lat'>,</span> <span class='ocrx_word' id='word_1_34' title='bbox 570 761 642 835; x_wconf 88' lang='lat' dir='ltr'>quia</span> <span class='ocrx_word' id='word_1_35' title='bbox 664 761 694 822; x_wconf 89' lang='lat' dir='ltr'>in</span> <span class='ocrx_word' id='word_1_36' title='bbox 721 759 808 836; x_wconf 77' lang='lat' dir='ltr'>patto</span> <span class='ocrx_word' id='word_1_37' title='bbox 823 762 904 837; x_wconf 82' lang='lat' dir='ltr'>quod</span> <span class='ocrx_word' id='word_1_38' title='bbox 926 756 1036 823; x_wconf 84' lang='lat' dir='ltr'>babent</span> <span class='ocrx_word' id='word_1_39' title='bbox 1054 758 1082 819; x_wconf 91' lang='lat' dir='ltr'>bi</span> <span class='ocrx_word' id='word_1_40' title='bbox 1100 779 1172 830; x_wconf 84' lang='lat' dir='ltr'>con·</span> <span class='ocrx_word' id='word_1_41' title='bbox 1208 782 1240 825; x_wconf 86' lang='lat' dir='ltr'>re</span> <span class='ocrx_word' id='word_1_42' title='bbox 1260 765 1429 842; x_wconf 81' lang='lat' dir='ltr'>emptioni,</span> <span class='ocrx_word' id='word_1_43' title='bbox 1450 764 1484 830; x_wconf 77' lang='lat' dir='ltr'>dt</span> <span class='ocrx_word' id='word_1_44' title='bbox 1505 764 1678 828; x_wconf 80' lang='lat' dir='ltr'>venditioni</span> <span class='ocrx_word' id='word_1_45' title='bbox 1704 765 1838 843; x_wconf 76' lang='lat' dir='ltr'>apposita</span> <span class='ocrx_word' id='word_1_46' title='bbox 1860 770 1898 830; x_wconf 88' lang='lat' dir='ltr'>ad</span> <span class='ocrx_word' id='word_1_47' title='bbox 1920 769 1979 834; x_wconf 85' lang='lat' dir='ltr'>hoc</span> 
     </span>
     <span class='ocr_line' id='line_1_5' title="bbox 406 835 1978 922; baseline 0.009 -22"><span class='ocrx_word' id='word_1_48' title='bbox 406 835 538 914; x_wconf 76' lang='lat' dir='ltr'>ttadlus,</span> <span class='ocrx_word' id='word_1_49' title='bbox 556 855 591 902; x_wconf 91' lang='lat' dir='ltr'>ot</span> <span class='ocrx_word' id='word_1_50' title='bbox 608 859 693 903; x_wconf 80' lang='lat' dir='ltr'>merx</span> <span class='ocrx_word' id='word_1_51' title='bbox 712 839 836 905; x_wconf 78' lang='lat' dir='ltr'>vendita</span> <span class='ocrx_word' id='word_1_52' title='bbox 851 842 970 904; x_wconf 88' lang='lat' dir='ltr'>credito</span> <span class='ocrx_word' id='word_1_53' title='bbox 986 855 1085 915; x_wconf 80' lang='lat' dir='ltr'>pretio</span> <span class='ocrx_word' id='word_1_54' title='bbox 1095 836 1173 902; x_wconf 79' lang='lat' dir='ltr'>sunr-</span> <span class='ocrx_word' id='word_1_55' title='bbox 1208 858 1242 906; x_wconf 91' lang='lat' dir='ltr'>ut</span> <span class='ocrx_word' id='word_1_56' title='bbox 1263 839 1317 904; x_wconf 80' lang='lat' dir='ltr'>nisi</span> <span class='ocrx_word' id='word_1_57' title='bbox 1339 845 1420 908; x_wconf 86' lang='lat' dir='ltr'>intra</span> <span class='ocrx_word' id='word_1_58' title='bbox 1440 859 1561 908; x_wconf 87' lang='lat' dir='ltr'>certum</span> <span class='ocrx_word' id='word_1_59' title='bbox 1582 861 1700 921; x_wconf 86' lang='lat' dir='ltr'>tempus</span> <span class='ocrx_word' id='word_1_60' title='bbox 1732 864 1852 922; x_wconf 83' lang='lat' dir='ltr'>emptor</span> <span class='ocrx_word' id='word_1_61' title='bbox 1876 845 1978 914; x_wconf 84' lang='lat' dir='ltr'>solve·</span> 
     </span>
     <span class='ocr_line' id='line_1_6' title="bbox 302 917 1984 1008; baseline 0.007 -28"><span class='ocrx_word' id='word_1_62' title='bbox 302 983 308 992; x_wconf 68' lang='grc'><em>,</em></span> <span class='ocrx_word' id='word_1_63' title='bbox 405 936 459 981; x_wconf 88' lang='lat' dir='ltr'>mo</span> <span class='ocrx_word' id='word_1_64' title='bbox 477 919 719 1002; x_wconf 70' lang='lat' dir='ltr'>retrovendatur</span> <span class='ocrx_word' id='word_1_65' title='bbox 733 921 840 985; x_wconf 81' lang='lat' dir='ltr'>infimo</span> <span class='ocrx_word' id='word_1_66' title='bbox 855 925 976 997; x_wconf 82' lang='lat' dir='ltr'>pretio,</span> <span class='ocrx_word' id='word_1_67' title='bbox 996 917 1172 985; x_wconf 84' lang='lat' dir='ltr'>nonlerva-</span> <span class='ocrx_word' id='word_1_68' title='bbox 1206 925 1246 986; x_wconf 89' lang='lat' dir='ltr'>rit</span> <span class='ocrx_word' id='word_1_69' title='bbox 1263 925 1412 1001; x_wconf 90' lang='lat' dir='ltr'>pretium,</span> <span class='ocrx_word' id='word_1_70' title='bbox 1429 925 1514 988; x_wconf 87' lang='lat' dir='ltr'>nulla</span> <span class='ocrx_word' id='word_1_71' title='bbox 1536 921 1574 987; x_wconf 85' lang='lat' dir='ltr'>fit</span> <span class='ocrx_word' id='word_1_72' title='bbox 1594 928 1731 1002; x_wconf 83' lang='lat' dir='ltr'>emptio,</span> <span class='ocrx_word' id='word_1_73' title='bbox 1754 925 1789 990; x_wconf 80' lang='lat' dir='ltr'>dt</span> <span class='ocrx_word' id='word_1_74' title='bbox 1810 926 1984 1008; x_wconf 77' lang='lat' dir='ltr'>venditio,</span> 
     </span>
     <span class='ocr_line' id='line_1_7' title="bbox 404 1001 1982 1081; baseline 0.008 -21"><span class='ocrx_word' id='word_1_75' title='bbox 404 1014 458 1061; x_wconf 91' lang='lat' dir='ltr'>tur</span> <span class='ocrx_word' id='word_1_76' title='bbox 475 1001 636 1074; x_wconf 80' lang='lat' dir='ltr'>aeanlitas</span> <span class='ocrx_word' id='word_1_77' title='bbox 655 1048 662 1077; x_wconf 92' lang='lat'>,</span> <span class='ocrx_word' id='word_1_78' title='bbox 680 1023 771 1077; x_wconf 83' lang='lat' dir='ltr'>quam</span> <span class='ocrx_word' id='word_1_79' title='bbox 790 1002 994 1066; x_wconf 69' lang='lat' dir='ltr'>essentialiter</span> <span class='ocrx_word' id='word_1_80' title='bbox 1009 1002 1106 1077; x_wconf 76' lang='lat' dir='ltr'>exigit</span> <span class='ocrx_word' id='word_1_81' title='bbox 1126 1002 1170 1063; x_wconf 91' lang='lat' dir='ltr'>iu·</span> <span class='ocrx_word' id='word_1_82' title='bbox 1206 1001 1323 1067; x_wconf 83' lang='lat' dir='ltr'>etiamli</span> <span class='ocrx_word' id='word_1_83' title='bbox 1346 1021 1467 1081; x_wconf 82' lang='lat' dir='ltr'>emptor</span> <span class='ocrx_word' id='word_1_84' title='bbox 1496 1024 1514 1067; x_wconf 93' lang='lat' dir='ltr'>a</span> <span class='ocrx_word' id='word_1_85' title='bbox 1544 1006 1706 1069; x_wconf 88' lang='lat' dir='ltr'>venditore</span> <span class='ocrx_word' id='word_1_86' title='bbox 1728 1012 1764 1073; x_wconf 86' lang='lat' dir='ltr'>ad</span> <span class='ocrx_word' id='word_1_87' title='bbox 1794 1003 1982 1074; x_wconf 81' lang='lat' dir='ltr'>solvendum</span> 
     </span>
     <span class='ocr_line' id='line_1_8' title="bbox 311 1076 1985 1167; baseline 0.008 -26"><span class='ocrx_word' id='word_1_88' title='bbox 311 1094 312 1099; x_wconf 74' lang='grc'>’</span> <span class='ocrx_word' id='word_1_89' title='bbox 401 1076 504 1142; x_wconf 70' lang='lat' dir='ltr'>stitia.</span> <span class='ocrx_word' id='word_1_90' title='bbox 527 1078 699 1167; x_wconf 83' lang='lat' dir='ltr'>imponitur</span> <span class='ocrx_word' id='word_1_91' title='bbox 715 1086 841 1144; x_wconf 91' lang='lat' dir='ltr'>enimin</span> <span class='ocrx_word' id='word_1_92' title='bbox 858 1081 1170 1155; x_wconf 78' lang='lat' dir='ltr'>hoccontrattnprae·</span> <span class='ocrx_word' id='word_1_93' title='bbox 1205 1104 1267 1147; x_wconf 89' lang='lat' dir='ltr'>non</span> <span class='ocrx_word' id='word_1_94' title='bbox 1287 1103 1470 1162; x_wconf 88' lang='lat' dir='ltr'>moneatur,</span> <span class='ocrx_word' id='word_1_95' title='bbox 1490 1082 1524 1148; x_wconf 89' lang='lat'>&amp;</span> <span class='ocrx_word' id='word_1_96' title='bbox 1546 1085 1780 1162; x_wconf 89' lang='lat' dir='ltr'>interpelletur,</span> <span class='ocrx_word' id='word_1_97' title='bbox 1798 1085 1856 1149; x_wconf 86' lang='lat' dir='ltr'>nist</span> <span class='ocrx_word' id='word_1_98' title='bbox 1876 1091 1985 1154; x_wconf 84' lang='lat' dir='ltr'>tamen</span> 
     </span>
     <span class='ocr_line' id='line_1_9' title="bbox 402 1159 1984 1247; baseline 0.008 -26"><span class='ocrx_word' id='word_1_99' title='bbox 402 1176 455 1221; x_wconf 86' lang='lat' dir='ltr'>rer</span> <span class='ocrx_word' id='word_1_100' title='bbox 475 1176 607 1235; x_wconf 78' lang='lat' dir='ltr'>pretium</span> <span class='ocrx_word' id='word_1_101' title='bbox 628 1159 739 1224; x_wconf 84' lang='lat' dir='ltr'>iulium</span> <span class='ocrx_word' id='word_1_102' title='bbox 769 1165 866 1226; x_wconf 88' lang='lat' dir='ltr'>etiam</span> <span class='ocrx_word' id='word_1_103' title='bbox 898 1179 975 1225; x_wconf 83' lang='lat' dir='ltr'>onus</span> <span class='ocrx_word' id='word_1_104' title='bbox 1010 1177 1170 1223; x_wconf 88' lang='lat' dir='ltr'>retroven·</span> <span class='ocrx_word' id='word_1_105' title='bbox 1205 1162 1379 1240; x_wconf 88' lang='lat' dir='ltr'>venditor,</span> <span class='ocrx_word' id='word_1_106' title='bbox 1402 1166 1436 1226; x_wconf 91' lang='lat' dir='ltr'>in</span> <span class='ocrx_word' id='word_1_107' title='bbox 1461 1168 1549 1227; x_wconf 81' lang='lat' dir='ltr'>cuius</span> <span class='ocrx_word' id='word_1_108' title='bbox 1568 1164 1862 1232; x_wconf 71' lang='lat' dir='ltr'>loliusarbitriotsl</span> <span class='ocrx_word' id='word_1_109' title='bbox 1883 1167 1984 1247; x_wconf 76' lang='lat' dir='ltr'>legem</span> 
     </span>
     <span class='ocr_line' id='line_1_10' title="bbox 400 1239 1984 1328; baseline 0.007 -27"><span class='ocrx_word' id='word_1_110' title='bbox 400 1239 492 1302; x_wconf 89' lang='lat' dir='ltr'>dendi</span> <span class='ocrx_word' id='word_1_111' title='bbox 514 1244 645 1316; x_wconf 87' lang='lat' dir='ltr'>emptori</span> <span class='ocrx_word' id='word_1_112' title='bbox 666 1243 763 1315; x_wconf 88' lang='lat' dir='ltr'>pretio</span> <span class='ocrx_word' id='word_1_113' title='bbox 784 1240 912 1317; x_wconf 83' lang='lat' dir='ltr'>infimo,</span> <span class='ocrx_word' id='word_1_114' title='bbox 929 1242 1008 1318; x_wconf 84' lang='lat' dir='ltr'>quod</span> <span class='ocrx_word' id='word_1_115' title='bbox 1025 1258 1102 1304; x_wconf 89' lang='lat' dir='ltr'>onus</span> <span class='ocrx_word' id='word_1_116' title='bbox 1125 1240 1168 1305; x_wconf 83' lang='lat' dir='ltr'>eli</span> <span class='ocrx_word' id='word_1_117' title='bbox 1203 1243 1433 1308; x_wconf 80' lang='lat' dir='ltr'>commilloriam</span> <span class='ocrx_word' id='word_1_118' title='bbox 1450 1263 1612 1323; x_wconf 78' lang='lat' dir='ltr'>exercere,</span> <span class='ocrx_word' id='word_1_119' title='bbox 1635 1248 1665 1309; x_wconf 90' lang='lat' dir='ltr'>ei</span> <span class='ocrx_word' id='word_1_120' title='bbox 1687 1250 1868 1312; x_wconf 87' lang='lat' dir='ltr'>renunciare</span> <span class='ocrx_word' id='word_1_121' title='bbox 1888 1250 1984 1328; x_wconf 82' lang='lat' dir='ltr'>velit,</span> 
     </span>
     <span class='ocr_line' id='line_1_11' title="bbox 401 1318 1981 1409; baseline 0.008 -28"><span class='ocrx_word' id='word_1_122' title='bbox 401 1322 503 1399; x_wconf 87' lang='lat' dir='ltr'>pretio</span> <span class='ocrx_word' id='word_1_123' title='bbox 523 1318 699 1384; x_wconf 76' lang='lat' dir='ltr'>aellimabile</span> <span class='ocrx_word' id='word_1_124' title='bbox 714 1369 722 1399; x_wconf 96' lang='lat'>,</span> <span class='ocrx_word' id='word_1_125' title='bbox 738 1344 808 1386; x_wconf 92' lang='lat' dir='ltr'>cum</span> <span class='ocrx_word' id='word_1_126' title='bbox 826 1344 878 1397; x_wconf 93' lang='lat' dir='ltr'>per</span> <span class='ocrx_word' id='word_1_127' title='bbox 898 1322 953 1385; x_wconf 90' lang='lat' dir='ltr'>hoc</span> <span class='ocrx_word' id='word_1_128' title='bbox 975 1320 1105 1384; x_wconf 87' lang='lat' dir='ltr'>tollatur</span> <span class='ocrx_word' id='word_1_129' title='bbox 1125 1318 1166 1385; x_wconf 87' lang='lat' dir='ltr'>fa·</span> <span class='ocrx_word' id='word_1_130' title='bbox 1203 1321 1237 1388; x_wconf 78' lang='lat' dir='ltr'>dt</span> <span class='ocrx_word' id='word_1_131' title='bbox 1258 1322 1334 1388; x_wconf 83' lang='lat' dir='ltr'>stare</span> <span class='ocrx_word' id='word_1_132' title='bbox 1352 1320 1540 1388; x_wconf 70' lang='lat' dir='ltr'>contritior.</span> <span class='ocrx_word' id='word_1_133' title='bbox 1555 1323 1612 1388; x_wconf 76' lang='lat' dir='ltr'>lte</span> <span class='ocrx_word' id='word_1_134' title='bbox 1624 1328 1829 1389; x_wconf 85' lang='lat' dir='ltr'>communiter</span> <span class='ocrx_word' id='word_1_135' title='bbox 1846 1346 1888 1391; x_wconf 84' lang='lat' dir='ltr'>err</span> <span class='ocrx_word' id='word_1_136' title='bbox 1907 1333 1981 1409; x_wconf 80' lang='lat' dir='ltr'>Leg.</span> 
     </span>
     <span class='ocr_line' id='line_1_12' title="bbox 402 1397 1983 1486; baseline 0.004 -22"><span class='ocrx_word' id='word_1_137' title='bbox 402 1397 503 1464; x_wconf 85' lang='lat' dir='ltr'>cultas</span> <span class='ocrx_word' id='word_1_138' title='bbox 530 1400 682 1463; x_wconf 87' lang='lat' dir='ltr'>retinendi</span> <span class='ocrx_word' id='word_1_139' title='bbox 712 1419 868 1478; x_wconf 83' lang='lat' dir='ltr'>mercem,</span> <span class='ocrx_word' id='word_1_140' title='bbox 909 1401 957 1466; x_wconf 76' lang='lat' dir='ltr'>vel</span> <span class='ocrx_word' id='word_1_141' title='bbox 984 1421 1053 1465; x_wconf 82' lang='lat' dir='ltr'>eum</span> <span class='ocrx_word' id='word_1_142' title='bbox 1077 1403 1167 1465; x_wconf 85' lang='lat' dir='ltr'>alteri</span> <span class='ocrx_word' id='word_1_143' title='bbox 1203 1422 1231 1464; x_wconf 84' lang='lat'>2.</span> <span class='ocrx_word' id='word_1_144' title='bbox 1253 1401 1295 1470; x_wconf 65' lang='lat' dir='ltr'>eff</span> <span class='ocrx_word' id='word_1_145' title='bbox 1316 1423 1343 1481; x_wconf 85' lang='lat'>5.</span> <span class='ocrx_word' id='word_1_146' title='bbox 1365 1403 1457 1486; x_wconf 71' lang='lat' dir='ltr'>ff-de</span> <span class='ocrx_word' id='word_1_147' title='bbox 1476 1404 1531 1483; x_wconf 76' lang='lat' dir='ltr'>teg.</span> <span class='ocrx_word' id='word_1_148' title='bbox 1556 1403 1691 1484; x_wconf 74' lang='lat' dir='ltr'>commiff.</span> <span class='ocrx_word' id='word_1_149' title='bbox 1714 1404 1747 1471; x_wconf 81' lang='lat' dir='ltr'>dt</span> <span class='ocrx_word' id='word_1_150' title='bbox 1778 1405 1881 1470; x_wconf 85' lang='lat' dir='ltr'>alibi.</span> <span class='ocrx_word' id='word_1_151' title='bbox 1910 1409 1983 1475; x_wconf 79' lang='lat' dir='ltr'>Em·</span> 
     </span>
     <span class='ocr_line' id='line_1_13' title="bbox 401 1479 1983 1563; baseline 0.008 -22"><span class='ocrx_word' id='word_1_152' title='bbox 401 1481 554 1544; x_wconf 82' lang='lat' dir='ltr'>vendendi</span> <span class='ocrx_word' id='word_1_153' title='bbox 572 1483 688 1544; x_wconf 90' lang='lat' dir='ltr'>meliori</span> <span class='ocrx_word' id='word_1_154' title='bbox 700 1488 815 1563; x_wconf 90' lang='lat' dir='ltr'>pretio,</span> <span class='ocrx_word' id='word_1_155' title='bbox 838 1479 1098 1559; x_wconf 78' lang='lat' dir='ltr'>luminoltilicet,</span> <span class='ocrx_word' id='word_1_156' title='bbox 1117 1483 1166 1546; x_wconf 91' lang='lat' dir='ltr'>vel</span> <span class='ocrx_word' id='word_1_157' title='bbox 1203 1498 1273 1560; x_wconf 89' lang='lat' dir='ltr'>ptor</span> <span class='ocrx_word' id='word_1_158' title='bbox 1290 1501 1395 1548; x_wconf 91' lang='lat' dir='ltr'>autem</span> <span class='ocrx_word' id='word_1_159' title='bbox 1412 1484 1513 1548; x_wconf 88' lang='lat' dir='ltr'>l&#39;oluto</span> <span class='ocrx_word' id='word_1_160' title='bbox 1533 1485 1589 1547; x_wconf 85' lang='lat' dir='ltr'>tali</span> <span class='ocrx_word' id='word_1_161' title='bbox 1609 1485 1767 1550; x_wconf 69' lang='lat' dir='ltr'>contritio</span> <span class='ocrx_word' id='word_1_162' title='bbox 1787 1506 1851 1551; x_wconf 89' lang='lat' dir='ltr'>non</span> <span class='ocrx_word' id='word_1_163' title='bbox 1881 1484 1983 1555; x_wconf 87' lang='lat' dir='ltr'>solum</span> 
     </span>
     <span class='ocr_line' id='line_1_14' title="bbox 400 1559 1984 1650; baseline 0.006 -27"><span class='ocrx_word' id='word_1_164' title='bbox 400 1561 523 1625; x_wconf 85' lang='lat' dir='ltr'>medio.</span> <span class='ocrx_word' id='word_1_165' title='bbox 555 1559 686 1626; x_wconf 75' lang='lat' dir='ltr'>illicitus</span> <span class='ocrx_word' id='word_1_166' title='bbox 709 1560 828 1642; x_wconf 81' lang='lat' dir='ltr'>insuper</span> <span class='ocrx_word' id='word_1_167' title='bbox 856 1565 898 1626; x_wconf 86' lang='lat' dir='ltr'>ell</span> <span class='ocrx_word' id='word_1_168' title='bbox 917 1560 1095 1650; x_wconf 72' lang='lat' dir='ltr'>contraditis</span> <span class='ocrx_word' id='word_1_169' title='bbox 1111 1566 1167 1624; x_wconf 90' lang='lat' dir='ltr'>ini·</span> <span class='ocrx_word' id='word_1_170' title='bbox 1202 1563 1325 1642; x_wconf 83' lang='lat' dir='ltr'>neddere</span> <span class='ocrx_word' id='word_1_171' title='bbox 1345 1562 1434 1628; x_wconf 88' lang='lat' dir='ltr'>debet</span> <span class='ocrx_word' id='word_1_172' title='bbox 1455 1583 1518 1627; x_wconf 84' lang='lat' dir='ltr'>tem</span> <span class='ocrx_word' id='word_1_173' title='bbox 1540 1565 1715 1640; x_wconf 85' lang='lat' dir='ltr'>venditori,</span> <span class='ocrx_word' id='word_1_174' title='bbox 1737 1564 1784 1629; x_wconf 85' lang='lat' dir='ltr'>led</span> <span class='ocrx_word' id='word_1_175' title='bbox 1805 1566 1984 1635; x_wconf 57' lang='lat' dir='ltr'>etiamfru*</span> 
     </span>
     <span class='ocr_line' id='line_1_15' title="bbox 401 1641 1984 1726; baseline 0.006 -21"><span class='ocrx_word' id='word_1_176' title='bbox 401 1653 540 1706; x_wconf 84' lang='lat' dir='ltr'>tuscum</span> <span class='ocrx_word' id='word_1_177' title='bbox 561 1643 616 1706; x_wconf 88' lang='lat' dir='ltr'>tali</span> <span class='ocrx_word' id='word_1_178' title='bbox 640 1641 750 1722; x_wconf 76' lang='lat' dir='ltr'>patto,</span> <span class='ocrx_word' id='word_1_179' title='bbox 774 1666 845 1707; x_wconf 89' lang='lat' dir='ltr'>cum</span> <span class='ocrx_word' id='word_1_180' title='bbox 867 1645 1024 1721; x_wconf 72' lang='lat' dir='ltr'>palliatam</span> <span class='ocrx_word' id='word_1_181' title='bbox 1047 1645 1167 1707; x_wconf 83' lang='lat' dir='ltr'>uluram</span> <span class='ocrx_word' id='word_1_182' title='bbox 1201 1643 1264 1708; x_wconf 78' lang='lat' dir='ltr'>dios</span> <span class='ocrx_word' id='word_1_183' title='bbox 1293 1647 1412 1709; x_wconf 84' lang='lat' dir='ltr'>interea</span> <span class='ocrx_word' id='word_1_184' title='bbox 1434 1642 1472 1706; x_wconf 89' lang='lat' dir='ltr'>ab</span> <span class='ocrx_word' id='word_1_185' title='bbox 1499 1642 1564 1718; x_wconf 89' lang='lat' dir='ltr'>ipso</span> <span class='ocrx_word' id='word_1_186' title='bbox 1588 1664 1747 1725; x_wconf 86' lang='lat' dir='ltr'>perceptos</span> <span class='ocrx_word' id='word_1_187' title='bbox 1799 1646 1834 1712; x_wconf 82' lang='lat' dir='ltr'>dt</span> <span class='ocrx_word' id='word_1_188' title='bbox 1863 1646 1984 1726; x_wconf 81' lang='lat' dir='ltr'>reliqua</span> 
     </span>
     <span class='ocr_line' id='line_1_16' title="bbox 399 1721 1982 1809; baseline 0.005 -24"><span class='ocrx_word' id='word_1_189' title='bbox 399 1725 583 1800; x_wconf 88' lang='lat' dir='ltr'>contineat,</span> <span class='ocrx_word' id='word_1_190' title='bbox 604 1744 639 1786; x_wconf 89' lang='lat' dir='ltr'>ac</span> <span class='ocrx_word' id='word_1_191' title='bbox 661 1725 729 1788; x_wconf 88' lang='lat' dir='ltr'>ideo</span> <span class='ocrx_word' id='word_1_192' title='bbox 748 1722 785 1789; x_wconf 85' lang='lat' dir='ltr'>sit</span> <span class='ocrx_word' id='word_1_193' title='bbox 808 1723 961 1788; x_wconf 86' lang='lat' dir='ltr'>usurarius</span> <span class='ocrx_word' id='word_1_194' title='bbox 978 1746 988 1798; x_wconf 90' lang='lat'>,·</span> <span class='ocrx_word' id='word_1_195' title='bbox 1007 1744 1079 1785; x_wconf 87' lang='lat' dir='ltr'>nam</span> <span class='ocrx_word' id='word_1_196' title='bbox 1102 1726 1166 1787; x_wconf 87' lang='lat' dir='ltr'>tale</span> <span class='ocrx_word' id='word_1_197' title='bbox 1201 1722 1357 1788; x_wconf 87' lang='lat' dir='ltr'>commoda</span> <span class='ocrx_word' id='word_1_198' title='bbox 1381 1773 1389 1803; x_wconf 89' lang='lat'>,</span> <span class='ocrx_word' id='word_1_199' title='bbox 1410 1721 1445 1788; x_wconf 81' lang='lat' dir='ltr'>dt</span> <span class='ocrx_word' id='word_1_200' title='bbox 1463 1721 1597 1787; x_wconf 87' lang='lat' dir='ltr'>eiusdem</span> <span class='ocrx_word' id='word_1_201' title='bbox 1618 1729 1660 1787; x_wconf 89' lang='lat' dir='ltr'>tei</span> <span class='ocrx_word' id='word_1_202' title='bbox 1678 1745 1749 1789; x_wconf 86' lang='lat' dir='ltr'>acce</span> <span class='ocrx_word' id='word_1_203' title='bbox 1774 1746 1859 1791; x_wconf 84' lang='lat' dir='ltr'>iones</span> <span class='ocrx_word' id='word_1_204' title='bbox 1871 1749 1883 1802; x_wconf 92' lang='lat'>,·</span> <span class='ocrx_word' id='word_1_205' title='bbox 1903 1732 1982 1809; x_wconf 64' lang='lat' dir='ltr'>Lego</span> 
     </span>
     <span class='ocr_line' id='line_1_17' title="bbox 399 1800 1982 1887; baseline 0.005 -23"><span class='ocrx_word' id='word_1_206' title='bbox 399 1800 520 1878; x_wconf 75' lang='lat' dir='ltr'>padium</span> <span class='ocrx_word' id='word_1_207' title='bbox 541 1800 638 1880; x_wconf 75' lang='lat' dir='ltr'>lucit,</span> <span class='ocrx_word' id='word_1_208' title='bbox 657 1802 883 1869; x_wconf 76' lang='lat' dir='ltr'>utcontradlus</span> <span class='ocrx_word' id='word_1_209' title='bbox 903 1806 1165 1869; x_wconf 88' lang='lat' dir='ltr'>litmutuumvir·</span> <span class='ocrx_word' id='word_1_210' title='bbox 1194 1805 1220 1885; x_wconf 74' lang='lat' dir='ltr'><em>fi</em></span> <span class='ocrx_word' id='word_1_211' title='bbox 1243 1802 1391 1884; x_wconf 75' lang='lat' dir='ltr'>fundar·</span> <span class='ocrx_word' id='word_1_212' title='bbox 1424 1826 1453 1883; x_wconf 81' lang='lat'>4·</span> <span class='ocrx_word' id='word_1_213' title='bbox 1473 1823 1513 1868; x_wconf 83' lang='lat' dir='ltr'>ex</span> <span class='ocrx_word' id='word_1_214' title='bbox 1537 1801 1768 1884; x_wconf 57' lang='grc'><strong><em>[1311111115.</em></strong></span> <span class='ocrx_word' id='word_1_215' title='bbox 1795 1806 1883 1870; x_wconf 74' lang='lat' dir='ltr'>nde</span> <span class='ocrx_word' id='word_1_216' title='bbox 1903 1812 1982 1887; x_wconf 68' lang='lat' dir='ltr'>Lego</span> 
     </span>
     <span class='ocr_line' id='line_1_18' title="bbox 399 1882 1983 1966; baseline 0.005 -23"><span class='ocrx_word' id='word_1_217' title='bbox 399 1883 506 1961; x_wconf 84' lang='lat' dir='ltr'>ruale,</span> <span class='ocrx_word' id='word_1_218' title='bbox 527 1886 557 1946; x_wconf 91' lang='lat' dir='ltr'>in</span> <span class='ocrx_word' id='word_1_219' title='bbox 578 1904 638 1960; x_wconf 86' lang='lat' dir='ltr'>quo</span> <span class='ocrx_word' id='word_1_220' title='bbox 654 1885 739 1949; x_wconf 87' lang='lat' dir='ltr'>ultra</span> <span class='ocrx_word' id='word_1_221' title='bbox 756 1888 871 1949; x_wconf 81' lang='lat' dir='ltr'>l&#39;ortem</span> <span class='ocrx_word' id='word_1_222' title='bbox 891 1884 1162 1962; x_wconf 81' lang='lat' dir='ltr'>aliquidexigitur.</span> <span class='ocrx_word' id='word_1_223' title='bbox 1199 1882 1340 1964; x_wconf 64' lang='lat' dir='ltr'>Commnl.</span> <span class='ocrx_word' id='word_1_224' title='bbox 1360 1883 1449 1963; x_wconf 75' lang='lat' dir='ltr'>qnia,</span> <span class='ocrx_word' id='word_1_225' title='bbox 1470 1901 1507 1948; x_wconf 92' lang='lat' dir='ltr'>ut</span> <span class='ocrx_word' id='word_1_226' title='bbox 1526 1882 1566 1947; x_wconf 91' lang='lat' dir='ltr'>ibi</span> <span class='ocrx_word' id='word_1_227' title='bbox 1588 1886 1635 1949; x_wconf 89' lang='lat' dir='ltr'>ait</span> <span class='ocrx_word' id='word_1_228' title='bbox 1657 1903 1781 1963; x_wconf 85' lang='lat' dir='ltr'>textus,</span> <span class='ocrx_word' id='word_1_229' title='bbox 1801 1887 1880 1951; x_wconf 83' lang='lat' dir='ltr'>nibil</span> <span class='ocrx_word' id='word_1_230' title='bbox 1893 1904 1983 1966; x_wconf 82' lang='lat' dir='ltr'>pem</span> 
     </span>
     <span class='ocr_line' id='line_1_19' title="bbox 321 1959 1982 2107; baseline 0.005 -84"><span class='ocrx_word' id='word_1_231' title='bbox 321 1971 324 1976; x_wconf 82' lang='lat'>&#39;</span> <span class='ocrx_word' id='word_1_232' title='bbox 400 1959 437 2023; x_wconf 80' lang='lat' dir='ltr'>ln</span> <span class='ocrx_word' id='word_1_233' title='bbox 465 1965 520 2051; x_wconf 81' lang='lat' dir='ltr'>boc</span> <span class='ocrx_word' id='word_1_234' title='bbox 541 1968 621 2025; x_wconf 90' lang='lat' dir='ltr'>enim</span> <span class='ocrx_word' id='word_1_235' title='bbox 639 1985 699 2027; x_wconf 91' lang='lat' dir='ltr'>non</span> <span class='ocrx_word' id='word_1_236' title='bbox 721 1960 803 2029; x_wconf 88' lang='lat' dir='ltr'>secus</span> <span class='ocrx_word' id='word_1_237' title='bbox 832 1962 973 2029; x_wconf 88' lang='lat' dir='ltr'>sehabet</span> <span class='ocrx_word' id='word_1_238' title='bbox 994 1964 1138 2029; x_wconf 89' lang='lat' dir='ltr'>venditor</span> <span class='ocrx_word' id='word_1_239' title='bbox 1156 2012 1165 2042; x_wconf 91' lang='lat'><strong><em>‚</em></strong></span> <span class='ocrx_word' id='word_1_240' title='bbox 1199 1985 1266 2028; x_wconf 85' lang='lat' dir='ltr'>eum</span> <span class='ocrx_word' id='word_1_241' title='bbox 1284 1964 1409 2107; x_wconf 37' lang='lat' dir='ltr'>reddere</span> <span class='ocrx_word' id='word_1_242' title='bbox 1426 1965 1515 2045; x_wconf 79' lang='lat' dir='ltr'>potest</span> <span class='ocrx_word' id='word_1_243' title='bbox 1530 1982 1569 2027; x_wconf 77' lang='lat' dir='ltr'>ex</span> <span class='ocrx_word' id='word_1_244' title='bbox 1589 1984 1621 2028; x_wconf 83' lang='lat' dir='ltr'>re</span> <span class='ocrx_word' id='word_1_245' title='bbox 1634 2011 1643 2042; x_wconf 93' lang='lat'>,</span> <span class='ocrx_word' id='word_1_246' title='bbox 1657 1964 1691 2030; x_wconf 79' lang='lat' dir='ltr'>r&#39;tt</span> <span class='ocrx_word' id='word_1_247' title='bbox 1711 1986 1769 2046; x_wconf 78' lang='lat' dir='ltr'>qua</span> <span class='ocrx_word' id='word_1_248' title='bbox 1784 1965 1982 2048; x_wconf 72' lang='lat' dir='ltr'>fidemsesel·</span> 
     </span>
     <span class='ocr_line' id='line_1_20' title="bbox 401 2042 1983 2125; baseline 0.006 -22"><span class='ocrx_word' id='word_1_249' title='bbox 401 2043 475 2104; x_wconf 84' lang='lat' dir='ltr'>aclr</span> <span class='ocrx_word' id='word_1_250' title='bbox 497 2046 645 2106; x_wconf 81' lang='lat' dir='ltr'>minorem</span> <span class='ocrx_word' id='word_1_251' title='bbox 668 2050 804 2120; x_wconf 79' lang='lat' dir='ltr'>pecuniae</span> <span class='ocrx_word' id='word_1_252' title='bbox 822 2046 967 2109; x_wconf 86' lang='lat' dir='ltr'>summam</span> <span class='ocrx_word' id='word_1_253' title='bbox 986 2046 1164 2109; x_wconf 74' lang='lat' dir='ltr'>urutuoda·</span> <span class='ocrx_word' id='word_1_254' title='bbox 1199 2042 1291 2125; x_wconf 68' lang='lat' dir='ltr'>differ.</span> <span class='ocrx_word' id='word_1_255' title='bbox 1343 2047 1465 2108; x_wconf 88' lang='lat' dir='ltr'>endiror</span> <span class='ocrx_word' id='word_1_256' title='bbox 1486 2061 1592 2107; x_wconf 77' lang='lat' dir='ltr'>tumen</span> <span class='ocrx_word' id='word_1_257' title='bbox 1621 2046 1705 2124; x_wconf 73' lang='lat' dir='ltr'>lege</span> <span class='ocrx_word' id='word_1_258' title='bbox 1734 2048 1908 2124; x_wconf 85' lang='lat' dir='ltr'>commilla,</span> <span class='ocrx_word' id='word_1_259' title='bbox 1928 2044 1983 2112; x_wconf 83' lang='lat' dir='ltr'>seu</span> 
     </span>
     <span class='ocr_line' id='line_1_21' title="bbox 401 2122 1980 2203; baseline 0.004 -19"><span class='ocrx_word' id='word_1_260' title='bbox 401 2137 469 2199; x_wconf 90' lang='lat' dir='ltr'>ret,</span> <span class='ocrx_word' id='word_1_261' title='bbox 489 2142 524 2186; x_wconf 91' lang='lat' dir='ltr'>ut</span> <span class='ocrx_word' id='word_1_262' title='bbox 545 2127 692 2187; x_wconf 85' lang='lat' dir='ltr'>maiorem</span> <span class='ocrx_word' id='word_1_263' title='bbox 712 2127 887 2203; x_wconf 85' lang='lat' dir='ltr'>reciperet,</span> <span class='ocrx_word' id='word_1_264' title='bbox 911 2122 984 2188; x_wconf 87' lang='lat' dir='ltr'>idest</span> <span class='ocrx_word' id='word_1_265' title='bbox 1005 2141 1163 2189; x_wconf 85' lang='lat' dir='ltr'>mutuaret</span> <span class='ocrx_word' id='word_1_266' title='bbox 1201 2128 1303 2200; x_wconf 86' lang='lat' dir='ltr'>pretio</span> <span class='ocrx_word' id='word_1_267' title='bbox 1325 2143 1378 2201; x_wconf 91' lang='lat' dir='ltr'>per</span> <span class='ocrx_word' id='word_1_268' title='bbox 1411 2142 1587 2200; x_wconf 87' lang='lat' dir='ltr'>emptorem</span> <span class='ocrx_word' id='word_1_269' title='bbox 1616 2127 1732 2192; x_wconf 86' lang='lat' dir='ltr'>llatuto</span> <span class='ocrx_word' id='word_1_270' title='bbox 1760 2141 1980 2203; x_wconf 87' lang='lat' dir='ltr'>temporenon</span> 
     </span>
     <span class='ocr_line' id='line_1_22' title="bbox 327 2202 1983 2282; baseline 0.002 -17"><span class='ocrx_word' id='word_1_271' title='bbox 327 2270 333 2274; x_wconf 62' lang='grc'><strong>,</strong></span> <span class='ocrx_word' id='word_1_272' title='bbox 400 2209 543 2281; x_wconf 79' lang='lat' dir='ltr'>centum,</span> <span class='ocrx_word' id='word_1_273' title='bbox 567 2221 601 2267; x_wconf 89' lang='lat' dir='ltr'>ut</span> <span class='ocrx_word' id='word_1_274' title='bbox 618 2207 649 2266; x_wconf 91' lang='lat' dir='ltr'>in</span> <span class='ocrx_word' id='word_1_275' title='bbox 669 2202 871 2270; x_wconf 69' lang='lat' dir='ltr'>l‘atisfat‘lione</span> <span class='ocrx_word' id='word_1_276' title='bbox 892 2205 983 2270; x_wconf 83' lang='lat' dir='ltr'>buius</span> <span class='ocrx_word' id='word_1_277' title='bbox 1000 2203 1093 2270; x_wconf 84' lang='lat' dir='ltr'>debiti</span> <span class='ocrx_word' id='word_1_278' title='bbox 1116 2227 1164 2270; x_wconf 91' lang='lat' dir='ltr'>re·</span> <span class='ocrx_word' id='word_1_279' title='bbox 1201 2202 1327 2282; x_wconf 88' lang='lat' dir='ltr'>soluto,</span> <span class='ocrx_word' id='word_1_280' title='bbox 1357 2202 1447 2269; x_wconf 89' lang='lat' dir='ltr'>habet</span> <span class='ocrx_word' id='word_1_281' title='bbox 1477 2204 1577 2268; x_wconf 86' lang='lat' dir='ltr'>inl&#39;ua</span> <span class='ocrx_word' id='word_1_282' title='bbox 1600 2203 1745 2269; x_wconf 84' lang='lat' dir='ltr'>libertate</span> <span class='ocrx_word' id='word_1_283' title='bbox 1815 2207 1983 2281; x_wconf 85' lang='lat' dir='ltr'>lpcetium</span> 
     </span>
     <span class='ocr_line' id='line_1_23' title="bbox 398 2282 1983 2362; baseline 0.001 -16"><span class='ocrx_word' id='word_1_284' title='bbox 398 2283 515 2359; x_wconf 77' lang='lat' dir='ltr'>ciperet</span> <span class='ocrx_word' id='word_1_285' title='bbox 535 2302 659 2348; x_wconf 87' lang='lat' dir='ltr'>centum</span> <span class='ocrx_word' id='word_1_286' title='bbox 679 2284 852 2350; x_wconf 75' lang='lat' dir='ltr'>&amp;decem</span> <span class='ocrx_word' id='word_1_287' title='bbox 1200 2282 1299 2348; x_wconf 85' lang='lat' dir='ltr'>adbuc</span> <span class='ocrx_word' id='word_1_288' title='bbox 1316 2302 1439 2362; x_wconf 85' lang='lat' dir='ltr'>petere,</span> <span class='ocrx_word' id='word_1_289' title='bbox 1460 2284 1511 2347; x_wconf 90' lang='lat' dir='ltr'>vel</span> <span class='ocrx_word' id='word_1_290' title='bbox 1537 2304 1602 2348; x_wconf 92' lang='lat' dir='ltr'>rem</span> <span class='ocrx_word' id='word_1_291' title='bbox 1615 2285 1757 2350; x_wconf 69' lang='lat' dir='ltr'>‹veodita</span> <span class='ocrx_word' id='word_1_292' title='bbox 1814 2305 1878 2350; x_wconf 85' lang='lat' dir='ltr'>una</span> <span class='ocrx_word' id='word_1_293' title='bbox 1906 2305 1983 2349; x_wconf 83' lang='lat' dir='ltr'>cum</span> 
     </span>
     <span class='ocr_line' id='line_1_24' title="bbox 262 2360 1979 2443; baseline -0.004 -10"><span class='ocrx_word' id='word_1_294' title='bbox 262 2369 378 2433; x_wconf 54' lang='grc' dir='ltr'><strong><em>(ἔω-10·</em></strong></span> <span class='ocrx_word' id='word_1_295' title='bbox 422 2365 524 2432; x_wconf 72' lang='lat' dir='ltr'>,Num</span> <span class='ocrx_word' id='word_1_296' title='bbox 542 2384 618 2427; x_wconf 89' lang='lat' dir='ltr'>vero</span> <span class='ocrx_word' id='word_1_297' title='bbox 634 2360 748 2429; x_wconf 80' lang='lat' dir='ltr'>leclulo</span> <span class='ocrx_word' id='word_1_298' title='bbox 769 2365 825 2431; x_wconf 83' lang='lat' dir='ltr'>tali</span> <span class='ocrx_word' id='word_1_299' title='bbox 848 2362 977 2429; x_wconf 84' lang='lat' dir='ltr'>oneroso</span> <span class='ocrx_word' id='word_1_300' title='bbox 997 2363 1082 2441; x_wconf 78' lang='lat' dir='ltr'>paeto</span> <span class='ocrx_word' id='word_1_301' title='bbox 1099 2413 1108 2443; x_wconf 93' lang='lat'>,</span> <span class='ocrx_word' id='word_1_302' title='bbox 1128 2363 1163 2430; x_wconf 79' lang='lat' dir='ltr'>dt</span> <span class='ocrx_word' id='word_1_303' title='bbox 1201 2362 1341 2427; x_wconf 73' lang='lat' dir='ltr'>fruiiibus</span> <span class='ocrx_word' id='word_1_304' title='bbox 1361 2381 1519 2441; x_wconf 88' lang='lat' dir='ltr'>repetere,</span> <span class='ocrx_word' id='word_1_305' title='bbox 1536 2363 1699 2427; x_wconf 88' lang='lat' dir='ltr'>dummodo</span> <span class='ocrx_word' id='word_1_306' title='bbox 1715 2362 1815 2428; x_wconf 84' lang='lat' dir='ltr'>statim</span> <span class='ocrx_word' id='word_1_307' title='bbox 1837 2362 1867 2429; x_wconf 89' lang='lat' dir='ltr'>le</span> <span class='ocrx_word' id='word_1_308' title='bbox 1882 2360 1979 2429; x_wconf 79' lang='lat' dir='ltr'>resol-</span> 
     </span>
     <span class='ocr_line' id='line_1_25' title="bbox 261 2434 1981 2524; baseline -0.001 -17"><span class='ocrx_word' id='word_1_309' title='bbox 261 2434 295 2481; x_wconf 54' lang='grc' dir='ltr'>ὼ</span> <span class='ocrx_word' id='word_1_310' title='bbox 321 2446 370 2481; x_wconf 75' lang='lat'>‘⁰¹&#39;</span> <span class='ocrx_word' id='word_1_311' title='bbox 397 2441 537 2509; x_wconf 82' lang='lat' dir='ltr'>seandalo</span> <span class='ocrx_word' id='word_1_312' title='bbox 552 2446 632 2507; x_wconf 88' lang='lat' dir='ltr'>idem</span> <span class='ocrx_word' id='word_1_313' title='bbox 648 2448 793 2511; x_wconf 89' lang='lat' dir='ltr'>venditor</span> <span class='ocrx_word' id='word_1_314' title='bbox 809 2447 892 2511; x_wconf 90' lang='lat' dir='ltr'>licite</span> <span class='ocrx_word' id='word_1_315' title='bbox 908 2465 1009 2511; x_wconf 89' lang='lat' dir='ltr'>emere</span> <span class='ocrx_word' id='word_1_316' title='bbox 1021 2445 1108 2524; x_wconf 85' lang='lat' dir='ltr'>polfit</span> <span class='ocrx_word' id='word_1_317' title='bbox 1125 2451 1163 2513; x_wconf 91' lang='lat' dir='ltr'>ab</span> <span class='ocrx_word' id='word_1_318' title='bbox 1200 2461 1252 2508; x_wconf 89' lang='lat' dir='ltr'>vat</span> <span class='ocrx_word' id='word_1_319' title='bbox 1266 2492 1275 2521; x_wconf 88' lang='lat'>,</span> <span class='ocrx_word' id='word_1_320' title='bbox 1290 2442 1325 2508; x_wconf 82' lang='lat' dir='ltr'>dt</span> <span class='ocrx_word' id='word_1_321' title='bbox 1345 2437 1436 2506; x_wconf 88' lang='lat' dir='ltr'>semel</span> <span class='ocrx_word' id='word_1_322' title='bbox 1457 2442 1613 2505; x_wconf 87' lang='lat' dir='ltr'>alterutro</span> <span class='ocrx_word' id='word_1_323' title='bbox 1628 2442 1727 2507; x_wconf 67' lang='lat' dir='ltr'>eleeto</span> <span class='ocrx_word' id='word_1_324' title='bbox 1755 2464 1817 2506; x_wconf 89' lang='lat' dir='ltr'>non</span> <span class='ocrx_word' id='word_1_325' title='bbox 1845 2444 1981 2521; x_wconf 87' lang='lat' dir='ltr'>amplius</span> 
     </span>
     <span class='ocr_line' id='line_1_26' title="bbox 261 2510 1973 2612; baseline -0.003 -22"><span class='ocrx_word' id='word_1_326' title='bbox 261 2510 536 2612; x_wconf 54' lang='lat' dir='ltr'>{lsshffssuemptore</span> <span class='ocrx_word' id='word_1_327' title='bbox 563 2528 659 2602; x_wconf 85' lang='lat' dir='ltr'>pretio</span> <span class='ocrx_word' id='word_1_328' title='bbox 686 2524 796 2590; x_wconf 83' lang='lat' dir='ltr'>infimo</span> <span class='ocrx_word' id='word_1_329' title='bbox 833 2543 994 2591; x_wconf 86' lang='lat' dir='ltr'>numerata</span> <span class='ocrx_word' id='word_1_330' title='bbox 1038 2531 1162 2603; x_wconf 86' lang='lat' dir='ltr'>pecnnia</span> <span class='ocrx_word' id='word_1_331' title='bbox 1199 2526 1322 2599; x_wconf 83' lang='lat' dir='ltr'>variet3</span> <span class='ocrx_word' id='word_1_332' title='bbox 1338 2525 1410 2602; x_wconf 80' lang='lat' dir='ltr'>Lrg.</span> <span class='ocrx_word' id='word_1_333' title='bbox 1428 2519 1582 2603; x_wconf 75' lang='lat' dir='ltr'>sssundus</span> <span class='ocrx_word' id='word_1_334' title='bbox 1601 2543 1630 2603; x_wconf 83' lang='lat'>4.</span> <span class='ocrx_word' id='word_1_335' title='bbox 1654 2519 1686 2585; x_wconf 79' lang='lat' dir='ltr'>ff.</span> <span class='ocrx_word' id='word_1_336' title='bbox 1704 2523 1814 2604; x_wconf 72' lang='lat' dir='ltr'>de&#39;lcg.</span> <span class='ocrx_word' id='word_1_337' title='bbox 1827 2522 1973 2602; x_wconf 78' lang='lat' dir='ltr'>commiss.</span> 
     </span>
     <span class='ocr_line' id='line_1_27' title="bbox 260 2602 1982 2684; baseline -0.002 -14"><span class='ocrx_word' id='word_1_338' title='bbox 260 2624 366 2676; x_wconf 64' lang='lat' dir='ltr'>ocinus.</span> <span class='ocrx_word' id='word_1_339' title='bbox 397 2603 516 2669; x_wconf 88' lang='lat' dir='ltr'>ealdem</span> <span class='ocrx_word' id='word_1_340' title='bbox 546 2625 687 2683; x_wconf 82' lang='lat' dir='ltr'>merces,</span> <span class='ocrx_word' id='word_1_341' title='bbox 722 2627 797 2684; x_wconf 85' lang='lat' dir='ltr'>quas</span> <span class='ocrx_word' id='word_1_342' title='bbox 821 2607 940 2672; x_wconf 91' lang='lat' dir='ltr'>credito</span> <span class='ocrx_word' id='word_1_343' title='bbox 965 2610 994 2669; x_wconf 90' lang='lat' dir='ltr'>ei</span> <span class='ocrx_word' id='word_1_344' title='bbox 1024 2607 1161 2673; x_wconf 79' lang='lat' dir='ltr'>vendidit</span> <span class='ocrx_word' id='word_1_345' title='bbox 1198 2602 1326 2679; x_wconf 87' lang='lat' dir='ltr'>Emptot</span> <span class='ocrx_word' id='word_1_346' title='bbox 1358 2620 1463 2665; x_wconf 82' lang='lat' dir='ltr'>tamen</span> <span class='ocrx_word' id='word_1_347' title='bbox 1490 2621 1553 2667; x_wconf 91' lang='lat' dir='ltr'>nou</span> <span class='ocrx_word' id='word_1_348' title='bbox 1575 2602 1667 2666; x_wconf 88' lang='lat' dir='ltr'>habet</span> <span class='ocrx_word' id='word_1_349' title='bbox 1687 2603 1766 2667; x_wconf 86' lang='lat' dir='ltr'>hane</span> <span class='ocrx_word' id='word_1_350' title='bbox 1791 2602 1982 2669; x_wconf 86' lang='lat' dir='ltr'>libertatem</span> 
     </span>
     <span class='ocr_line' id='line_1_28' title="bbox 425 2679 1981 2765; baseline -0.002 -17"><span class='ocrx_word' id='word_1_351' title='bbox 425 2689 505 2750; x_wconf 89' lang='lat' dir='ltr'>retio</span> <span class='ocrx_word' id='word_1_352' title='bbox 525 2683 660 2765; x_wconf 84' lang='lat' dir='ltr'>supremo</span> <span class='ocrx_word' id='word_1_353' title='bbox 682 2737 690 2764; x_wconf 91' lang='lat'>,</span> <span class='ocrx_word' id='word_1_354' title='bbox 719 2707 780 2751; x_wconf 90' lang='lat' dir='ltr'>non</span> <span class='ocrx_word' id='word_1_355' title='bbox 807 2689 998 2751; x_wconf 85' lang='lat' dir='ltr'>conveniunt</span> <span class='ocrx_word' id='word_1_356' title='bbox 1024 2688 1106 2751; x_wconf 91' lang='lat' dir='ltr'>inter</span> <span class='ocrx_word' id='word_1_357' title='bbox 1133 2684 1161 2751; x_wconf 85' lang='lat' dir='ltr'>sc</span> <span class='ocrx_word' id='word_1_358' title='bbox 1197 2682 1347 2762; x_wconf 82' lang='lat' dir='ltr'>eligendi,</span> <span class='ocrx_word' id='word_1_359' title='bbox 1364 2681 1413 2744; x_wconf 90' lang='lat' dir='ltr'>led</span> <span class='ocrx_word' id='word_1_360' title='bbox 1434 2680 1482 2745; x_wconf 88' lang='lat' dir='ltr'>hic</span> <span class='ocrx_word' id='word_1_361' title='bbox 1503 2679 1646 2758; x_wconf 71' lang='lat' dir='ltr'>praeliare</span> <span class='ocrx_word' id='word_1_362' title='bbox 1666 2681 1776 2759; x_wconf 90' lang='lat' dir='ltr'>debet,</span> <span class='ocrx_word' id='word_1_363' title='bbox 1794 2681 1874 2759; x_wconf 84' lang='lat' dir='ltr'>qriod</span> <span class='ocrx_word' id='word_1_364' title='bbox 1891 2702 1981 2754; x_wconf 66' lang='lat' dir='ltr'>ven-5</span> 
     </span>
     <span class='ocr_line' id='line_1_29' title="bbox 432 2759 1978 2904; baseline -0.002 -75"><span class='ocrx_word' id='word_1_365' title='bbox 432 2764 566 2829; x_wconf 73' lang='lat' dir='ltr'>odores.</span> <span class='ocrx_word' id='word_1_366' title='bbox 586 2765 614 2827; x_wconf 89' lang='lat' dir='ltr'>S.</span> <span class='ocrx_word' id='word_1_367' title='bbox 632 2770 715 2832; x_wconf 87' lang='lat' dir='ltr'>enim</span> <span class='ocrx_word' id='word_1_368' title='bbox 733 2769 927 2845; x_wconf 84' lang='lat' dir='ltr'>Antoninus,</span> <span class='ocrx_word' id='word_1_369' title='bbox 945 2767 1094 2844; x_wconf 83' lang='lat' dir='ltr'>Toletus,</span> <span class='ocrx_word' id='word_1_370' title='bbox 1109 2768 1162 2831; x_wconf 91' lang='lat' dir='ltr'>ali·</span> <span class='ocrx_word' id='word_1_371' title='bbox 1197 2762 1280 2851; x_wconf 78' lang='lat' dir='ltr'>ditor</span> <span class='ocrx_word' id='word_1_372' title='bbox 1296 2761 1421 2840; x_wconf 81' lang='lat' dir='ltr'>elegerit</span> <span class='ocrx_word' id='word_1_373' title='bbox 1438 2765 1506 2842; x_wconf 77' lang='lat' dir='ltr'>Lrg.</span> <span class='ocrx_word' id='word_1_374' title='bbox 1527 2778 1554 2841; x_wconf 82' lang='lat'>3·</span> <span class='ocrx_word' id='word_1_375' title='bbox 1575 2761 1615 2827; x_wconf 72' lang='lat'>(5</span> <span class='ocrx_word' id='word_1_376' title='bbox 1635 2784 1663 2840; x_wconf 76' lang='lat'>4</span> <span class='ocrx_word' id='word_1_377' title='bbox 1687 2759 1718 2825; x_wconf 86' lang='lat' dir='ltr'>ff.</span> <span class='ocrx_word' id='word_1_378' title='bbox 1739 2762 1778 2826; x_wconf 78' lang='lat' dir='ltr'>de</span> <span class='ocrx_word' id='word_1_379' title='bbox 1798 2764 1866 2904; x_wconf 47' lang='lat' dir='ltr'>Le?-</span> <span class='ocrx_word' id='word_1_380' title='bbox 1897 2780 1978 2826; x_wconf 81' lang='lat' dir='ltr'>coar·</span> 
     </span>
    </p>

    <p class='ocr_par' dir='ltr' id='par_1_3' title="bbox 399 2840 1976 2927">
     <span class='ocr_line' id='line_1_30' title="bbox 399 2840 1976 2927; baseline 0.004 -19"><span class='ocrx_word' id='word_1_381' title='bbox 399 2845 537 2911; x_wconf 83' lang='lat' dir='ltr'>vellant</span> <span class='ocrx_word' id='word_1_382' title='bbox 559 2868 614 2925; x_wconf 89' lang='lat' dir='ltr'>pto</span> <span class='ocrx_word' id='word_1_383' title='bbox 635 2866 719 2925; x_wconf 84' lang='lat' dir='ltr'>parte</span> <span class='ocrx_word' id='word_1_384' title='bbox 736 2851 904 2927; x_wconf 82' lang='lat' dir='ltr'>negativa;</span> <span class='ocrx_word' id='word_1_385' title='bbox 926 2847 978 2911; x_wconf 86' lang='lat' dir='ltr'>alii</span> <span class='ocrx_word' id='word_1_386' title='bbox 997 2867 1164 2912; x_wconf 87' lang='lat' dir='ltr'>verocom·</span> <span class='ocrx_word' id='word_1_387' title='bbox 1198 2840 1278 2921; x_wconf 64' lang='lat' dir='ltr'>miss·</span> <span class='ocrx_word' id='word_1_388' title='bbox 1300 2845 1371 2918; x_wconf 73' lang='lat' dir='ltr'>quia</span> <span class='ocrx_word' id='word_1_389' title='bbox 1391 2843 1472 2920; x_wconf 75' lang='lat' dir='ltr'>quod</span> <span class='ocrx_word' id='word_1_390' title='bbox 1491 2842 1535 2905; x_wconf 82' lang='lat' dir='ltr'>est</span> <span class='ocrx_word' id='word_1_391' title='bbox 1557 2842 1762 2906; x_wconf 72' lang='lat' dir='ltr'>introductum</span> <span class='ocrx_word' id='word_1_392' title='bbox 1783 2844 1815 2903; x_wconf 74' lang='lat' dir='ltr'>ln</span> <span class='ocrx_word' id='word_1_393' title='bbox 1847 2862 1976 2906; x_wconf 67' lang='lat' dir='ltr'>avorem</span> 
     </span>
    </p>

    <p class='ocr_par' dir='ltr' id='par_1_4' title="bbox 397 2920 1971 3006">
     <span class='ocr_line' id='line_1_31' title="bbox 397 2920 1971 3006; baseline -0.003 -16"><span class='ocrx_word' id='word_1_394' title='bbox 397 2930 533 2990; x_wconf 76' lang='lat' dir='ltr'>nimiter</span> <span class='ocrx_word' id='word_1_395' title='bbox 566 2925 721 2993; x_wconf 87' lang='lat' dir='ltr'>affirmant</span> <span class='ocrx_word' id='word_1_396' title='bbox 749 2930 833 2991; x_wconf 87' lang='lat' dir='ltr'>licite</span> <span class='ocrx_word' id='word_1_397' title='bbox 863 2929 918 2991; x_wconf 88' lang='lat' dir='ltr'>boc</span> <span class='ocrx_word' id='word_1_398' title='bbox 954 2926 1018 2990; x_wconf 87' lang='lat' dir='ltr'>fieri</span> <span class='ocrx_word' id='word_1_399' title='bbox 1057 2927 1163 3006; x_wconf 81' lang='lat' dir='ltr'>polle,</span> <span class='ocrx_word' id='word_1_400' title='bbox 1201 2922 1369 2986; x_wconf 84' lang='lat' dir='ltr'>venditoris</span> <span class='ocrx_word' id='word_1_401' title='bbox 1384 2921 1802 3000; x_wconf 87' lang='lat' dir='ltr'>cederetineiusodium,&amp;</span> <span class='ocrx_word' id='word_1_402' title='bbox 1822 2920 1971 2985; x_wconf 86' lang='lat' dir='ltr'>damnum</span> 
     </span>
    </p>

    <p class='ocr_par' dir='ltr' id='par_1_5' title="bbox 392 2999 1980 3093">
     <span class='ocr_line' id='line_1_32' title="bbox 392 2999 1980 3093; baseline -0.003 -24"><span class='ocrx_word' id='word_1_403' title='bbox 392 3006 561 3079; x_wconf 80' lang='lat' dir='ltr'>dnmmodo</span> <span class='ocrx_word' id='word_1_404' title='bbox 583 3029 643 3072; x_wconf 93' lang='lat' dir='ltr'>non</span> <span class='ocrx_word' id='word_1_405' title='bbox 665 3011 741 3073; x_wconf 80' lang='lat' dir='ltr'>adsit</span> <span class='ocrx_word' id='word_1_406' title='bbox 762 3012 863 3086; x_wconf 85' lang='lat' dir='ltr'>aliqua</span> <span class='ocrx_word' id='word_1_407' title='bbox 886 3008 955 3089; x_wconf 83' lang='lat' dir='ltr'>lex,</span> <span class='ocrx_word' id='word_1_408' title='bbox 978 3025 1014 3071; x_wconf 93' lang='lat' dir='ltr'>ut</span> <span class='ocrx_word' id='word_1_409' title='bbox 1034 3008 1162 3072; x_wconf 89' lang='lat' dir='ltr'>ellmul·</span> <span class='ocrx_word' id='word_1_410' title='bbox 1198 3005 1453 3092; x_wconf 76' lang='lat' dir='ltr'>contraregulam</span> <span class='ocrx_word' id='word_1_411' title='bbox 1469 3005 1518 3093; x_wconf 66' lang='lat' dir='ltr'>dr.</span> <span class='ocrx_word' id='word_1_412' title='bbox 1540 3005 1614 3066; x_wconf 86' lang='lat' dir='ltr'>iuris</span> <span class='ocrx_word' id='word_1_413' title='bbox 1630 3004 1663 3091; x_wconf 82' lang='lat' dir='ltr'>in</span> <span class='ocrx_word' id='word_1_414' title='bbox 1679 3005 1710 3064; x_wconf 87' lang='lat'>6.</span> <span class='ocrx_word' id='word_1_415' title='bbox 1733 3001 1784 3066; x_wconf 90' lang='lat' dir='ltr'>ubi</span> <span class='ocrx_word' id='word_1_416' title='bbox 1801 3000 1841 3064; x_wconf 80' lang='lat' dir='ltr'>sic</span> <span class='ocrx_word' id='word_1_417' title='bbox 1859 2999 1980 3091; x_wconf 59' lang='lat' dir='ltr'>:Quod</span> 
     </span>
    </p>

    <p class='ocr_par' dir='ltr' id='par_1_6' title="bbox 398 3081 1973 3172">
     <span class='ocr_line' id='line_1_33' title="bbox 398 3081 1973 3172; baseline 0.003 -30"><span class='ocrx_word' id='word_1_418' title='bbox 398 3093 442 3152; x_wconf 66' lang='lat' dir='ltr'>tis</span> <span class='ocrx_word' id='word_1_419' title='bbox 462 3091 494 3151; x_wconf 83' lang='lat' dir='ltr'>in</span> <span class='ocrx_word' id='word_1_420' title='bbox 516 3090 610 3166; x_wconf 76' lang='lat' dir='ltr'>locis,</span> <span class='ocrx_word' id='word_1_421' title='bbox 630 3111 696 3167; x_wconf 73' lang='lat' dir='ltr'>quae</span> <span class='ocrx_word' id='word_1_422' title='bbox 719 3091 779 3154; x_wconf 79' lang='lat' dir='ltr'>hoc</span> <span class='ocrx_word' id='word_1_423' title='bbox 797 3087 975 3167; x_wconf 77' lang='lat' dir='ltr'>prohibeat.</span> <span class='ocrx_word' id='word_1_424' title='bbox 995 3088 1162 3153; x_wconf 77' lang='lat' dir='ltr'>Namven-</span> <span class='ocrx_word' id='word_1_425' title='bbox 1198 3081 1231 3146; x_wconf 75' lang='grc'><strong><em>01</em></strong></span> <span class='ocrx_word' id='word_1_426' title='bbox 1241 3092 1371 3172; x_wconf 63' lang='lat' dir='ltr'>grauem</span> <span class='ocrx_word' id='word_1_427' title='bbox 1389 3083 1517 3146; x_wconf 80' lang='lat' dir='ltr'>altrum</span> <span class='ocrx_word' id='word_1_428' title='bbox 1534 3082 1718 3162; x_wconf 73' lang='lat' dir='ltr'>comeditur,</span> <span class='ocrx_word' id='word_1_429' title='bbox 1739 3103 1794 3148; x_wconf 77' lang='grc'><strong><em>11011</em></strong></span> <span class='ocrx_word' id='word_1_430' title='bbox 1813 3081 1973 3161; x_wconf 64' lang='grc'><strong><em>1111111111</em></strong></span> 
     </span>
    </p>

    <p class='ocr_par' dir='ltr' id='par_1_7' title="bbox 356 3161 2050 3645">
     <span class='ocr_line' id='line_1_34' title="bbox 399 3161 1973 3244; baseline -0.004 -14"><span class='ocrx_word' id='word_1_431' title='bbox 399 3169 482 3231; x_wconf 91' lang='lat' dir='ltr'>ditor</span> <span class='ocrx_word' id='word_1_432' title='bbox 495 3189 609 3233; x_wconf 86' lang='lat' dir='ltr'>merces</span> <span class='ocrx_word' id='word_1_433' title='bbox 628 3171 768 3234; x_wconf 88' lang='lat' dir='ltr'>vendidit</span> <span class='ocrx_word' id='word_1_434' title='bbox 787 3168 867 3233; x_wconf 83' lang='lat' dir='ltr'>iulio</span> <span class='ocrx_word' id='word_1_435' title='bbox 884 3173 1010 3244; x_wconf 87' lang='lat' dir='ltr'>pretio,</span> <span class='ocrx_word' id='word_1_436' title='bbox 1033 3167 1067 3232; x_wconf 77' lang='lat' dir='ltr'>dt</span> <span class='ocrx_word' id='word_1_437' title='bbox 1085 3169 1164 3234; x_wconf 89' lang='lat' dir='ltr'>iullo</span> <span class='ocrx_word' id='word_1_438' title='bbox 1198 3162 1384 3242; x_wconf 74' lang='lat' dir='ltr'>drlpendtum</span> <span class='ocrx_word' id='word_1_439' title='bbox 1404 3161 1649 3239; x_wconf 78' lang='lat' dir='ltr'>retorquendum.</span> <span class='ocrx_word' id='word_1_440' title='bbox 1963 3198 1973 3211; x_wconf 90' lang='lat'>-·</span> 
     </span>
     <span class='ocr_line' id='line_1_35' title="bbox 398 3236 2050 3328; baseline 0.005 -17"><span class='ocrx_word' id='word_1_441' title='bbox 398 3244 536 3312; x_wconf 83' lang='lat' dir='ltr'>similiter</span> <span class='ocrx_word' id='word_1_442' title='bbox 557 3251 657 3328; x_wconf 89' lang='lat' dir='ltr'>pretio</span> <span class='ocrx_word' id='word_1_443' title='bbox 676 3249 813 3314; x_wconf 81' lang='lat' dir='ltr'>eanidem</span> <span class='ocrx_word' id='word_1_444' title='bbox 839 3251 941 3325; x_wconf 90' lang='lat' dir='ltr'>emit,</span> <span class='ocrx_word' id='word_1_445' title='bbox 969 3248 1089 3325; x_wconf 85' lang='lat' dir='ltr'>quando</span> <span class='ocrx_word' id='word_1_446' title='bbox 1111 3268 1163 3312; x_wconf 89' lang='lat' dir='ltr'>eas</span> <span class='ocrx_word' id='word_1_447' title='bbox 1240 3242 1387 3305; x_wconf 91' lang='lat' dir='ltr'>Venditio</span> <span class='ocrx_word' id='word_1_448' title='bbox 1408 3258 1513 3306; x_wconf 69' lang='lat' dir='ltr'>wtem</span> <span class='ocrx_word' id='word_1_449' title='bbox 1535 3263 1609 3306; x_wconf 72' lang='lat' dir='ltr'>cum</span> <span class='ocrx_word' id='word_1_450' title='bbox 1634 3239 1721 3319; x_wconf 61' lang='lat'>923⁰</span> <span class='ocrx_word' id='word_1_451' title='bbox 1748 3240 1916 3306; x_wconf 62' lang='lat' dir='ltr'>addlthfllS</span> <span class='ocrx_word' id='word_1_452' title='bbox 1938 3236 1977 3304; x_wconf 58' lang='lat'>²⁸</span> <span class='ocrx_word' id='word_1_453' title='bbox 1993 3237 2050 3307; x_wconf 75' lang='lat' dir='ltr'>orit</span> 
     </span>
     <span class='ocr_line' id='line_1_36' title="bbox 398 3318 2041 3418; baseline -0.005 -26"><span class='ocrx_word' id='word_1_454' title='bbox 398 3334 475 3392; x_wconf 90' lang='lat' dir='ltr'>emit</span> <span class='ocrx_word' id='word_1_455' title='bbox 499 3335 620 3406; x_wconf 83' lang='lat' dir='ltr'>pretio,</span> <span class='ocrx_word' id='word_1_456' title='bbox 638 3351 697 3406; x_wconf 91' lang='lat' dir='ltr'>quo</span> <span class='ocrx_word' id='word_1_457' title='bbox 718 3320 768 3401; x_wconf 54' lang='lat' dir='ltr'>a&amp;</span> <span class='ocrx_word' id='word_1_458' title='bbox 784 3347 905 3407; x_wconf 84' lang='lat' dir='ltr'>quoque</span> <span class='ocrx_word' id='word_1_459' title='bbox 921 3327 997 3392; x_wconf 84' lang='lat' dir='ltr'>iulle</span> <span class='ocrx_word' id='word_1_460' title='bbox 1013 3344 1163 3407; x_wconf 90' lang='lat' dir='ltr'>emerent,</span> <span class='ocrx_word' id='word_1_461' title='bbox 1198 3321 1280 3384; x_wconf 89' lang='lat' dir='ltr'>diem</span> <span class='ocrx_word' id='word_1_462' title='bbox 1301 3341 1338 3384; x_wconf 87' lang='lat' dir='ltr'>ea</span> <span class='ocrx_word' id='word_1_463' title='bbox 1353 3321 1397 3384; x_wconf 90' lang='lat' dir='ltr'>ell</span> <span class='ocrx_word' id='word_1_464' title='bbox 1410 3368 1418 3395; x_wconf 89' lang='lat'>,</span> <span class='ocrx_word' id='word_1_465' title='bbox 1433 3342 1491 3398; x_wconf 90' lang='lat' dir='ltr'>qua</span> <span class='ocrx_word' id='word_1_466' title='bbox 1510 3342 1557 3385; x_wconf 87' lang='lat' dir='ltr'>res</span> <span class='ocrx_word' id='word_1_467' title='bbox 1584 3322 1686 3395; x_wconf 85' lang='lat' dir='ltr'>aliqua</span> <span class='ocrx_word' id='word_1_468' title='bbox 1715 3322 1863 3386; x_wconf 82' lang='lat' dir='ltr'>venditur</span> <span class='ocrx_word' id='word_1_469' title='bbox 1891 3318 1977 3397; x_wconf 77' lang='lat' dir='ltr'>patto</span> <span class='ocrx_word' id='word_1_470' title='bbox 1993 3320 2041 3418; x_wconf 57' lang='lat'>&#39;2-</span> 
     </span>
     <span class='ocr_line' id='line_1_37' title="bbox 398 3401 2050 3486; baseline -0.005 -13"><span class='ocrx_word' id='word_1_471' title='bbox 398 3411 479 3473; x_wconf 90' lang='lat' dir='ltr'>unde</span> <span class='ocrx_word' id='word_1_472' title='bbox 495 3426 570 3474; x_wconf 88' lang='lat' dir='ltr'>tunc</span> <span class='ocrx_word' id='word_1_473' title='bbox 591 3409 665 3473; x_wconf 83' lang='lat' dir='ltr'>nilnl</span> <span class='ocrx_word' id='word_1_474' title='bbox 687 3413 858 3474; x_wconf 82' lang='lat' dir='ltr'>intervenit</span> <span class='ocrx_word' id='word_1_475' title='bbox 882 3457 892 3486; x_wconf 87' lang='lat'>,</span> <span class='ocrx_word' id='word_1_476' title='bbox 917 3406 996 3486; x_wconf 88' lang='lat' dir='ltr'>quod</span> <span class='ocrx_word' id='word_1_477' title='bbox 1016 3406 1163 3471; x_wconf 90' lang='lat' dir='ltr'>iniullum</span> <span class='ocrx_word' id='word_1_478' title='bbox 1202 3401 1435 3466; x_wconf 71' lang='lat' dir='ltr'>reconditione</span> <span class='ocrx_word' id='word_1_479' title='bbox 1455 3404 1536 3466; x_wconf 87' lang='lat' dir='ltr'>inter</span> <span class='ocrx_word' id='word_1_480' title='bbox 1554 3403 1975 3467; x_wconf 85' lang='lat' dir='ltr'>contrahentesmutuocon-</span> <span class='ocrx_word' id='word_1_481' title='bbox 1990 3432 2050 3483; x_wconf 52' lang='grc' dir='ltr'>ἃ...</span> 
     </span>
     <span class='ocr_line' id='line_1_38' title="bbox 356 3480 2050 3567; baseline -0.005 -12"><span class='ocrx_word' id='word_1_482' title='bbox 356 3558 359 3565; x_wconf 75' lang='grc'>,</span> <span class='ocrx_word' id='word_1_483' title='bbox 398 3491 605 3567; x_wconf 85' lang='lat' dir='ltr'>illicitumque</span> <span class='ocrx_word' id='word_1_484' title='bbox 626 3489 732 3555; x_wconf 86' lang='lat' dir='ltr'>reddat</span> <span class='ocrx_word' id='word_1_485' title='bbox 750 3493 844 3555; x_wconf 89' lang='lat' dir='ltr'>talem</span> <span class='ocrx_word' id='word_1_486' title='bbox 860 3488 1117 3554; x_wconf 69' lang='lat' dir='ltr'>contraitumsi</span> <span class='ocrx_word' id='word_1_487' title='bbox 1130 3507 1163 3549; x_wconf 88' lang='lat' dir='ltr'>e·</span> <span class='ocrx_word' id='word_1_488' title='bbox 1200 3498 1299 3546; x_wconf 77' lang='lat' dir='ltr'>venta</span> <span class='ocrx_word' id='word_1_489' title='bbox 1319 3480 1431 3545; x_wconf 88' lang='lat' dir='ltr'>adhoc</span> <span class='ocrx_word' id='word_1_490' title='bbox 1451 3498 1487 3545; x_wconf 90' lang='lat' dir='ltr'>ut</span> <span class='ocrx_word' id='word_1_491' title='bbox 1520 3481 1611 3545; x_wconf 89' lang='lat' dir='ltr'>liceat</span> <span class='ocrx_word' id='word_1_492' title='bbox 1631 3481 1784 3545; x_wconf 88' lang='lat' dir='ltr'>venditori</span> <span class='ocrx_word' id='word_1_493' title='bbox 1806 3484 2050 3546; x_wconf 72' lang='lat' dir='ltr'>intraret-nui</span> 
     </span>
     <span class='ocr_line' id='line_1_39' title="bbox 398 3558 2050 3645; baseline -0.005 -12"><span class='ocrx_word' id='word_1_494' title='bbox 398 3574 462 3636; x_wconf 83' lang='lat' dir='ltr'>nim</span> <span class='ocrx_word' id='word_1_495' title='bbox 480 3586 540 3634; x_wconf 85' lang='lat' dir='ltr'>non</span> <span class='ocrx_word' id='word_1_496' title='bbox 557 3567 598 3633; x_wconf 81' lang='lat' dir='ltr'>est</span> <span class='ocrx_word' id='word_1_497' title='bbox 621 3569 763 3634; x_wconf 85' lang='lat' dir='ltr'>illicitum</span> <span class='ocrx_word' id='word_1_498' title='bbox 784 3572 851 3637; x_wconf 76' lang='lat' dir='ltr'>auis</span> <span class='ocrx_word' id='word_1_499' title='bbox 866 3567 1085 3635; x_wconf 83' lang='lat' dir='ltr'>emereinbmo</span> <span class='ocrx_word' id='word_1_500' title='bbox 1097 3589 1162 3645; x_wconf 88' lang='lat' dir='ltr'>pre·</span> <span class='ocrx_word' id='word_1_501' title='bbox 1200 3579 1267 3624; x_wconf 88' lang='lat' dir='ltr'>tum</span> <span class='ocrx_word' id='word_1_502' title='bbox 1284 3578 1403 3638; x_wconf 81' lang='lat' dir='ltr'>tempus</span> <span class='ocrx_word' id='word_1_503' title='bbox 1422 3609 1430 3637; x_wconf 86' lang='lat'>‚</span> <span class='ocrx_word' id='word_1_504' title='bbox 1448 3558 1469 3623; x_wconf 84' lang='lat' dir='ltr'>si</span> <span class='ocrx_word' id='word_1_505' title='bbox 1488 3563 1569 3626; x_wconf 89' lang='lat' dir='ltr'>alter</span> <span class='ocrx_word' id='word_1_506' title='bbox 1587 3578 1712 3638; x_wconf 90' lang='lat' dir='ltr'>emptor</span> <span class='ocrx_word' id='word_1_507' title='bbox 1731 3561 1975 3626; x_wconf 87' lang='lat' dir='ltr'>melioremcon·</span> <span class='ocrx_word' id='word_1_508' title='bbox 1991 3561 2050 3614; x_wconf 63' lang='lat' dir='ltr'>dim</span> 
     </span>
    </p>

    <p class='ocr_par' dir='ltr' id='par_1_8' title="bbox 399 3637 1978 3735">
     <span class='ocr_line' id='line_1_40' title="bbox 399 3637 1978 3735; baseline -0.002 -21"><span class='ocrx_word' id='word_1_509' title='bbox 399 3657 447 3731; x_wconf 77' lang='lat' dir='ltr'>tio</span> <span class='ocrx_word' id='word_1_510' title='bbox 468 3665 583 3714; x_wconf 84' lang='lat' dir='ltr'>merces</span> <span class='ocrx_word' id='word_1_511' title='bbox 608 3649 696 3713; x_wconf 87' lang='lat' dir='ltr'>alicui</span> <span class='ocrx_word' id='word_1_512' title='bbox 724 3651 892 3728; x_wconf 72' lang='lat' dir='ltr'>venditas,</span> <span class='ocrx_word' id='word_1_513' title='bbox 921 3648 1008 3712; x_wconf 92' lang='lat' dir='ltr'>nulla</span> <span class='ocrx_word' id='word_1_514' title='bbox 1036 3664 1162 3726; x_wconf 78' lang='lat' dir='ltr'>apparet</span> <span class='ocrx_word' id='word_1_515' title='bbox 1199 3642 1348 3735; x_wconf 83' lang='lat' dir='ltr'>ditionem</span> <span class='ocrx_word' id='word_1_516' title='bbox 1370 3637 1482 3707; x_wconf 84' lang='lat' dir='ltr'>offerat</span> <span class='ocrx_word' id='word_1_517' title='bbox 1502 3660 1558 3721; x_wconf 84' lang='lat' dir='ltr'>pro</span> <span class='ocrx_word' id='word_1_518' title='bbox 1578 3640 1793 3715; x_wconf 66' lang='lat' dir='ltr'>102detulus</span> <span class='ocrx_word' id='word_1_519' title='bbox 1817 3639 1978 3711; x_wconf 86' lang='lat' dir='ltr'>venditio·</span> 
     </span>
    </p>

    <p class='ocr_par' dir='ltr' id='par_1_9' title="bbox 398 3719 1976 3806">
     <span class='ocr_line' id='line_1_41' title="bbox 398 3719 1976 3806; baseline 0 -8"><span class='ocrx_word' id='word_1_520' title='bbox 398 3734 483 3798; x_wconf 83' lang='lat' dir='ltr'>ratio</span> <span class='ocrx_word' id='word_1_521' title='bbox 498 3752 553 3795; x_wconf 89' lang='lat' dir='ltr'>cur</span> <span class='ocrx_word' id='word_1_522' title='bbox 574 3732 679 3794; x_wconf 89' lang='lat' dir='ltr'>eodem</span> <span class='ocrx_word' id='word_1_523' title='bbox 700 3735 801 3806; x_wconf 88' lang='lat' dir='ltr'>pretio</span> <span class='ocrx_word' id='word_1_524' title='bbox 822 3749 884 3795; x_wconf 90' lang='lat' dir='ltr'>oon</span> <span class='ocrx_word' id='word_1_525' title='bbox 907 3727 994 3806; x_wconf 83' lang='lat' dir='ltr'>poffit</span> <span class='ocrx_word' id='word_1_526' title='bbox 1009 3748 1062 3791; x_wconf 84' lang='lat' dir='ltr'>eas</span> <span class='ocrx_word' id='word_1_527' title='bbox 1078 3728 1164 3793; x_wconf 89' lang='lat' dir='ltr'>licite</span> <span class='ocrx_word' id='word_1_528' title='bbox 1201 3740 1239 3784; x_wconf 83' lang='lat' dir='ltr'>ne</span> <span class='ocrx_word' id='word_1_529' title='bbox 1256 3721 1553 3789; x_wconf 80' lang='lat' dir='ltr'>iaminitnsestcnm</span> <span class='ocrx_word' id='word_1_530' title='bbox 1570 3719 1876 3798; x_wconf 71' lang='lat' dir='ltr'>vrlm0⁶0⁰tf³st¹¹⁸r</span> <span class='ocrx_word' id='word_1_531' title='bbox 1895 3739 1976 3785; x_wconf 71' lang='lat'><strong>“¹¹²¹</strong></span> 
     </span>
    </p>

    <p class='ocr_par' dir='ltr' id='par_1_10' title="bbox 398 3793 1977 3895">
     <span class='ocr_line' id='line_1_42' title="bbox 398 3793 1977 3895; baseline -0.001 -16"><span class='ocrx_word' id='word_1_532' title='bbox 398 3803 500 3879; x_wconf 71' lang='lat' dir='ltr'>emere</span> <span class='ocrx_word' id='word_1_533' title='bbox 517 3809 576 3885; x_wconf 84' lang='lat' dir='ltr'>ipse</span> <span class='ocrx_word' id='word_1_534' title='bbox 595 3809 756 3888; x_wconf 87' lang='lat' dir='ltr'>venditor,</span> <span class='ocrx_word' id='word_1_535' title='bbox 775 3813 824 3887; x_wconf 91' lang='lat' dir='ltr'>qui</span> <span class='ocrx_word' id='word_1_536' title='bbox 837 3809 978 3886; x_wconf 86' lang='lat' dir='ltr'>relinquit</span> <span class='ocrx_word' id='word_1_537' title='bbox 995 3826 1164 3887; x_wconf 80' lang='lat' dir='ltr'>emptorem</span> <span class='ocrx_word' id='word_1_538' title='bbox 1199 3800 1792 3895; x_wconf 58' lang='grc' dir='ltr'><strong><em>1111111111νθηᾶεῐεῖθίΰῦἆοῑωβῐθῐί</em></strong></span> <span class='ocrx_word' id='word_1_539' title='bbox 1814 3801 1881 3879; x_wconf 67' lang='lat' dir='ltr'>Plu·</span> <span class='ocrx_word' id='word_1_540' title='bbox 1900 3793 1977 3889; x_wconf 60' lang='lat' dir='ltr'>⁰ff5·</span> 
     </span>
    </p>

    <p class='ocr_par' dir='ltr' id='par_1_11' title="bbox 399 3879 1975 3974">
     <span class='ocr_line' id='line_1_43' title="bbox 399 3879 1975 3974; baseline -0.003 -22"><span class='ocrx_word' id='word_1_541' title='bbox 399 3892 432 3958; x_wconf 74' lang='lat' dir='ltr'>iii</span> <span class='ocrx_word' id='word_1_542' title='bbox 454 3886 637 3969; x_wconf 79' lang='lat' dir='ltr'>plenissima,</span> <span class='ocrx_word' id='word_1_543' title='bbox 657 3888 690 3955; x_wconf 72' lang='grc' dir='ltr'>ἃ</span> <span class='ocrx_word' id='word_1_544' title='bbox 709 3890 847 3957; x_wconf 88' lang='lat' dir='ltr'>absoluta</span> <span class='ocrx_word' id='word_1_545' title='bbox 868 3889 1035 3968; x_wconf 88' lang='lat' dir='ltr'>libertate,</span> <span class='ocrx_word' id='word_1_546' title='bbox 1056 3906 1090 3952; x_wconf 91' lang='lat' dir='ltr'>ut</span> <span class='ocrx_word' id='word_1_547' title='bbox 1112 3908 1165 3952; x_wconf 88' lang='lat' dir='ltr'>eas</span> <span class='ocrx_word' id='word_1_548' title='bbox 1201 3899 1301 3971; x_wconf 79' lang='lat' dir='ltr'>renti.</span> <span class='ocrx_word' id='word_1_549' title='bbox 1328 3879 1378 3970; x_wconf 73' lang='lat' dir='ltr'>lta</span> <span class='ocrx_word' id='word_1_550' title='bbox 1403 3885 1606 3947; x_wconf 87' lang='lat' dir='ltr'>communiter</span> <span class='ocrx_word' id='word_1_551' title='bbox 1631 3900 1670 3946; x_wconf 81' lang='lat' dir='ltr'>ex</span> <span class='ocrx_word' id='word_1_552' title='bbox 1689 3884 1761 3961; x_wconf 75' lang='lat' dir='ltr'>Leg.</span> <span class='ocrx_word' id='word_1_553' title='bbox 1786 3881 1865 3963; x_wconf 77' lang='lat' dir='ltr'>¹·ffi</span> <span class='ocrx_word' id='word_1_554' title='bbox 1887 3879 1975 3974; x_wconf 67' lang='grc'><strong><em>111111</em></strong></span> 
     </span>
    </p>

    <p class='ocr_par' dir='ltr' id='par_1_12' title="bbox 399 3959 1975 4049">
     <span class='ocr_line' id='line_1_44' title="bbox 399 3959 1975 4049; baseline -0.006 -16"><span class='ocrx_word' id='word_1_555' title='bbox 399 3966 452 4039; x_wconf 77' lang='lat' dir='ltr'>libi</span> <span class='ocrx_word' id='word_1_556' title='bbox 471 3973 625 4049; x_wconf 84' lang='lat' dir='ltr'>retineat,</span> <span class='ocrx_word' id='word_1_557' title='bbox 649 3968 701 4033; x_wconf 89' lang='lat' dir='ltr'>vel</span> <span class='ocrx_word' id='word_1_558' title='bbox 731 3971 820 4035; x_wconf 81' lang='lat' dir='ltr'>alteri</span> <span class='ocrx_word' id='word_1_559' title='bbox 845 3989 1036 4047; x_wconf 79' lang='lat' dir='ltr'>quocumque</span> <span class='ocrx_word' id='word_1_560' title='bbox 1066 3971 1166 4045; x_wconf 89' lang='lat' dir='ltr'>pretio</span> <span class='ocrx_word' id='word_1_561' title='bbox 1200 3962 1278 4025; x_wconf 81' lang='lat' dir='ltr'>diem</span> <span class='ocrx_word' id='word_1_562' title='bbox 1297 3961 1392 4025; x_wconf 81' lang='lat' dir='ltr'>addit.</span> <span class='ocrx_word' id='word_1_563' title='bbox 1404 3961 1570 4027; x_wconf 89' lang='lat' dir='ltr'>ldeoenim</span> <span class='ocrx_word' id='word_1_564' title='bbox 1584 3961 1863 4032; x_wconf 77' lang='lat' dir='ltr'>diciturtadditioin</span> <span class='ocrx_word' id='word_1_565' title='bbox 1875 3959 1975 4038; x_wconf 77' lang='grc' dir='ltr'>ἀιαιι,</span> 
     </span>
    </p>

    <p class='ocr_par' dir='ltr' id='par_1_13' title="bbox 397 4039 1976 4126">
     <span class='ocr_line' id='line_1_45' title="bbox 397 4039 1976 4126; baseline 0.001 -25"><span class='ocrx_word' id='word_1_566' title='bbox 397 4051 536 4125; x_wconf 60' lang='lat' dir='ltr'>vendat.</span> <span class='ocrx_word' id='word_1_567' title='bbox 567 4050 648 4126; x_wconf 52' lang='lat' dir='ltr'>Nam</span> <span class='ocrx_word' id='word_1_568' title='bbox 667 4053 696 4111; x_wconf 71' lang='grc' dir='ltr'>1η</span> <span class='ocrx_word' id='word_1_569' title='bbox 720 4050 773 4115; x_wconf 71' lang='lat' dir='ltr'>tali</span> <span class='ocrx_word' id='word_1_570' title='bbox 791 4048 861 4115; x_wconf 65' lang='lat' dir='ltr'>casn</span> <span class='ocrx_word' id='word_1_571' title='bbox 887 4047 1103 4115; x_wconf 68' lang='lat' dir='ltr'>statimetiam</span> <span class='ocrx_word' id='word_1_572' title='bbox 1133 4069 1164 4112; x_wconf 78' lang='lat' dir='ltr'>e·</span> <span class='ocrx_word' id='word_1_573' title='bbox 1200 4045 1269 4120; x_wconf 89' lang='lat' dir='ltr'>quia</span> <span class='ocrx_word' id='word_1_574' title='bbox 1289 4062 1415 4106; x_wconf 86' lang='lat' dir='ltr'>resnou</span> <span class='ocrx_word' id='word_1_575' title='bbox 1440 4040 1546 4106; x_wconf 89' lang='lat' dir='ltr'>llatim</span> <span class='ocrx_word' id='word_1_576' title='bbox 1565 4040 1744 4119; x_wconf 80' lang='lat' dir='ltr'>addicitur,</span> <span class='ocrx_word' id='word_1_577' title='bbox 1773 4040 1825 4107; x_wconf 87' lang='lat' dir='ltr'>seu</span> <span class='ocrx_word' id='word_1_578' title='bbox 1853 4039 1976 4116; x_wconf 82' lang='lat' dir='ltr'>dator,</span> 
     </span>
    </p>

    <p class='ocr_par' dir='ltr' id='par_1_14' title="bbox 399 4119 1977 4209">
     <span class='ocr_line' id='line_1_46' title="bbox 399 4119 1977 4209; baseline -0.006 -14"><span class='ocrx_word' id='word_1_579' title='bbox 399 4131 512 4199; x_wconf 85' lang='lat' dir='ltr'>mendo</span> <span class='ocrx_word' id='word_1_580' title='bbox 532 4126 649 4193; x_wconf 82' lang='lat' dir='ltr'>easdem</span> <span class='ocrx_word' id='word_1_581' title='bbox 665 4134 796 4209; x_wconf 79' lang='lat' dir='ltr'>merces,</span> <span class='ocrx_word' id='word_1_582' title='bbox 817 4149 853 4195; x_wconf 84' lang='lat' dir='ltr'>ut</span> <span class='ocrx_word' id='word_1_583' title='bbox 869 4131 931 4194; x_wconf 85' lang='lat' dir='ltr'>iam</span> <span class='ocrx_word' id='word_1_584' title='bbox 953 4128 1163 4207; x_wconf 79' lang='lat' dir='ltr'>supponimus,</span> <span class='ocrx_word' id='word_1_585' title='bbox 1202 4138 1256 4187; x_wconf 87' lang='lat' dir='ltr'>aut</span> <span class='ocrx_word' id='word_1_586' title='bbox 1283 4120 1440 4200; x_wconf 76' lang='lat' dir='ltr'>obligatur</span> <span class='ocrx_word' id='word_1_587' title='bbox 1466 4122 1737 4199; x_wconf 84' lang='lat' dir='ltr'>irrevocabiliter,</span> <span class='ocrx_word' id='word_1_588' title='bbox 1764 4119 1799 4187; x_wconf 73' lang='grc' dir='ltr'>ἀ</span> <span class='ocrx_word' id='word_1_589' title='bbox 1828 4137 1977 4197; x_wconf 87' lang='lat' dir='ltr'>perpetuo</span> 
     </span>
    </p>

    <p class='ocr_par' dir='ltr' id='par_1_15' title="bbox 399 4200 1977 4290">
     <span class='ocr_line' id='line_1_47' title="bbox 399 4200 1977 4290; baseline -0.001 -11"><span class='ocrx_word' id='word_1_590' title='bbox 399 4210 453 4279; x_wconf 87' lang='lat' dir='ltr'>sibi</span> <span class='ocrx_word' id='word_1_591' title='bbox 473 4209 589 4274; x_wconf 87' lang='lat' dir='ltr'>oblatas</span> <span class='ocrx_word' id='word_1_592' title='bbox 611 4206 647 4273; x_wconf 91' lang='lat' dir='ltr'>ab</span> <span class='ocrx_word' id='word_1_593' title='bbox 669 4229 823 4290; x_wconf 89' lang='lat' dir='ltr'>emptore,</span> <span class='ocrx_word' id='word_1_594' title='bbox 839 4210 984 4275; x_wconf 89' lang='lat' dir='ltr'>venditor</span> <span class='ocrx_word' id='word_1_595' title='bbox 993 4225 1166 4287; x_wconf 89' lang='lat' dir='ltr'>emptorem</span> <span class='ocrx_word' id='word_1_596' title='bbox 1202 4204 1300 4280; x_wconf 82' lang='lat' dir='ltr'>ptimo</span> <span class='ocrx_word' id='word_1_597' title='bbox 1314 4205 1472 4282; x_wconf 90' lang='lat' dir='ltr'>emptori,</span> <span class='ocrx_word' id='word_1_598' title='bbox 1494 4200 1542 4266; x_wconf 89' lang='lat' dir='ltr'>led</span> <span class='ocrx_word' id='word_1_599' title='bbox 1563 4204 1595 4264; x_wconf 86' lang='lat' dir='ltr'>in</span> <span class='ocrx_word' id='word_1_600' title='bbox 1614 4202 1698 4267; x_wconf 72' lang='lat' dir='ltr'>diem</span> <span class='ocrx_word' id='word_1_601' title='bbox 1723 4249 1732 4277; x_wconf 65' lang='grc' dir='ltr'>ι</span> <span class='ocrx_word' id='word_1_602' title='bbox 1765 4200 1840 4265; x_wconf 70' lang='lat' dir='ltr'>idest</span> <span class='ocrx_word' id='word_1_603' title='bbox 1858 4201 1896 4265; x_wconf 64' lang='lat' dir='ltr'>td</span> <span class='ocrx_word' id='word_1_604' title='bbox 1912 4219 1977 4264; x_wconf 68' lang='lat'>⁶²¹·</span> 
     </span>
    </p>

    <p class='ocr_par' dir='ltr' id='par_1_16' title="bbox 398 4282 1979 4372">
     <span class='ocr_line' id='line_1_48' title="bbox 398 4282 1979 4372; baseline -0.006 -18"><span class='ocrx_word' id='word_1_605' title='bbox 398 4314 461 4359; x_wconf 89' lang='lat' dir='ltr'>non</span> <span class='ocrx_word' id='word_1_606' title='bbox 478 4309 608 4369; x_wconf 82' lang='lat' dir='ltr'>gravat,</span> <span class='ocrx_word' id='word_1_607' title='bbox 627 4284 675 4351; x_wconf 89' lang='lat' dir='ltr'>sed</span> <span class='ocrx_word' id='word_1_608' title='bbox 698 4293 799 4364; x_wconf 88' lang='lat' dir='ltr'>potius</span> <span class='ocrx_word' id='word_1_609' title='bbox 818 4310 889 4354; x_wconf 90' lang='lat' dir='ltr'>eum</span> <span class='ocrx_word' id='word_1_610' title='bbox 906 4289 1015 4354; x_wconf 82' lang='lat' dir='ltr'>liberat</span> <span class='ocrx_word' id='word_1_611' title='bbox 1034 4288 1072 4353; x_wconf 87' lang='lat' dir='ltr'>ab</span> <span class='ocrx_word' id='word_1_612' title='bbox 1091 4309 1165 4354; x_wconf 90' lang='lat' dir='ltr'>one·</span> <span class='ocrx_word' id='word_1_613' title='bbox 1202 4302 1268 4346; x_wconf 84' lang='lat' dir='ltr'>tum</span> <span class='ocrx_word' id='word_1_614' title='bbox 1291 4299 1410 4360; x_wconf 91' lang='lat' dir='ltr'>tempus</span> <span class='ocrx_word' id='word_1_615' title='bbox 1428 4286 1532 4360; x_wconf 89' lang='lat' dir='ltr'>‚intra</span> <span class='ocrx_word' id='word_1_616' title='bbox 1551 4282 1669 4360; x_wconf 85' lang='lat' dir='ltr'>quodsi</span> <span class='ocrx_word' id='word_1_617' title='bbox 1691 4282 1798 4347; x_wconf 89' lang='lat' dir='ltr'>nullus</span> <span class='ocrx_word' id='word_1_618' title='bbox 1814 4282 1895 4345; x_wconf 87' lang='lat' dir='ltr'>alius</span> <span class='ocrx_word' id='word_1_619' title='bbox 1914 4301 1979 4372; x_wconf 76' lang='lat' dir='ltr'>em·</span> 
     </span>
    </p>

    <p class='ocr_par' dir='ltr' id='par_1_17' title="bbox 399 4359 1978 4451">
     <span class='ocr_line' id='line_1_49' title="bbox 399 4359 1978 4451; baseline -0.006 -19"><span class='ocrx_word' id='word_1_620' title='bbox 399 4370 646 4449; x_wconf 70' lang='lat' dir='ltr'>componendi,</span> <span class='ocrx_word' id='word_1_621' title='bbox 669 4367 703 4433; x_wconf 81' lang='lat' dir='ltr'>dt</span> <span class='ocrx_word' id='word_1_622' title='bbox 718 4364 819 4451; x_wconf 82' lang='lat' dir='ltr'>lorl&#39;an</span> <span class='ocrx_word' id='word_1_623' title='bbox 835 4389 897 4434; x_wconf 94' lang='lat' dir='ltr'>non</span> <span class='ocrx_word' id='word_1_624' title='bbox 918 4367 981 4435; x_wconf 82' lang='lat' dir='ltr'>line</span> <span class='ocrx_word' id='word_1_625' title='bbox 1000 4374 1088 4450; x_wconf 77' lang='lat' dir='ltr'>gravi</span> <span class='ocrx_word' id='word_1_626' title='bbox 1110 4366 1166 4436; x_wconf 89' lang='lat' dir='ltr'>suo</span> <span class='ocrx_word' id='word_1_627' title='bbox 1202 4381 1273 4442; x_wconf 92' lang='lat' dir='ltr'>ptor</span> <span class='ocrx_word' id='word_1_628' title='bbox 1298 4379 1446 4440; x_wconf 81' lang='lat' dir='ltr'>appareat</span> <span class='ocrx_word' id='word_1_629' title='bbox 1473 4366 1522 4440; x_wconf 92' lang='lat' dir='ltr'>qui</span> <span class='ocrx_word' id='word_1_630' title='bbox 1550 4363 1711 4429; x_wconf 91' lang='lat' dir='ltr'>meliorem</span> <span class='ocrx_word' id='word_1_631' title='bbox 1738 4359 1850 4427; x_wconf 78' lang='lat' dir='ltr'>offerat</span> <span class='ocrx_word' id='word_1_632' title='bbox 1869 4359 1978 4427; x_wconf 88' lang='lat' dir='ltr'>condr-</span> 
     </span>
    </p>

    <p class='ocr_par' dir='ltr' id='par_1_18' title="bbox 317 4441 1978 4528">
     <span class='ocr_line' id='line_1_50' title="bbox 317 4441 1978 4528; baseline -0.005 -12"><span class='ocrx_word' id='word_1_633' title='bbox 317 4470 321 4477; x_wconf 87' lang='lat'>·</span> <span class='ocrx_word' id='word_1_634' title='bbox 397 4451 592 4519; x_wconf 84' lang='lat' dir='ltr'>incommodo</span> <span class='ocrx_word' id='word_1_635' title='bbox 608 4447 683 4514; x_wconf 86' lang='lat' dir='ltr'>alios</span> <span class='ocrx_word' id='word_1_636' title='bbox 698 4462 874 4528; x_wconf 80' lang='lat' dir='ltr'>emptores.</span> <span class='ocrx_word' id='word_1_637' title='bbox 1203 4445 1340 4517; x_wconf 85' lang='lat' dir='ltr'>tionem,</span> <span class='ocrx_word' id='word_1_638' title='bbox 1363 4441 1434 4504; x_wconf 71' lang='lat' dir='ltr'>idest</span> <span class='ocrx_word' id='word_1_639' title='bbox 1451 4465 1520 4520; x_wconf 78' lang='lat' dir='ltr'>quar</span> <span class='ocrx_word' id='word_1_640' title='bbox 1537 4446 1632 4522; x_wconf 75' lang='lat' dir='ltr'>magis</span> <span class='ocrx_word' id='word_1_641' title='bbox 1653 4444 1738 4509; x_wconf 82' lang='lat' dir='ltr'>utilis</span> <span class='ocrx_word' id='word_1_642' title='bbox 1757 4442 1817 4518; x_wconf 80' lang='lat' dir='ltr'>lit,</span> <span class='ocrx_word' id='word_1_643' title='bbox 1838 4444 1868 4507; x_wconf 81' lang='lat' dir='ltr'>br</span> <span class='ocrx_word' id='word_1_644' title='bbox 1893 4458 1978 4505; x_wconf 84' lang='lat' dir='ltr'>com·</span> 
     </span>
    </p>

    <p class='ocr_par' dir='ltr' id='par_1_19' title="bbox 1201 4520 2016 4601">
     <span class='ocr_line' id='line_1_51' title="bbox 1201 4520 2016 4601; baseline -0.004 -17"><span class='ocrx_word' id='word_1_645' title='bbox 1201 4522 1287 4585; x_wconf 87' lang='lat' dir='ltr'>moda</span> <span class='ocrx_word' id='word_1_646' title='bbox 1307 4521 1479 4601; x_wconf 88' lang='lat' dir='ltr'>venditori,</span> <span class='ocrx_word' id='word_1_647' title='bbox 1501 4523 1655 4591; x_wconf 86' lang='lat' dir='ltr'>addicitur</span> <span class='ocrx_word' id='word_1_648' title='bbox 1681 4524 1828 4601; x_wconf 88' lang='lat' dir='ltr'>tandem,</span> <span class='ocrx_word' id='word_1_649' title='bbox 1846 4522 1900 4586; x_wconf 91' lang='lat' dir='ltr'>leu</span> <span class='ocrx_word' id='word_1_650' title='bbox 1925 4520 1979 4582; x_wconf 80' lang='lat' dir='ltr'>da·</span> <span class='ocrx_word' id='word_1_651' title='bbox 2014 4533 2016 4537; x_wconf 86' lang='grc'><em>·</em></span> 
     </span>
    </p>

    <p class='ocr_par' dir='ltr' id='par_1_20' title="bbox 709 4599 1978 4682">
     <span class='ocr_line' id='line_1_52' title="bbox 709 4599 1978 4682; baseline -0.002 -17"><span class='ocrx_word' id='word_1_652' title='bbox 709 4616 738 4677; x_wconf 73' lang='grc' dir='ltr'>ς.</span> <span class='ocrx_word' id='word_1_653' title='bbox 781 4607 855 4674; x_wconf 84' lang='lat'><em>111.</em></span> <span class='ocrx_word' id='word_1_654' title='bbox 1201 4619 1254 4667; x_wconf 92' lang='lat' dir='ltr'>tur</span> <span class='ocrx_word' id='word_1_655' title='bbox 1273 4599 1372 4665; x_wconf 90' lang='lat' dir='ltr'>eidem</span> <span class='ocrx_word' id='word_1_656' title='bbox 1393 4622 1559 4682; x_wconf 87' lang='lat' dir='ltr'>perpetuo,</span> <span class='ocrx_word' id='word_1_657' title='bbox 1579 4606 1614 4670; x_wconf 77' lang='lat' dir='ltr'>dc</span> <span class='ocrx_word' id='word_1_658' title='bbox 1638 4605 1884 4669; x_wconf 86' lang='lat' dir='ltr'>irrevocabiliter</span> <span class='ocrx_word' id='word_1_659' title='bbox 1905 4605 1978 4678; x_wconf 68' lang='lat' dir='ltr'>Lep.</span> 
     </span>
    </p>

    <p class='ocr_par' dir='ltr' id='par_1_21' title="bbox 1202 4680 1978 4763">
     <span class='ocr_line' id='line_1_53' title="bbox 1202 4680 1978 4763; baseline -0.001 -19"><span class='ocrx_word' id='word_1_660' title='bbox 1202 4680 1348 4763; x_wconf 76' lang='lat' dir='ltr'>quidquid</span> <span class='ocrx_word' id='word_1_661' title='bbox 1369 4703 1395 4759; x_wconf 89' lang='lat'>5.</span> <span class='ocrx_word' id='word_1_662' title='bbox 1417 4683 1451 4749; x_wconf 84' lang='lat' dir='ltr'>ff.</span> <span class='ocrx_word' id='word_1_663' title='bbox 1471 4684 1557 4750; x_wconf 82' lang='lat' dir='ltr'>dein</span> <span class='ocrx_word' id='word_1_664' title='bbox 1572 4687 1652 4752; x_wconf 82' lang='lat' dir='ltr'>diem</span> <span class='ocrx_word' id='word_1_665' title='bbox 1666 4686 1762 4751; x_wconf 81' lang='lat' dir='ltr'>addit.</span> <span class='ocrx_word' id='word_1_666' title='bbox 1780 4683 1978 4749; x_wconf 84' lang='lat' dir='ltr'>undesiven·</span> 
     </span>
    </p>

    <p class='ocr_par' dir='ltr' id='par_1_22' title="bbox 432 4763 1979 4846">
     <span class='ocr_line' id='line_1_54' title="bbox 432 4763 1979 4846; baseline -0.003 -15"><span class='ocrx_word' id='word_1_667' title='bbox 432 4769 480 4832; x_wconf 85' lang='lat' dir='ltr'>De</span> <span class='ocrx_word' id='word_1_668' title='bbox 497 4765 671 4831; x_wconf 79' lang='lat' dir='ltr'>venditione</span> <span class='ocrx_word' id='word_1_669' title='bbox 680 4765 764 4846; x_wconf 69' lang='lat' dir='ltr'>seila</span> <span class='ocrx_word' id='word_1_670' title='bbox 779 4786 844 4830; x_wconf 83' lang='lat' dir='ltr'>cum</span> <span class='ocrx_word' id='word_1_671' title='bbox 858 4768 952 4844; x_wconf 66' lang='lat' dir='ltr'>pallis</span> <span class='ocrx_word' id='word_1_672' title='bbox 968 4765 1040 4845; x_wconf 85' lang='lat' dir='ltr'>legis</span> <span class='ocrx_word' id='word_1_673' title='bbox 1059 4787 1137 4832; x_wconf 81' lang='lat' dir='ltr'>tom·</span> <span class='ocrx_word' id='word_1_674' title='bbox 1202 4763 1321 4825; x_wconf 91' lang='lat' dir='ltr'>ditione</span> <span class='ocrx_word' id='word_1_675' title='bbox 1338 4785 1406 4826; x_wconf 90' lang='lat' dir='ltr'>cum</span> <span class='ocrx_word' id='word_1_676' title='bbox 1436 4766 1520 4842; x_wconf 76' lang='lat' dir='ltr'>patto</span> <span class='ocrx_word' id='word_1_677' title='bbox 1540 4766 1702 4833; x_wconf 86' lang='lat' dir='ltr'>additionis</span> <span class='ocrx_word' id='word_1_678' title='bbox 1723 4765 1875 4831; x_wconf 83' lang='lat' dir='ltr'>celebrata</span> <span class='ocrx_word' id='word_1_679' title='bbox 1897 4765 1979 4827; x_wconf 82' lang='lat' dir='ltr'>intra</span> 
     </span>
    </p>

    <p class='ocr_par' dir='ltr' id='par_1_23' title="bbox 254 4843 2050 5177">
     <span class='ocr_line' id='line_1_55' title="bbox 259 4843 1981 4928; baseline -0.003 -16"><span class='ocrx_word' id='word_1_680' title='bbox 259 4861 333 4926; x_wconf 75' lang='lat' dir='ltr'>Quid</span> <span class='ocrx_word' id='word_1_681' title='bbox 351 4862 383 4917; x_wconf 77' lang='lat' dir='ltr'>fir</span> <span class='ocrx_word' id='word_1_682' title='bbox 496 4844 651 4928; x_wconf 79' lang='lat' dir='ltr'>mifforrae‚</span> <span class='ocrx_word' id='word_1_683' title='bbox 673 4845 715 4915; x_wconf 72' lang='lat'>(5</span> <span class='ocrx_word' id='word_1_684' title='bbox 733 4847 896 4914; x_wconf 77' lang='lat' dir='ltr'>additionis</span> <span class='ocrx_word' id='word_1_685' title='bbox 910 4846 953 4912; x_wconf 80' lang='lat' dir='ltr'>ad</span> <span class='ocrx_word' id='word_1_686' title='bbox 969 4849 1065 4923; x_wconf 71' lang='lat' dir='ltr'>diem.</span> <span class='ocrx_word' id='word_1_687' title='bbox 1204 4843 1352 4906; x_wconf 84' lang='lat' dir='ltr'>llatutum</span> <span class='ocrx_word' id='word_1_688' title='bbox 1374 4863 1494 4923; x_wconf 87' lang='lat' dir='ltr'>tempus</span> <span class='ocrx_word' id='word_1_689' title='bbox 1515 4846 1593 4911; x_wconf 84' lang='lat' dir='ltr'>alius</span> <span class='ocrx_word' id='word_1_690' title='bbox 1606 4865 1727 4925; x_wconf 87' lang='lat' dir='ltr'>emptor</span> <span class='ocrx_word' id='word_1_691' title='bbox 1740 4846 1899 4912; x_wconf 87' lang='lat' dir='ltr'>meliorem</span> <span class='ocrx_word' id='word_1_692' title='bbox 1908 4865 1981 4909; x_wconf 91' lang='lat' dir='ltr'>con·</span> 
     </span>
     <span class='ocr_line' id='line_1_56' title="bbox 259 4924 2037 5039; baseline 0.007 -62"><span class='ocrx_word' id='word_1_693' title='bbox 259 4927 362 5039; x_wconf 58' lang='lat' dir='ltr'>{retum</span> <span class='ocrx_word' id='word_1_694' title='bbox 473 5002 477 5007; x_wconf 27' lang='grc' dir='ltr'>Ι</span> <span class='ocrx_word' id='word_1_695' title='bbox 1203 4926 1354 4995; x_wconf 85' lang='lat' dir='ltr'>ditionem</span> <span class='ocrx_word' id='word_1_696' title='bbox 1370 4924 1505 5007; x_wconf 86' lang='lat' dir='ltr'>offerat,</span> <span class='ocrx_word' id='word_1_697' title='bbox 1524 4946 1637 4994; x_wconf 89' lang='lat' dir='ltr'>nteam</span> <span class='ocrx_word' id='word_1_698' title='bbox 1658 4930 1803 4995; x_wconf 82' lang='lat' dir='ltr'>venditor</span> <span class='ocrx_word' id='word_1_699' title='bbox 1822 4943 1979 5005; x_wconf 86' lang='lat' dir='ltr'>acceptet,</span> <span class='ocrx_word' id='word_1_700' title='bbox 2035 4984 2037 4989; x_wconf 90' lang='lat'><em>.</em></span> 
     </span>
     <span class='ocr_line' id='line_1_57' title="bbox 254 4998 2050 5104; baseline 0.003 -33"><span class='ocrx_word' id='word_1_701' title='bbox 254 5005 360 5104; x_wconf 37' lang='lat'>(⁸¹22.</span> <span class='ocrx_word' id='word_1_702' title='bbox 439 5001 563 5072; x_wconf 70' lang='lat' dir='ltr'>Padum</span> <span class='ocrx_word' id='word_1_703' title='bbox 579 5004 649 5087; x_wconf 83' lang='lat' dir='ltr'>legis</span> <span class='ocrx_word' id='word_1_704' title='bbox 669 5003 909 5077; x_wconf 76' lang='lat' dir='ltr'>commilsoriae,</span> <span class='ocrx_word' id='word_1_705' title='bbox 937 4998 988 5066; x_wconf 88' lang='lat' dir='ltr'>seu</span> <span class='ocrx_word' id='word_1_706' title='bbox 1009 5001 1060 5067; x_wconf 85' lang='lat' dir='ltr'>lex</span> <span class='ocrx_word' id='word_1_707' title='bbox 1077 5021 1168 5066; x_wconf 90' lang='lat' dir='ltr'>com·</span> <span class='ocrx_word' id='word_1_708' title='bbox 1204 5002 1306 5068; x_wconf 84' lang='lat' dir='ltr'>llutim</span> <span class='ocrx_word' id='word_1_709' title='bbox 1335 5003 1397 5081; x_wconf 82' lang='lat' dir='ltr'>ipso</span> <span class='ocrx_word' id='word_1_710' title='bbox 1425 5010 1491 5072; x_wconf 90' lang='lat' dir='ltr'>iure</span> <span class='ocrx_word' id='word_1_711' title='bbox 1519 5007 1583 5074; x_wconf 84' lang='lat' dir='ltr'>stne</span> <span class='ocrx_word' id='word_1_712' title='bbox 1613 5011 1676 5075; x_wconf 82' lang='lat' dir='ltr'>ulla</span> <span class='ocrx_word' id='word_1_713' title='bbox 1699 5012 1762 5077; x_wconf 86' lang='lat' dir='ltr'>alia</span> <span class='ocrx_word' id='word_1_714' title='bbox 1784 5009 1903 5078; x_wconf 73' lang='lat' dir='ltr'>aldione</span> <span class='ocrx_word' id='word_1_715' title='bbox 1932 5026 1982 5074; x_wconf 81' lang='lat' dir='ltr'>res</span> <span class='ocrx_word' id='word_1_716' title='bbox 2030 5010 2050 5077; x_wconf 57' lang='grc' dir='ltr'>-Ἀ</span> 
     </span>
     <span class='ocr_line' id='line_1_58' title="bbox 263 5070 2048 5177; baseline -0.005 -27"><span class='ocrx_word' id='word_1_717' title='bbox 263 5070 359 5170; x_wconf 52' lang='grc' dir='ltr'>ἇζᾘ</span> <span class='ocrx_word' id='word_1_718' title='bbox 396 5076 530 5154; x_wconf 77' lang='lat' dir='ltr'>milioria</span> <span class='ocrx_word' id='word_1_719' title='bbox 553 5092 586 5152; x_wconf 89' lang='lat' dir='ltr'>in</span> <span class='ocrx_word' id='word_1_720' title='bbox 607 5085 866 5163; x_wconf 82' lang='lat' dir='ltr'>venditionibus,</span> <span class='ocrx_word' id='word_1_721' title='bbox 896 5082 1167 5160; x_wconf 83' lang='lat' dir='ltr'>&amp;emptionibus</span> <span class='ocrx_word' id='word_1_722' title='bbox 1206 5083 1332 5151; x_wconf 86' lang='lat' dir='ltr'>vendita</span> <span class='ocrx_word' id='word_1_723' title='bbox 1353 5089 1735 5162; x_wconf 58' lang='lat' dir='ltr'>iterumgdvenditooem</span> <span class='ocrx_word' id='word_1_724' title='bbox 1763 5097 1845 5164; x_wconf 47' lang='grc' dir='ltr'>ιώ,</span> <span class='ocrx_word' id='word_1_725' title='bbox 1864 5094 1982 5177; x_wconf 62' lang='lat' dir='ltr'>1²3·st</span> <span class='ocrx_word' id='word_1_726' title='bbox 2027 5126 2048 5143; x_wconf 82' lang='grc'>,-</span> 
     </span>
    </p>

    <p class='ocr_par' dir='ltr' id='par_1_24' title="bbox 957 5178 1933 5258">
     <span class='ocr_line' id='line_1_59' title="bbox 957 5178 1933 5258; baseline 0.002 -18"><span class='ocrx_word' id='word_1_727' title='bbox 957 5196 973 5215; x_wconf 31' lang='grc' dir='ltr'>ν·</span> <span class='ocrx_word' id='word_1_728' title='bbox 997 5178 1039 5223; x_wconf 57' lang='grc' dir='ltr'><strong>Ἃ</strong></span> <span class='ocrx_word' id='word_1_729' title='bbox 1865 5180 1933 5258; x_wconf 73' lang='lat' dir='ltr'>quit</span> 
     </span>
    </p>
   </div>
   <div class='ocr_carea' id='block_1_2' title="bbox 719 5328 738 5359">
    <p class='ocr_par' dir='ltr' id='par_1_25' title="bbox 719 5328 738 5359">
     <span class='ocr_line' id='line_1_60' title="bbox 719 5328 738 5359; baseline 0 0"><span class='ocrx_word' id='word_1_730' title='bbox 719 5328 738 5359; x_wconf 64' lang='lat' dir='ltr'>Q</span> 
     </span>
    </p>
   </div>
   <div class='ocr_carea' id='block_1_3' title="bbox 0 0 2218 6000">
    <p class='ocr_par' dir='ltr' id='par_1_26' title="bbox 0 0 2218 6000">
     <span class='ocr_line' id='line_1_61' title="bbox 0 0 2218 6000; baseline 0 0"><span class='ocrx_word' id='word_1_731' title='bbox 0 0 2218 6000; x_wconf 95' lang='lat' dir='ltr'> </span> 
     </span>
    </p>
   </div>
  </div>
 </body>
</html>
