4425 6000
490 537 535 610 32
671 505 843 587 Taacr.
870 528 926 580 na
956 506 1209 583 ennarrans
1237 487 1472 589 Dreanoor
1502 511 1604 587 Car.
1633 515 1726 590 tv,

409 614 705 692 publicumerteant,
719 604 953 692 sedinsrllereut
964 603 1174 686 honestatem,
1206 606 1280 685 das,
1299 609 1506 690 augendasque
1521 609 1679 691 fortunas,
1699 613 1734 679 dt
1749 614 1847 680 media
1862 621 1969 688 omnia

409 697 576 771 puritatem
601 736 610 769 ,
639 684 846 762 modestiam,
884 684 1013 777 aliasque
1039 690 1173 752 virtutes
1207 705 1243 750 ut
1264 687 1430 766 plurimum
1446 692 1553 757 illicita
1574 691 1791 772 suggerunteas
1807 703 1969 773 acquiren-

408 770 603 846 mulieribus,
622 767 656 833 dc
681 767 848 846 virginibus
876 783 1029 842 praecipue
1055 786 1172 831 conve·
1206 768 1258 842 di,·
1277 771 1326 843 qui
1343 765 1405 833 sere
1430 768 1541 849 semper
1566 794 1626 835 non
1652 777 1816 850 loquuntur
1847 780 1901 839 nist
1929 778 1969 845 de

408 850 562 915 trientibus
580 850 706 913 colant.
726 848 766 910 Et
792 845 813 908 st
835 864 976 924 parentes
995 849 1076 910 circa
1106 848 1171 910 haec
1205 846 1472 933 excellentioribus
1494 851 1663 917 nobilitatis
1683 853 1837 931 gradibus,
1861 858 1900 919 de
1916 879 1968 921 ar·

410 933 516 994 omnia
541 928 720 994 notabiliter
744 924 867 1003 desint,
896 925 1000 1001 procul
1028 924 1120 988 dubio
1139 930 1170 987 in
1206 928 1308 989 tihciis
1328 928 1499 994 adhibendis
1516 951 1551 995 ut
1571 932 1608 995 ad
1627 931 1757 1009 ipsorum
1774 935 1969 1001 consecutio-

335 1011 342 1024 ‘
407 1030 534 1089 gravem
553 1009 675 1084 culpam
703 1006 872 1082 incidunt,
899 1021 1008 1082 utpote
1028 1007 1078 1080 qui
1096 1004 1171 1067 defi·
1205 1024 1275 1066 nem
1301 1013 1508 1088 perveniant,
1537 1017 1723 1077 etiamtum
1748 1013 1909 1078 charitatis
1932 1018 1968 1083 &

405 1092 491 1156 ciant
513 1094 544 1153 in
569 1088 756 1167 obligatione
779 1133 789 1162 ,
809 1104 875 1160 quae
904 1081 1075 1164 gravissrme
1099 1084 1168 1149 illos
1204 1086 1364 1160 equitatis
1385 1088 1580 1170 offentione3
1601 1094 1721 1168 quando
1744 1114 1888 1172 perraro,
1915 1098 1966 1162 vel

405 1165 583 1248 obstringit.
1204 1161 1266 1227 sere
1290 1186 1445 1242 nunquam
1472 1168 1638 1235 sermonem
1668 1173 1831 1237 inllituunt
1852 1174 1890 1237 de
1919 1176 1966 1241 hie

295 1245 388 1295 Μ·
445 1249 559 1312 Verum
589 1245 666 1311 nihil
707 1243 873 1324 proderunt
902 1241 973 1307 filiis
1006 1261 1168 1319 parentum
1202 1263 1269 1317 quae
1297 1242 1429 1321 spedlant
1451 1250 1487 1312 ad
1508 1255 1606 1317 vitam
1631 1250 1836 1316 Christianam
1855 1251 1905 1316 sen
1926 1256 1965 1321 ad

262 1320 336 1418 ’,Ψ
346 1319 386 1370 ⁹¹⁰
410 1327 635 1405 inslrusliones,
656 1329 797 1401 monita,
816 1324 999 1388 documenta
1018 1369 1028 1400 ,
1046 1323 1167 1401 quando
1201 1324 1373 1388 divinarum
1390 1326 1489 1408 legum
1504 1329 1731 1395 observantiam
1753 1382 1760 1408 ,
1786 1333 1824 1395 ad
1847 1338 1965 1397 exerti·

262 1384 372 1491 {2³5}ss
407 1408 471 1473 haee
499 1429 562 1473 non
587 1406 748 1471 firmentur
776 1402 856 1466 bono
881 1423 986 1466 eorum
1005 1403 1165 1496 exemplo:
1202 1404 1281 1466 tium
1305 1408 1482 1487 virtutum,
1502 1410 1575 1473 iden
1600 1412 1637 1475 de
1654 1415 1707 1474 via
1723 1434 1758 1474 ac
1774 1409 1880 1474 mediis
1897 1434 1964 1490 pes.

260 1501 479 1552 stoctonam
504 1487 525 1550 st
541 1486 596 1552 filii
613 1487 739 1551 videant
756 1480 823 1548 suos
854 1500 996 1558 parentes
1021 1483 1114 1546 altter
1135 1503 1165 1546 a·
1202 1484 1344 1547 veniendi
1362 1487 1398 1549 ad
1415 1483 1601 1565 spiritualem
1618 1496 1727 1553 aninrae
1749 1488 1902 1571 salutem,
1923 1493 1959 1555 ad

261 1558 384 1617 ΝΜ·
403 1588 475 1649 gere
496 1588 531 1631 ac
547 1564 623 1643 ipsos
638 1567 771 1640 docent,
792 1565 930 1637 vitiaque
951 1567 1031 1638 requi
1047 1583 1116 1639 quae
1133 1566 1165 1625 in
1199 1579 1326 1628 aeternae
1351 1568 1428 1630 vitae
1455 1571 1731 1646 consecutionem
1761 1574 1807 1633 ita
1835 1588 1869 1634 ut
1900 1570 1963 1637 save

211 1649 236 1666 ““
402 1650 446 1712 ιιι
466 1644 711 1727 reprehendunt,
733 1663 823 1706 nemo
840 1661 902 1704 non
919 1644 1005 1705 videt
1030 1643 1108 1718 quod
1128 1639 1164 1703 sr-
1198 1660 1381 1723 operentur,
1402 1646 1465 1711 srve
1485 1648 1647 1725 loquantur
1668 1650 1835 1714 huiusmodi
1845 1656 1962 1728 genito·

403 1747 443 1793 ne
463 1724 695 1808 magnodivinae
710 1722 915 1807 providentiae
931 1721 1094 1797 miraculo,
1112 1722 1165 1785 do·
1200 1742 1268 1801 res,
1288 1742 1349 1786 non
1372 1726 1507 1802 praebent
1532 1728 1602 1794 filiis
1626 1726 1680 1790 nist
1701 1726 1842 1793 scandala
1862 1778 1871 1806 ,
1894 1750 1961 1807 qna

399 1825 574 1881 tumenta,
604 1806 826 1869 admonitiones
858 1816 1019 1878 parentum
1050 1801 1164 1865 nullius
1198 1800 1269 1881 srbi,
1288 1800 1409 1868 &filiis
1426 1805 1581 1871 aedificant
1596 1825 1774 1886 perpetuam
1794 1808 1961 1876 ruinam&

401 1887 474 1952 sunt
498 1885 643 1962 roboris,
670 1901 707 1947 ut
724 1882 857 1946 filiorum
878 1883 993 1943 animos
1010 1878 1046 1943 ad
1068 1882 1162 1945 vitio·
1199 1884 1413 1955 perditionem.
1436 1888 1519 1962 Qud
1542 1887 1639 1951 dicam
1662 1888 1699 1951 de
1727 1892 1855 1962 propriis
1875 1886 1962 1952 stan·

400 1987 468 2031 rum
491 1961 615 2044 sugam,
633 1963 670 2028 ad
686 1958 892 2036 honestatem,
912 1961 1117 2036 pietatemque
1132 1963 1163 2021 in
1198 1962 1271 2023 dalis
1291 1981 1425 2027 matrum
1445 1963 1575 2042 respesln
1599 1965 1762 2030 filiarum?
1783 1968 1856 2030 Heu
1883 1986 1959 2045 quot

400 2044 460 2109 luis
489 2043 620 2110 moribus
650 2043 833 2115 inducanr;
869 2043 940 2115 quia
973 2058 1041 2102 cum
1074 2040 1164 2117 longe
1196 2040 1369 2119 gravissima
1397 2063 1522 2121 peecata
1553 2044 1592 2109 ab
1617 2045 1661 2108 his
1694 2051 1961 2125 committuntur,

397 2120 557 2202 plusquam
584 2121 677 2189 verba
704 2119 875 2185 efficaciora
897 2116 957 2183 srnt
985 2138 1093 2196 opera,
1126 2135 1162 2181 ut
1196 2139 1260 2187 non
1279 2123 1360 2186 aliud
1378 2126 1515 2200 quaedam
1533 2125 1639 2188 harum
1658 2127 1849 2200 inquirentes
1865 2124 1962 2190 inces-

397 2207 516 2269 animos
541 2202 579 2268 ad
605 2199 827 2280 obsequendum
861 2218 1007 2265 moveant
1032 2197 1066 2264 dt
1097 2216 1167 2261 tra-r
1197 2196 1297 2264 santer
1315 2224 1403 2277 quam
1424 2204 1552 2284 solaria,
1575 2208 1618 2267 ita
1639 2223 1674 2269 ut
1697 2222 1766 2269 tota
1783 2208 1832 2267 die
1852 2206 1961 2287 deunn

398 2282 495 2365 hant,
512 2286 575 2348 srne
603 2282 671 2346 ullo
690 2275 825 2359 prosetiu
845 2276 1030 2344 evanescunt
1054 2298 1161 2355 paren·
1196 2281 1228 2342 in
1246 2280 1326 2344 aliud
1343 2280 1546 2362 transeundo,
1560 2299 1679 2360 tempus
1693 2304 1784 2348 omne
1799 2285 1898 2349 otiose
1906 2286 1961 2348 de·

397 2381 466 2429 rum
491 2364 694 2439 documenta,
727 2357 977 2438 quandoeorum
1004 2356 1079 2421 sada
1107 2358 1161 2421 ali·
1196 2360 1347 2439 perdunt,
1366 2363 1505 2427 colentes
1533 2366 1682 2426 amicitias
1710 2385 1780 2426 cum
1799 2371 1959 2429 extraneis

397 2461 447 2508 ter
467 2443 614 2507 doceauv.
642 2441 725 2506 Hinc
748 2442 775 2502 S.
794 2440 824 2501 P.
844 2439 1051 2519 Hieronymus
1074 2435 1158 2513 episi.
1174 2458 1179 2489 t
1198 2442 1292 2516 viris,
1316 2463 1385 2503 cum
1418 2444 1523 2518 quibus
1554 2439 1748 2506 familiariter
1775 2445 1959 2509 conversan·

396 2542 425 2601 p.
444 2523 481 2586 ad
502 2524 624 2588 Laetam
643 2520 681 2584 de
704 2520 775 2583 filiae
801 2517 995 2606 institutione
1019 2521 1064 2579 ita
1093 2536 1160 2608 eam
1195 2536 1262 2596 tur,
1284 2519 1413 2598 lblaeque
1437 2519 1504 2597 ipsrs
1534 2524 1688 2586 associatae
1718 2542 1779 2585 non
1811 2519 1896 2588 secur
1924 2543 1959 2590 ae

396 2603 565 2667 admonet·⁸
589 2599 682 2664 Nibt'l
700 2599 732 2662 ιιι
756 2618 802 2676 ιι,
824 2595 1016 2673 ternpore
1037 2607 1086 2659 ttto
1105 2614 1158 2659 vt·
1194 2619 1264 2661 cum
1282 2604 1431 2679 coniuge,
1453 2601 1545 2665 libere
1565 2622 1750 2678 quocumque
1772 2600 1874 2667 velint
1891 2613 1966 2680 ptu·'

396 2681 485 2759 dent}
506 2677 754 2760 quodfistcerit,
771 2688 881 2765 peccet.
905 2679 1086 2741 Mementote
1105 2696 1160 2763 vor
1194 2678 1442 2756 ficiscuntur,&
1467 2679 1838 2758 posthabitachrilliana
1872 2701 1957 2746 vere·

393 2771 527 2839 parentes
547 2759 691 2841 virginis,
711 2776 803 2838 magu
824 2776 887 2821 cam
913 2756 1042 2833 exemplo
1065 2755 1158 2818 dottrt
1192 2758 1326 2837 cundia,
1345 2761 1452 2823 mediis
1480 2759 1631 2825 honestati
1662 2759 1901 2839 repugnantibus
1927 2758 1957 2827 se

392 2840 568 2922 postquam
584 2860 671 2906 vote.
692 2838 859 2902 Genitoret
884 2837 979 2915 igitur
999 2851 1074 2919 quot
1094 2855 1159 2912 gra·
1192 2854 1328 2916 ornant,
1348 2839 1504 2916 vellesque
1518 2860 1726 2917 componunt,
1747 2860 1804 2906 nee
1817 2842 1957 2925 elindeo-

395 2919 522 2986 vrll'rmis
550 2919 694 2985 scandalis
719 2934 910 2993 onerantur,
928 2917 981 2992 qui
1006 2914 1036 2978 se
1062 2913 1158 2977 videri
1191 2918 1322 2999 girant,
1347 2936 1402 2984 aut
1426 2921 1614 2999 loquuntur,
1635 2920 1687 2982 nist
1716 2936 1749 2981 ut
1767 2920 1955 2985 amatoribus

396 3020 451 3067 aut
478 3002 574 3065 audiri
602 2996 711 3063 afiliis
739 2995 773 3063 dt
800 2994 919 3061 filiabus
944 3015 1006 3063 non
1031 2991 1158 3060 horrent
1191 2996 1251 3063 suis
1281 2995 1469 3064 venustiores
1496 3002 1691 3080 videantur,
1719 2999 1876 3076 novosque
1906 2999 1957 3063 srbi

394 3079 563 3145 landarum
586 3081 685 3158 legum
708 3074 958 3156 transgressores.
1190 3077 1325 3144 cultores
1350 3078 1533 3144 attrahant.
1555 3081 1586 3143 O
1610 3081 1710 3144 laeculi
1738 3079 1831 3144 nollri
1860 3098 1957 3145 moret

434 3161 540 3239 Qtare
568 3157 662 3228 sacile
686 3158 789 3237 colligi
811 3153 907 3230 potest
936 3153 1044 3232 quibus
1063 3174 1158 3232 quan·
1190 3158 1432 3236 corruptissimi!
1460 3180 1533 3236 quos
1554 3158 1610 3222 lilii
1633 3158 1668 3224 δι
1693 3158 1766 3223 filiae
1780 3160 1957 3224 'didicerunt

396 3238 493 3316 tisque
513 3241 608 3302 modis
629 3240 765 3324 graviter
794 3236 971 3311 delinquant
992 3252 1157 3311 patentes,
1191 3261 1207 3301 a
1228 3237 1287 3302 suis
1304 3238 1513 3317 genitoribus,
1534 3258 1570 3303 ut
1587 3238 1638 3313 ipsr
1656 3238 1774 3303 eosdem
1790 3239 1955 3303 traducant

395 3323 445 3396 qui
466 3315 664 3396 praesentibus
692 3316 750 3379 luis
776 3313 877 3378 liberis
905 3314 1083 3378 veneranda
1103 3335 1157 3377 no
1189 3321 1222 3380 in
1243 3315 1321 3381 filios
1345 3317 1379 3383 dt
1405 3337 1551 3396 nepotes.
1578 3319 1634 3383 Vae
1653 3315 1856 3383 huiuscemodi
1873 3321 1956 3396 geni·

394 3403 478 3465 mina
504 3398 581 3475 Dei,
600 3394 734 3474 Chrilli,
752 3390 880 3467 Crucis,
901 3392 1157 3481 Evangeliorum,
1190 3395 1331 3475 toribus,
1352 3395 1402 3462 sed
1420 3399 1522 3463 multo
1542 3399 1607 3471 plus
1624 3400 1636 3474 (
1653 3403 1696 3462 air
1716 3402 1746 3464 P·
1755 3397 1954 3478 Fulgentius)

394 3479 506 3544 Mariae
528 3499 562 3542 ac
587 3476 715 3541 aliorum
742 3471 919 3539 bandorum
939 3489 993 3536 aut
1024 3471 1157 3551 blasphe·
1190 3498 1239 3543 ιε
1266 3483 1439 3554 genitorum
1463 3476 1707 3555 Confelloribus,
1726 3482 1776 3554 qui
1802 3478 1823 3542 li
1849 3478 1955 3546 indo·

393 3558 506 3624 mando
529 3574 751 3633 contemnunt,
771 3571 827 3619 aut
856 3556 889 3615 in
909 3555 1089 3618 iuramentis
1110 3557 1157 3616 in·
1188 3556 1282 3620 slrina
1308 3578 1450 3634 morum,
1470 3557 1504 3624 dt
1525 3560 1795 3622 Sacramentorum
1824 3557 1954 3619 admini-

392 3638 421 3700 di
445 3657 483 3702 ne
504 3637 667 3716 usurpant:
692 3639 742 3713 qui
763 3633 908 3699 obscaenis
924 3633 1044 3710 verbis,
1064 3635 1157 3698 male·
1188 3635 1336 3702 litatione
1355 3640 1454 3702 essent
1476 3638 1546 3703 labii
1565 3640 1661 3701 unius
1674 3637 1707 3702 dt
1726 3638 1963 3701 [ιιιιιοιιιιιιιιιΙ

391 3659 595 3793 didionibus,
623 3715 868 3782 oblocutionibus
898 3715 929 3775 in
959 3717 1156 3800 proximum,
1188 3718 1343 3795 rumdem,
1363 3738 1471 3796 magna
1488 3715 1619 3797 protetio
1639 3737 1679 3780 ert
1700 3735 1789 3791 parte
1817 3719 1953 3779 elimina·

392 3799 500 3863 aliisve
519 3797 693 3875 depravatis
720 3797 816 3860 modis
847 3791 924 3870 saepe
950 3793 1057 3869 laepius
1083 3793 1155 3858 abu·
1189 3815 1274 3860 retur
1288 3803 1467 3876 corruptio,
1488 3796 1522 3863 dt
1539 3796 1635 3860 fidelis
1651 3798 1755 3875 populi
1767 3815 1953 3861 moresoont·

390 3895 530 3955 runtur3
559 3880 609 3953 qui
631 3894 685 3941 aut
709 3876 863 3940 continuis
883 3870 1156 3951 obledlationibus,
1189 3895 1406 3955 ponerentur,
1435 3879 1455 3939 li
1482 3877 1561 3953 quod
1584 3873 1797 3953 reprehensum
1825 3870 1865 3938 ab
1894 3890 1952 3940 utto

285 3970 294 3980 ’·
390 3958 487 4033 ludis,
505 3956 706 4020 ebrietatibus
726 3955 837 4029 dediti,
861 3970 916 4015 ant
947 3948 1155 4017 familiaritati
1186 3959 1413 4035 experiuntur,
1444 3966 1508 4020 non
1533 3959 1713 4019 invenirent
1738 3953 1952 4018 drffimutatnm

388 4033 581 4101 faeminarum
607 4034 711 4099 additu
723 4082 732 4114 ,
753 4049 806 4098 aut
836 4027 999 4095 famulatui
1026 4033 1154 4097 alicuius
1187 4036 1225 4099 ab
1244 4035 1361 4112 altero,
1382 4035 1416 4101 δι
1437 4036 1564 4099 dilatam
1580 4033 1617 4098 ab
1633 4053 1695 4098 uno
1712 4032 1951 4109 absolutionem,

387 4119 565 4196 coniugatae
585 4118 774 4192 mancipati,
793 4114 922 4192 propriae
943 4115 1046 4176 uxoris
1054 4112 1152 4177 culto·
1187 4135 1247 4178 non
1270 4119 1443 4192 reperirent
1460 4118 1625 4191 ultronee,
1644 4113 1678 4178 dt
1699 4112 1951 4177 irrationabiliter

278 4207 279 4210 ’
386 4196 435 4259 dia
458 4196 550 4261 alteri
579 4193 680 4260 relisit
701 4242 710 4270 ,
730 4213 791 4256 non
815 4189 878 4254 stne
905 4196 991 4271 gravi
1023 4194 1153 4271 propriae
1186 4198 1378 4271 impertitam
1399 4194 1436 4260 ab
1462 4196 1549 4258 alio.
1571 4194 1628 4255 Sed
1649 4193 1685 4255 de
1709 4192 1756 4254 his
1783 4194 1951 4256 aoreaiara

384 4273 599 4354 eonscientiae,
619 4279 662 4337 rei
682 4270 860 4348 familiaris,
878 4269 915 4336 dt
936 4269 1099 4348 spiritualis
1118 4295 1152 4337 ac
1187 4274 1284 4339 aslum
1303 4275 1346 4340 esl
1368 4323 1378 4355 ,
1397 4275 1431 4341 dt
1446 4274 1548 4338 denuo
1571 4273 1668 4337 sermo
1694 4270 1878 4346 habebitur,
1905 4267 1952 4355 ubi

384 4356 487 4421 civilis
506 4354 641 4420 filiorum
662 4350 828 4429 disciplinae
854 4356 941 4416 ruina
966 4371 1084 4430 tempus
1106 4372 1151 4416 re·
1185 4375 1224 4418 ert
1241 4353 1373 4432 professo
1390 4357 1428 4419 de
1449 4353 1689 4432 obligationibus
1704 4350 1891 4416 Conseslarti
1906 4355 1951 4410 lu·

382 4454 474 4500 runt:
498 4434 652 4514 quomodo
672 4436 754 4496 enim
775 4428 984 4498 huiuscemodi
1000 4434 1076 4498 adeo
1087 4453 1151 4509 pra·
1185 4432 1244 4498 stus
1264 4433 1447 4499 disseretur.
1930 4508 1936 4520 ·

383 4536 426 4580 va
443 4515 567 4595 sinendi
595 4516 718 4578 ratione
740 4529 901 4589 parentum
921 4519 983 4576 non
1004 4531 1150 4590 poterunt
1225 4514 1300 4579 Non
1321 4515 1419 4579 solum
1435 4532 1541 4579 tamen
1564 4512 1723 4578 attendere
1738 4509 1852 4575 debent
1872 4529 1952 4588 gent·

383 4602 476 4671 quam
491 4597 627 4659 maxime
651 4590 847 4657 scandalizari
869 4591 951 4669 filii,
976 4597 1037 4657 aei
1059 4591 1151 4656 saeos
1186 4610 1268 4658 tores
1290 4615 1329 4658 ne
1349 4596 1433 4658 malo
1453 4594 1596 4669 exemplo
1613 4592 1698 4656 suam
1719 4591 1838 4666 prolem
1857 4584 1951 4652 offen·

380 4675 578 4738 nonimitari
599 4695 668 4737 cnm
694 4669 1004 4752 gravissimamorum
1029 4615 1151 4737 [borum
1183 4673 1282 4750 dant,
1301 4672 1350 4739 sed
1376 4694 1415 4737 ne
1432 4678 1530 4737 etiam
1551 4670 1762 4751 coniugalibus
1795 4665 1951 4733 semiliari·

379 4750 580 4832 corruptela)
601 4753 669 4818 Nee
690 4755 790 4815 minus
810 4751 993 4816 Christiana
1015 4751 1150 4816 filiorum
1185 4752 1304 4817 tatibus
1324 4771 1506 4819 mutuorum
1523 4751 1741 4829 amplexuum,
1764 4743 1890 4823 aliisque
1900 4745 1953 4810 hu·

379 4834 555 4900 educationi
577 4852 692 4898 nocent
721 4831 780 4896 boc
796 4851 893 4909 pravo
913 4851 1025 4910 genere
1043 4835 1148 4909 agendi
1185 4832 1264 4897 iuste
1280 4836 1396 4911 generis
1416 4853 1470 4897 eos
1490 4832 1639 4896 edoceant
1659 4850 1727 4907 quae
1759 4827 1853 4893 callae
1875 4823 1953 4918 ipso·

380 4912 425 4976 illi
446 4931 583 4991 quoque,
602 4917 653 4990 qui
676 4913 818 4976 avaritie
834 4958 843 4988 ,
859 4912 908 4975 vel
927 4910 1085 4974 ambitioni
1096 4914 1150 4975 de·
1184 4934 1251 4975 rum
1268 4915 1455 4978 innocentie
1476 4916 1615 4990 graviter
1630 4905 1849 4974 adversantur.
1868 4905 1956 4974 ldctt·

380 4993 456 5066 diti,
477 4996 507 5057 in
529 4994 612 5056 omni
637 5010 747 5056 eorum
774 4987 914 5055 sermone
941 4991 985 5054 nil
1003 4990 1083 5054 aliud
1104 4993 1148 5054 di·
1182 5013 1218 5055 co
1238 4994 1409 5057 cavendum
1426 5012 1464 5054 ne
1483 4995 1566 5065 pueri
1584 4994 1615 5052 in
1628 5006 1759 5067 paterno
1777 4986 1855 5051 lesbo
1870 4987 1955 5063 quie·

320 5118 324 5124 ·
379 5069 490 5140 ditant
512 5070 567 5136 nist
594 5071 674 5154 quod
692 5085 782 5154 parat
809 5073 896 5139 ιιιιιι
918 5071 957 5150 ad
982 5090 1147 5158 congeren-
1182 5071 1289 5142 scant.
1311 5072 1414 5141 Satius
1439 5073 1521 5135 enirn
1547 5067 1589 5137 eli
1613 5071 1627 5152 (
1650 5070 1697 5136 ιιι
1715 5062 1951 5138 Tourncleiusl

278 5166 285 5173 ’
354 5158 361 5174 “
1875 5167 1911 5215 ut
