4425 6000
553 486 755 566 Taaer.
783 509 849 564 uir
877 486 1202 575 Gouraios.
1231 483 1347 563 Car.
1375 481 1511 563 lell.
1684 508 1772 586 ιρι.

222 569 359 677 'garario
377 588 460 656 ultra
480 584 564 677 mille
585 608 711 668 aureos,
725 588 832 653 deinde
847 590 943 655 etiam
959 589 1003 654 la·
1039 596 1094 667 piis
1109 588 1225 653 conditi
1248 590 1421 678 taliamenti
1434 583 1489 669 ,'3.
1511 602 1545 654 ut
1563 583 1733 654 scribantur
1752 585 1818 672 sim.¹

237 693 271 741 ta
281 669 333 738 'est
350 675 419 740 Lex
437 665 555 732 Vocem
579 686 692 734 vetans
720 688 758 732 ne
779 669 844 746 plus
864 671 930 748 quis
957 688 1005 734 re·
1039 669 1109 749 gula
1126 667 1289 734 liberorum
1308 668 1435 734 nomini
1453 717 1463 746 ,
1489 686 1582 747 atque
1601 671 1702 734 unciae
1725 716 1734 746 ,
1757 668 1810 734 seu

238 753 391 832 linqueret
409 749 497 834 alicui
514 769 603 824 quam
620 747 750 813 haeredi.
771 749 829 813 Sed
844 771 913 813 cum
930 769 1005 813 neu·
1043 753 1199 825 portiones
1219 747 1262 813 siii
1283 749 1341 813 ulis
1357 747 1529 828 assignato,
1546 769 1615 826 quae
1636 743 1810 826 possuntes·

181 833 410 915 lfttraadbuc
430 824 599 907 sufficeret,
619 829 686 893 lata
706 826 749 892 est
772 826 1007 912 resauciare,
1041 823 1071 892 se
1087 771 1357 908 inaequaleslalva
1378 846 1483 895 tamen
1505 832 1643 906 portione
1675 828 1812 907 legitima

177 902 280 992 Μῦς
300 911 419 978 didita
447 906 583 971 Falcidio
614 908 865 989 tribunoplebis,
897 912 950 987 qui
969 910 1006 972 il·
1041 908 1245 990 singulorum,
1264 933 1293 989 4.
1317 925 1351 973 ut
1370 925 1812 1051 temtempus,quamnume·

181 993 187 1005 ‘
238 998 301 1059 lam
321 992 398 1056 tulit
413 987 648 1074 subOilaviano
658 987 868 1066 Imperatore,
889 987 1007 1052 lnll.de
1042 993 1067 1052 ri
1084 994 1241 1055 unciarum
1260 1009 1322 1053 nori
1337 985 1492 1068 signentur
1512 1008 1562 1066 per
1578 990 1605 1051 ci
1622 986 1738 1066 ras,sed
1758 1005 1811 1066 per

239 1071 323 1151 aege
338 1069 492 1142 Falcidia,
513 1066 548 1131 dt
567 1067 632 1132 cod.
655 1068 698 1132 ad
710 1069 819 1148 Legem
835 1069 1005 1133 Falcidiam.
1043 1069 1135 1135 verba
1155 1074 1293 1147 integra.
1965 1139 1969 1146 ,

238 1148 1006 1228 HaecLexprobibet·iieplusliceatlegarequam
1081 1150 1170 1215 Circa
1198 1148 1394 1213 validitatem
1420 1145 1600 1211 testamenti
1625 1144 1810 1226 privilegiati
1828 1148 1952 1225 nterii·
1992 1156 1996 1164 ·

236 1231 454 1302 Dodrantem,
472 1224 525 1290 seu
550 1247 613 1292 tres
656 1244 735 1292 artes
755 1231 892 1294 oninium
910 1229 1006 1294 bono·
1042 1226 1202 1307 Militum,
1221 1230 1525 1303 &quorumcumque
1545 1227 1595 1304 qui
1619 1228 1749 1291 veniunt
1761 1222 1812 1288 sub
1826 1213 1910 1265 ‘ml‘

237 1333 327 1390 rum,
347 1312 459 1381 itaut
483 1306 595 1370 haeredi
626 1251 740 1386 simper
767 1326 925 1374 remaneat
953 1307 1006 1372 sal·
1043 1311 1099 1373 hoc
1119 1311 1267 1382 nomine,
1287 1308 1357 1370 dum
1382 1306 1450 1371 sunt
1477 1311 1509 1369 in
1534 1305 1698 1384 conflistu,
1723 1305 1811 1369 nulla
1826 1292 1910 1391 ‘m‘g

238 1403 428 1469 remquam
443 1407 511 1464 pars
531 1387 698 1466 bonorum,
715 1410 782 1465 quae
804 1391 1006 1468 inveniuntur
1042 1389 1207 1470 requiritur
1224 1385 1411 1451 solemnitas.
1432 1389 1462 1449 Si
1480 1387 1818 1464 autemtesiatrientum¹
1830 1404 1933 1468 privile.

240 1488 380 1548 tempore
401 1470 507 1532 mortis
524 1463 679 1536 testatoris
706 1467 770 1545 poll
798 1466 898 1532 soluta
925 1471 1007 1548 prius
1042 1468 1099 1531 fiat
1123 1471 1154 1531 in
1179 1465 1280 1532 eassris
1301 1515 1310 1543 ,
1329 1465 1363 1532 &
1394 1485 1483 1530 extra
1510 1465 1683 1532 conflidlum
1711 1514 1720 1544 ,
1746 1465 1807 1528 duo
1825 1463 1944 1543 rjttlffil*

238 1547 360 1628 debita,
375 1544 517 1623 expensas
538 1539 670 1623 functis,
698 1569 732 1613 ac
758 1549 923 1611 mercedem
949 1547 1006 1611 ser·
1044 1545 1330 1629 telles-etiamtion
1351 1568 1386 1610 ro
1406 1550 1447 1610 ati
1465 1545 1588 1612 necesle.
1602 1543 1644 1611 est
1666 1561 1701 1610 ut
1710 1546 1808 1608 eidem
1827 1535 1922 1586 Μ·

237 1647 388 1714 vorum.
423 1623 501 1690 Haec
526 1644 634 1701 quarta
656 1646 723 1704 pars
753 1627 940 1691 haereditatis
963 1630 1008 1691 ita
1043 1624 1240 1691 interfuerint
1267 1629 1316 1702 qui
1339 1648 1371 1701 pr
1413 1646 1465 1690 ate
1485 1643 1616 1701 queant.
1641 1624 1671 1687 Si
1703 1642 1809 1689 autem

236 1709 388 1773 convenit
410 1702 521 1770 haeredi
543 1722 675 1786 gravato
696 1710 726 1771 vi
744 1706 832 1784 legis
849 1703 1007 1785 Falcidiae,
1042 1705 1099 1771 fiat
1128 1709 1159 1769 in
1190 1706 1321 1769 bibernis
1348 1723 1438 1769 extra
1465 1706 1689 1781 expeditionem
1719 1702 1821 1790 nulio,

235 1807 273 1856 ut
296 1785 317 1849 si
337 1786 465 1851 tellatot
494 1783 663 1868 excessisset
684 1788 717 1850 in
736 1783 924 1861 disponendo
939 1807 1008 1850 eam
1043 1789 1163 1863 potitur
1183 1785 1360 1865 privilegio.
1380 1785 1449 1848 Hoc
1465 1785 1570 1847 eodem
1582 1785 1809 1863 privilegiomi·

236 1865 290 1934 libi
311 1864 472 1931 detrahere
497 1864 632 1930 valeat.
660 1864 770 1928 Similis
793 1865 936 1930 Falcidiae
964 1859 1008 1930 esl
1043 1866 1134 1929 litum
1155 1867 1285 1943 gaudent
1301 1868 1398 1930 etiam
1418 1865 1547 1942 medici,
1571 1864 1746 1942 chirurglii,
1774 1862 1808 1929 dt

235 1949 334 2016 etiam
351 1947 413 2009 Iex
439 1941 669 2024 Trebellianica,
688 1967 756 2022 quae
785 1945 924 2010 concedit
945 1944 1008 2011 har·
1034 1960 1238 2032 mercatores
1251 1943 1414 2010 castrenses
1440 1991 1449 2022 ,
1473 1943 1542 2008 dum
1566 1946 1599 2016 iti
1622 1942 1724 2009 caslris
1744 1963 1807 2008 mo·

234 2023 304 2108 redi
323 2041 456 2105 gravato
475 2026 507 2086 in
527 2022 795 2090 fideicommissarii
817 2024 1008 2104 liaereditate,
1043 2044 1168 2090 rantur.
1872 2065 1874 2075 ·

232 2125 297 2194 qua
329 2107 433 2170 omnia
462 2097 543 2170 bona
566 2122 737 2184 gravantur
792 2105 1008 2170 detrallionem
1057 2104 1283 2170 ¹Testamenta
1311 2124 1387 2171 vero
1409 2101 1586 2169 rusticorum
1608 2104 1673 2170 ruti
1702 2100 1781 2169 [aaa
1798 2148 1807 2180 ,
1824 2117 1862 2166 nr
1886 2115 1954 2170 tiri·-

180 2219 187 2232 ·
232 2201 357 2272 quartae
395 2181 631 2278 artisbonorurn
648 2154 779 2277 defundi
801 2186 907 2250 eodem
925 2185 1007 2249 ordi·
1043 2185 1108 2251 haec
1130 2188 1246 2263 pariter
1265 2183 1450 2265 gaudentali
1473 2205 1514 2248 uo
1529 2183 1707 2264 privilegio,
1722 2180 1807 2249 vide·
1821 2130 1948 2244 kalist-

177 2264 216 2320 iia
233 2283 275 2329 ne
294 2284 356 2341 quo
370 2206 520 2328 lasciua.
536 2263 618 2327 Hinc
638 2261 773 2329 Falcidia
790 2261 823 2330 dc
840 2262 1006 2332 Tribeslia·
1043 2265 1214 2342 licetquod
1234 2268 1266 2329 in
1286 2265 1332 2329 liis
1348 2259 1419 2328 satis
1443 2206 1504 2327 sint
1531 2268 1661 2342 quinque
1685 2261 1776 2329 testes
1797 2308 1807 2340 ,
1822 2303 1891 2359 m·
1952 2287 1954 2292 ·

178 2345 217 2382 ¹³·
234 2347 305 2409 nica
325 2347 358 2407 iri
386 2342 444 2407 hoc
463 2339 558 2407 solum
588 2340 756 2422 differunt,
774 2344 852 2421 quod
874 2343 1008 2409 Falcidia
1042 2342 1164 2419 quando
1183 2343 1314 2423 septem,
1337 2361 1372 2408 ut
1394 2348 1460 2408 iura
1488 2347 1678 2423 requirunt,
1704 2341 1810 2418 haberi¹
1826 2383 1884 2421 ,m
1902 2339 1957 2426 „⁸2

234 2421 445 2490 detrahitura
465 2419 598 2502 legatis,
622 2446 656 2488 ae
672 2424 885 2489 donationibus
900 2426 1007 2488 mortis
1043 2442 1220 2500 nequeunt.
1246 2425 1295 2490 lta
1319 2426 1522 2488 communiter
1546 2445 1585 2490 ex
1606 2427 1685 2505 Lege
1703 2419 1744 2492 Θ
1767 2417 1803 2484 ab
1822 2434 1859 2490 rii

235 2503 358 2581 caussa,
376 2499 600 2568 Trebellianiea
621 2523 697 2568 vero
721 2525 738 2568 a
768 2503 830 2568 soso
853 2502 1006 2568 fideicom·
1045 2504 1175 2581 antiquis
1198 2520 1223 2585 3.
1245 2502 1409 2586 detestare.
1430 2501 1508 2568 nitu
1530 2523 1633 2568 tamerr
1652 2502 1806 2577 testespro

230 2581 321 2650 misso
336 2579 522 2660 universali,
543 2599 577 2647 ut
592 2583 720 2647 suoloco
741 2582 926 2661 videbimus,
949 2579 1002 2648 sie·
1044 2583 1228 2648 testamento
1247 2582 1350 2650 rustici
1370 2581 1478 2648 debent
1494 2581 1554 2648 elle
1573 2585 1706 2661 literati,
1722 2578 1806 2644 siha·

230 2664 280 2738 uti
309 2664 407 2728 etiam
451 2661 511 2728 uod
543 2664 676 2742 legatum
699 2657 816 2726 sudium
839 2655 1007 2730 lraeredib'us
1042 2663 1104 2728 beri
1123 2661 1251 2741 possint,
1270 2669 1319 2742 qui
1341 2662 1456 2728 scilieet
1476 2657 1604 2729 scribere
1624 2659 1807 2740 sciat,eum

231 2681 462 2808 fideicommitlo
488 2739 655 2835 universali
683 2746 820 2822 gravatis
848 2759 1005 2819 computa·
1042 2763 1148 2808 omnes
1164 2741 1194 2810 se
1209 2739 1388 2808 subscribere
1397 2737 1543 2820 debeant,
1563 2761 1599 2808 ut
1616 2763 1655 2808 ex
1670 2739 1816 2820 citLeg,

232 2840 286 2903 tur
302 2823 333 2884 in
357 2813 586 2886 Trebelliauica
606 2822 683 2903 Leg.
704 2837 753 2902 31.
773 2818 805 2886 ff.
830 2823 876 2887 ad
894 2825 1007 2903 Legem
1038 2826 1065 2904 fi
1086 2833 1189 2887 autem
1211 2843 1273 2887 nou
1293 2842 1419 2900 omnes,
1440 2843 1519 2888 unus
1540 2839 1644 2887 tamen
1665 2822 1717 2886 vel
1741 2818 1809 2897 plu·

233 2897 419 2968 Fascitd'em.
436 2889 538 2968 Potell
559 2919 662 2966 tamen
679 2901 810 2976 ‚teilator
831 2905 895 2966 iure
925 2921 1009 2966 novo
1044 2923 1090 2967 res
1114 2897 1242 2966 seribere
1269 2900 1416 2980 scientes,
1437 2898 1459 2963 si
1479 2891 1569 2966 facile
1593 2901 1726 2965 inveniti
1748 2893 1811 2977 pos·

256 2979 393 3046 robibere
419 2978 637 3048 dettasliontm
661 2979 803 3047 Falcidiae
825 2982 857 3048 ὅ(
880 2973 1004 3046 Trebel«
1043 2983 1132 3059 sunt,
1152 2986 1203 3060 qui
1221 2979 1330 3046 debent
1358 2982 1427 3047 loco
1452 2981 1583 3046 aliorum
1603 2978 1706 3045 literas
1728 2982 1814 3057 igno·¹

232 3004 372 3139 lanice,
391 3059 425 3126 dt
448 3065 511 3126 iam
527 3062 675 3140 aliquibus
693 3065 725 3125 in
746 3057 915 3128 Provinciis
936 3082 1008 3125 eon·
1043 3064 1180 3127 cantium
1194 3052 1263 3137 ipsis
1285 3058 1485 3138 praesentibus
1501 3059 1699 3126 subscribere.
1716 3056 1811 3138 Qiod

230 3134 600 3208 siietudinatiirFaltidia
622 3161 682 3204 non
715 3145 820 3223 viget.
845 3138 1008 3217 privilegio
1042 3141 1186 3205 sinuilus
1206 3140 1307 3205 haberi
1332 3132 1419 3220 possit
1447 3141 1604 3223 literatus,
1638 3135 1736 3217 potest
1761 3158 1811 3202 ru·

231 3236 298 3289 tam
319 3218 419 3299 amplo
434 3220 581 3287 donatum
597 3218 641 3283 eli
662 3221 880 3287 testamentum
896 3216 1006 3296 adpsas
1043 3220 1135 3286 slicus
1155 3222 1249 3284 etiam
1271 3241 1417 3287 oretenus
1438 3241 1542 3285 eoram
1572 3223 1702 3298 quinque
1726 3217 1809 3283 telli-

232 3294 377 3383 caussas:
406 3321 478 3365 nam
516 3300 618 3381 legata
647 3301 684 3367 ad
706 3305 769 3379 pias
796 3298 912 3367 caussas
936 3320 1002 3367 non
1041 3302 1117 3378 bus,
1137 3296 1158 3363 si
1178 3297 1295 3375 septem
1319 3303 1477 3367 commode
1501 3297 1601 3364 haberi
1620 3315 1809 3375 nequeunt,

231 3378 393 3445 censendae
414 3376 483 3446 sunt
502 3382 647 3463 gratuitae
663 3383 865 3461 donationes,
884 3379 933 3445 sed
960 3400 1004 3445 re·
1042 3381 1144 3447 valide
1164 3378 1266 3447 testari
1290 3402 1340 3455 per
1357 3381 1475 3457 verba,
1492 3398 1527 3445 ut
1544 3382 1575 3442 in
1593 3380 1727 3461 einLtg.
1745 3374 1811 3441 Te·

232 3459 332 3525 taedia
352 3456 389 3524 ad
417 3459 610 3541 spiritualem
634 3452 1007 3533 triumuirorum&
1042 3461 1226 3526 ilamentum
1253 3460 1355 3525 tulliei
1382 3481 1485 3526 eoram
1510 3456 1701 3535 paucioribus
1721 3477 1812 3535 quam

179 3588 184 3595 -
209 3558 453 3615 ,nonnunquam
474 3540 651 3621 praescripta
672 3538 775 3604 sunta
799 3535 1008 3618 Confelsario,
1042 3546 1172 3618 quinque
1189 3538 1312 3603 teslibus
1333 3542 1430 3606 etiam
1447 3543 1478 3602 in
1500 3539 1568 3603 loto
1577 3540 1625 3604 ubi
1647 3538 1810 3604 haberiue·

232 3636 287 3687 aut
305 3618 414 3684 debita
434 3639 473 3685 eit
494 3618 625 3683 iustitia.
1042 3630 1184 3701 queunt,
1201 3617 1243 3681 est
1286 3616 1381 3684 torsus
1403 3618 1574 3685 invalidum
1592 3640 1632 3681 eir
1653 3619 1706 3682 eit.
1736 3618 1809 3695 Leg-

177 3698 214 3767 ‚nil
275 3696 514 3764 Testamentum
539 3700 621 3761 inter
643 3694 777 3771 liberos,
792 3696 873 3772 quod
893 3684 935 3758 est
962 3696 1008 3759 in·
1045 3696 1152 3761 'selles
1172 3697 1251 3759 inte
1278 3703 1408 3761 amentis
1428 3694 1607 3762 rullieorum
1627 3695 1738 3761 habere
1758 3697 1811 3758 de·

234 3792 285 3843 rer
306 3780 522 3859 privilegiata,
541 3774 616 3838 illud
631 3771 673 3837 esl
689 3770 769 3850 quod
787 3791 842 3837 aut
863 3794 882 3837 a
902 3793 1005 3855 patre,
1041 3776 1117 3841 bent
1137 3771 1254 3838 easdem
1274 3777 1440 3852 qualitates
1460 3775 1547 3841 sicuti
1574 3780 1604 3839 iti
1633 3777 1699 3840 aliis
1722 3775 1812 3855 tella·¹

188 3892 217 3941 ‚g
235 3874 326 3929 ausa
344 3872 461 3935 matre,
481 3872 537 3919 aut
557 3852 593 3919 ab
614 3854 713 3917 altero
722 3874 760 3917 ex
778 3852 1008 3918 ascendentibus
1047 3854 1160 3917 mentis
1185 3872 1248 3917 non
1268 3856 1503 3935 privilegiatis,
1527 3878 1598 3921 eum
1619 3857 1668 3922 leit
1696 3847 1812 3934 dispen-

177 3956 218 4020 ,ι
235 3938 321 4002 inter
344 3930 451 3999 liberos
466 3934 627 4000 eonditum
642 3930 719 4009 fuit,
734 3928 815 4001 &ut
836 3933 944 4011 privile
966 3933 1009 3994 ia·
1045 3932 1113 3999 sans
1129 3935 1161 3997 in
1177 3944 1305 4015 nurnero
1331 3925 1452 3999 restium
1471 3934 1652 4019 nullatenus
1670 3936 1813 4002 videatur

177 4022 205 4071 ¹¹
234 4037 305 4083 tum
328 4012 464 4081 validum
484 4011 545 4089 esi,
566 4017 705 4090 quamvis
724 4026 830 4079 careat
847 4015 919 4078 iuris
934 3948 1010 4103 sirle-
1042 4008 1213 4092 dispensare
1227 4013 1327 4089 quoad
1341 4016 1509 4092 qualitates
1530 4016 1687 4095 requisitas
1704 4019 1735 4081 in
1747 4016 1814 4082 aliis

177 4086 430 4179 '‘muitatibus.
449 4084 499 4159 lta
517 4095 584 4159 Leit
610 4084 827 4159 consultissima
846 4098 873 4160 5.
893 4088 935 4159 (9⁸
953 4111 1010 4156 im·
1043 4092 1348 4180 nonprivilegiatis,¹
1367 4088 1560 4171 Dispensatio
1601 4101 1718 4163 renim
1742 4118 1816 4163 cuna·

177 4162 220 4197 '⁶
249 4172 357 4256 erfrile
383 4174 451 4253 eod.
474 4172 511 4239 de
535 4174 643 4255 testam.
670 4168 719 4239 Ad
738 4169 879 4237 valorem
903 4190 1008 4237 tamen
1043 4164 1248 4253 fintodiosae,
1263 4168 1556 4259 ideorellringendar
1586 4192 1662 4259 tuit,
1678 4199 1813 4243 notiam·

255 4250 404 4327 uiusmodi
421 4242 615 4333 testamenti,
630 4249 752 4317 sisuerit
766 4254 1009 4327 nuncupativum
1044 4248 1176 4329 pilandae
1188 4251 1235 4341 'de
1256 4274 1320 4318 uno
1336 4253 1384 4329 ¹atl
1403 4250 1506 4349 aliud,
1527 4276 1566 4323 ut
1593 4261 1707 4338 incip
1734 4256 1766 4324 Si
1784 4254 1812 4321 is

177 4370 183 4383 ·
230 4336 296 4401 duo
315 4324 415 4399 lulum
447 4336 675 4411 requiruntur,
705 4353 733 4395 1.
759 4353 793 4395 ut
822 4329 1009 4397 sufficienter
1042 4348 1070 4395 a.
1090 4332 1129 4397 de
1145 4324 1220 4411 filiis
1241 4324 1478 4414 Presbyterum
1495 4357 1526 4398 iti
1548 4334 1580 4401 6.
1604 4339 1683 4403 Cum
1709 4354 1814 4402 autem

195 4432 204 4447 ·
230 4413 354 4481 eoullet
369 4408 407 4477 de
425 4408 591 4497 voluntate
609 4406 765 4479 testatoris
787 4432 839 4487 per
866 4413 1010 4483 dunste·
1043 4413 1100 4477 hoe
1122 4412 1313 4501 privilegium
1329 4414 1405 4480 licet
1462 4410 1579 4481 isonale
1599 4418 1636 4484 srt
1665 4417 1749 4481 fimus
1772 4417 1816 4483 lo-

231 4496 314 4575 sles,
333 4487 383 4558 vel
410 4493 473 4558 aiio
496 4492 608 4557 morlo.
635 4510 663 4553 2.
692 4484 738 4556 Ut
761 4488 884 4570 singulis
908 4490 1008 4554 liberis
1041 4492 1134 4571 cale,
1163 4493 1183 4553 si
1206 4492 1332 4556 ruilitus
1360 4435 1508 4560 conlisae
1539 4491 1624 4560 suum
1648 4496 1815 4564 tellameri·

228 4573 422 4653 relinquatur
433 4572 484 4637 sua
505 4574 607 4655 portio
622 4566 810 4648 legitimae&
825 4569 931 4651 singuli
949 4570 1009 4635 hae·
1044 4589 1114 4637 tum
1134 4572 1167 4633 in
1187 4571 1317 4655 oppido,
1334 4572 1384 4638 vel
1404 4577 1556 4654 civitate,
1577 4577 1613 4641 ad
1634 4581 1700 4641 eius
1726 4578 1816 4643 valo·

228 4653 312 4729 tedis
340 4656 464 4721 nomine
492 4652 706 4717 honorentur.
736 4646 765 4715 Si
788 4666 894 4719 autem
919 4650 1009 4716 tella·
1044 4670 1111 4715 rem
1127 4646 1242 4715 necesse
1251 4640 1294 4714 eri
1308 4666 1344 4717 ut
1354 4655 1566 4721 interveniant
1583 4653 1697 4735 septem
1712 4657 1815 4731 telles,

227 4754 375 4801 tuentum
390 4728 449 4799 boe
465 4722 933 4809 sueritscriptum,luslinianus
953 4752 1008 4795 rio·
1044 4735 1119 4808 quia
1138 4728 1283 4795 eunaboc
1303 4734 1475 4799 concesium
1491 4732 1527 4800 sit
1549 4740 1631 4815 ruri,
1656 4734 1728 4802 alibi
1747 4739 1816 4801 nul-

228 4820 276 4883 do
294 4817 360 4881 iure
377 4812 483 4879 slatuit
504 4816 535 4877 iri
556 4810 707 4879 Authent.
724 4812 761 4875 de
778 4806 1002 4895 testamimpers.
1046 4811 1077 4875 so
1089 4810 1204 4955 garffet
1222 4809 1383 4891 privilegio
1401 4831 1440 4878 ex
1460 4814 1514 4877 cit.
1532 4816 1603 4895 Leg.
1616 4816 1665 4883 dit
1680 4816 1717 4881 ab
1736 4816 1814 4880 airri-

225 4903 355 4977 ai.'1‹'ap.
374 4911 435 4972 cap.
457 4917 480 4963 i·
504 4886 541 4959 ad
561 4896 628 4971 eius
649 4888 847 4959 validitatem
864 4902 891 4955 r.
916 4909 953 4956 ut
982 4894 1007 4953 i·
1044 4910 1128 4969 quis.
1166 4893 1192 4953 ic
1211 4894 1307 4955 etiam
1323 4895 1424 4968 civis,
1444 4882 1601 4960 &nobilis
1619 4892 1817 4961 recreationis

250 4971 398 5055 sepater,
415 4990 535 5051 mater,
553 4974 604 5037 vel
615 4995 694 5040 avus
705 4970 921 5039 testamentum
937 4970 1008 5035 scri·
1044 4971 1145 5048 gratia
1170 4974 1230 5033 ruri
1256 4988 1507 5053 commorantes,
1530 4974 1551 5039 si
1579 4992 1753 5057 aegrotent,
1778 4972 1814 5040 ilc

252 5071 307 5137 at,
328 5055 380 5125 vel
400 5044 584 5146 subseribaq
605 5075 632 5143 ι,
653 5073 690 5129 ut
714 5056 908 5137 etprimitias
928 5066 1007 5117 teni·
1024 5046 1286 5116 -eondereveiint
1301 5046 1634 5136 suumtesiamentum,
1650 5051 1812 5121 secundum

259 5177 269 5193 -.
1514 5152 1532 5199 a
1691 5154 1776 5201 coiu-
