4425 6000
369 544 461 637 460ι
546 539 715 618 Tntcr.
744 563 800 614 ors
830 543 1082 615 anceerts
1115 538 1336 610 &orestis
1363 537 1544 612 cinlli.
1570 535 1608 612 &
1635 535 1701 611 tv.

327 643 488 717 rentibus,
506 659 541 705 ut
561 637 632 705 sunt
663 641 701 705 de
717 642 860 713 ieiuniis,
885 643 1024 704 carnium
1045 639 1095 702 al>
1132 633 1222 700 semel
1246 639 1278 697 iu
1299 655 1380 699 anno
1399 635 1437 700 ad
1455 634 1670 701 confeffionem
1689 638 1916 705 Sarmenta·-

325 719 475 788 llmtntia
491 770 499 797 ,
515 718 659 785 sestorum
672 716 886 796 observantia,
903 723 934 781 in
959 717 1097 805 spiritua·
1134 718 1200 778 lem·
1210 718 1349 778 omnium
1369 712 1492 778 suontm
1508 735 1706 798 peccatorum
1723 721 1846 802 proprio
1855 719 1909 784 Sa·

328 800 405 865 libus
435 799 512 866 tella
542 802 696 879 regiminis
723 802 805 864 ratio
823 801 939 875 exigit,
958 818 994 862 ut
1020 801 1096 860 inie-
1131 794 1250 858 cerdoti
1274 796 1391 870 teneri,
1413 815 1474 858 non
1499 798 1594 859 solum
1613 817 1664 870 per
1686 798 1825 865 accident
1848 803 1920 867 ‘ra--

200 937 205 948 ,
327 884 389 943 rior
410 885 440 944 in
456 882 621 957 Superioris
649 880 715 958 lege
743 899 785 942 eat
809 881 907 943 tacita
930 878 1096 954 Superioris
1133 880 1219 938 tione
1234 878 1476 950 communionis,
1492 871 1542 938 sed
1560 895 1611 952 pet
1632 875 1663 940 se
1693 882 1725 943 vi
1759 881 1915 957 praeceptl

328 960 453 1025 licentia
481 958 569 1036 possit
594 955 765 1037 dispensare
784 1001 792 1020 .
811 956 860 1021 lta
893 973 981 1022 tenet
994 956 1095 1020 Caiet·
1133 953 1324 1017 ecelesiastici
1344 1000 1353 1029 ,
1372 952 1450 1027 quod
1469 970 1562 1017 extat
1581 955 1743 1021 inConcil.
1757 959 1909 1022 Lateran.

327 1040 414 1103 Nav.
432 1042 525 1106 Azor.
543 1039 655 1101 Sanch·
677 1038 788 1114 aliique
803 1036 880 1101 bene
897 1037 1006 1100 multi.
1024 1038 1097 1098 Pot·
1130 1057 1162 1112 4.
1186 1031 1237 1120 sub
1254 1032 1359 1095 lnnoc.
1380 1030 1432 1093 lll.
1468 1032 1626 1099 celebrato
1651 1037 1684 1098 in
1714 1059 1780 1114 cap.
1802 1041 1914 1102 Omnes

327 1115 369 1182 est
386 1124 480 1185 etiam
492 1117 646 1182 Parochus
667 1139 737 1181 cum
754 1115 814 1180 suis
830 1114 1096 1182 Parocltianisiux·
1132 1111 1231 1191 uirtus
1248 1130 1284 1174 tte
1295 1110 1387 1190 sexus
1402 1111 1438 1176 dt
1450 1113 1548 1189 pectit.
1559 1109 1601 1179 s?
1618 1114 1724 1195 remt'ff.
1750 1118 1812 1181 illis
1839 1136 1911 1181 ver·

328 1216 361 1262 ta
382 1196 532 1275 cuiusque
551 1194 703 1263 Dioecests
733 1195 987 1288 consuetudinem
1016 1216 1024 1258 :
1047 1212 1096 1257 et·
1131 1193 1195 1254 bit:
1217 1133 1323 1254 (stum
1343 1188 1822 1281 ensesquetfhttttstrrstfidelet
1840 1199 1912 1277 post·

329 1283 413 1343 enim
432 1274 563 1342 facultas
593 1275 779 1354 dispensandi
804 1296 835 1337 tn
849 1274 910 1338 ltac
935 1275 1001 1352 lege
1018 1272 1096 1352 saepe
1132 1271 1366 1355 quamadamtot
1387 1271 1572 1350 dictantis
1585 1276 1787 1353 pervenerint,
1811 1277 1910 1341 emnia

330 1374 514 1424 occurrente
541 1354 641 1434 potesl
678 1355 739 1419 else
771 1354 908 1418 Patocho
930 1355 1097 1430 concessa,
1129 1359 1187 1429 jue
1200 1363 1315 1440 peccata
1330 1347 1421 1440 semel
1432 1350 1542 1431 saltem
1562 1354 1593 1415 itt
1614 1375 1696 1419 anno
1714 1359 1908 1434 comitatur

330 1459 400 1501 tum
415 1437 527 1504 boum
551 1438 726 1501 animarum
747 1435 776 1496 id
800 1431 947 1510 poslulet,
964 1449 1001 1496 ut
1026 1451 1096 1496 con·
1131 1448 1241 1508 proprio
1257 1429 1423 1496 Sacerdoti.
1444 1431 1483 1494 Et
1504 1431 1560 1494 hoc
1581 1452 1684 1507 aperte
1712 1435 1834 1500 conslat
1861 1455 1908 1500 et·

330 1518 390 1581 llat
410 1535 450 1582 ex
471 1529 531 1594 cap.
545 1516 690 1595 comino
704 1514 741 1577 de
756 1510 823 1593 stro
841 1531 902 1577 com
936 1511 1011 1577 tenti
1029 1531 1095 1587 cap.
1135 1514 1195 1573 iant
1214 1528 1254 1572 ex
1270 1508 1389 1573 Concil.
1417 1508 1505 1573 Trid.
1524 1506 1588 1574 sels.
1609 1532 1647 1591 ¹4
1673 1534 1740 1578 can.
1752 1514 1782 1577 8.
1796 1516 1828 1578 in
1847 1534 1907 1591 qtto

330 1595 588 1678 diapenteve.
606 1593 794 1660 Ord.&hoc
813 1612 876 1656 non
909 1593 1099 1668 olumquan·
1134 1588 1297 1653 anatliema
1324 1588 1439 1653 dicitur
1468 1609 1576 1655 contra
1606 1607 1831 1669 quemcumque
1855 1597 1906 1671 qui

331 1677 372 1742 do
395 1675 517 1742 nonest
537 1672 636 1738 sacilis
657 1674 756 1737 aditus
775 1672 810 1736 ad
834 1669 1033 1749 Episcopum,
1048 1668 1097 1733 sed
1131 1669 1465 1746 contrariumlentiat;
1483 1665 1517 1734 ἀ
1533 1668 1907 1741 ibititaturCanonCon·

218 1801 222 1808 -
331 1759 425 1821 etiam
451 1754 570 1832 quando
597 1752 688 1818 sacile
714 1753 815 1816 haberi
843 1751 967 1828 potell,
989 1771 1024 1815 ιιι
1049 1769 1097 1813 re·
1130 1750 1193 1811 cilii
1216 1748 1449 1823 Lateraoeulis,
1464 1752 1516 1824 qui
1537 1748 1690 1816 estetiam
1706 1748 1906 1819 sensuscom-

333 1856 410 1901 nent
427 1835 531 1898 Innoc.
558 1832 645 1913 obser.
663 1854 688 1910 5.
711 1832 747 1895 ele
779 1831 872 1895 seiten.
895 1849 955 1908 cap.
974 1852 1000 1892 r.
1022 1852 1051 1891 n.
1064 1849 1092 1890 a.
1133 1830 1231 1892 munis
1251 1829 1387 1891 omnium
1401 1826 1558 1891 fidelium.
1576 1829 1646 1894 Hoc
1664 1833 1908 1908 praeceptumdi·

331 1916 366 1980 &
387 1935 456 1981 cum
479 1912 652 1990 Theologis
674 1910 808 1988 pluribus
827 1909 861 1974 ἀ
877 1907 1095 1972 Canonislisl).
1135 1913 1240 1970 viuum
1261 1902 1418 1986 ell‚quoad
1432 1902 1629 1972 substanciam
1645 1959 1652 1983 ,
1671 1911 1906 1976 ecclefiallituna

335 1994 397 2058 Th.
415 1997 446 2057 in
462 2015 490 2073 4.
509 1991 571 2131 ὥς.
592 2011 639 2069 15.
660 2011 689 2069 q.
710 2005 738 2069 3.
762 2006 821 2054 art.
842 2007 871 2052 a.
894 1985 1094 2064 quaelliuncu·
1135 2008 1206 2049 vero
1225 1984 1322 2063 quoad
1341 1987 1631 2053 determinationem
1658 1995 1826 2065 temporis.
1858 1991 1905 2055 lta

332 2077 361 2140 la
381 2097 410 2154 4.
431 2073 472 2137 ad
487 2087 514 2152 3.
554 2091 604 2135 nio
630 2070 721 2147 aliqui
748 2067 922 2133 extendunt
946 2067 1097 2131 etiamad
1133 2065 1268 2152 sentiunt
1279 2065 1441 2139 Doslores,
1461 2064 1495 2131 ἀ
1513 2067 1620 2144 probat
1630 2069 1805 2135 Concilium
1817 2071 1903 2135 Trid.

332 2157 490 2219 Vicarium
511 2151 657 2226 Parochi,
675 2171 745 2211 cum
764 2165 907 2213 exerceat
923 2147 998 2211 alios
1018 2146 1097 2210 aslus
1133 2148 1180 2208 Sel
1200 2150 1252 2208 cit.
1279 2147 1328 2209 ubi
1349 2149 1416 2222 ait,
1435 2143 1596 2211 Ecclesiam
1618 2167 1743 2214 tautum
1772 2148 1905 2214 slatuere

334 2233 537 2314 parochialem
562 2227 797 2294 iurisdislionem
828 2231 982 2304 exigentes
1004 2270 1012 2286 .
1031 2226 1096 2289 Ne·
1134 2244 1169 2289 ut
1184 2224 1322 2287 divinum
1344 2242 1529 2301 preceptum
1559 2226 1752 2292 consessionis
1779 2228 1904 2308 singulis

313 2329 406 2394 xpauc
429 2331 532 2377 tamen
554 2312 644 2375 Azor.
663 2305 780 2371 Navar.
811 2305 845 2371 ἀ
873 2304 1099 2371 aliiConselsa·
1135 2308 1220 2368 annis
1247 2305 1435 2378 impleatur.
1474 2304 1636 2391 llliautem
1655 2305 1820 2373 censentur
1841 2331 1906 2385 per·

334 2416 400 2471 rto,
417 2391 450 2458 ἀ
468 2389 619 2468 Medico,
646 2393 717 2466 quia
742 2385 873 2462 praedisli
886 2385 1009 2461 possunt
1031 2402 1098 2448 tau·
1136 2385 1251 2446 venisse
1267 2384 1304 2446 ad
1324 2404 1418 2448 annos
1444 2383 1637 2450 discretionis
1652 2392 1702 2463 qui
1724 2384 1796 2452 sunt
1813 2409 1906 2466 capa·

335 2492 402 2539 turo
427 2472 583 2535 declarare
612 2466 702 2531 anstt
725 2465 799 2530 lulla
824 2465 926 2528 caussa
956 2464 1008 2527 vel
1035 2484 1097 2528 non
1133 2464 1478 2540 resculpemorralis,
1506 2460 1555 2528 sed
1582 2464 1615 2529 ἀ
1638 2467 1740 2530 multo
1778 2468 1845 2542 plut
1877 2468 1905 2532 id

335 2554 372 2617 acl
395 2571 456 2616 oon
478 2544 744 2622 ieiunandum,&
762 2544 847 2608 nulla
870 2547 1004 2621 legitima
1025 2564 1096 2606 con·
1135 2549 1207 2607 lutui
1229 2542 1318 2607 debet
1338 2561 1377 2606 ex
1407 2542 1502 2620 gradu
1533 2546 1670 2623 ingenii,
1693 2546 1904 2626 educatione,

335 2630 465 2698 suetudo
499 2625 652 2703 hucusque
679 2627 723 2689 eis
749 2623 932 2701 potestatem
954 2619 1097 2687 concessit
1134 2623 1312 2687 discretione
1331 2621 1402 2686 boni
1424 2622 1457 2686 ἀ
1479 2624 1569 2699 mali,
1589 2646 1656 2701 quae
1674 2627 1786 2689 inaliis
1805 2632 1903 2692 maior

336 2708 519 2790 dispensandi
544 2713 575 2769 iu
591 2708 742 2770 ieiuniis.
765 2702 814 2767 Sic
840 2704 938 2768 etiam
963 2701 1100 2767 Salmau·
1133 2700 1175 2764 ell
1196 2722 1279 2768 anno
1298 2703 1328 2764 6.
1344 2723 1435 2778 quatu
1457 2706 1487 2766 in
1503 2704 1682 2779 quibusdam
1703 2725 1786 2770 anno
1796 2707 1825 2768 8.
1835 2708 1901 2782 Spi-

336 2789 480 2858 picenses.
1136 2786 1211 2846 ritus
1227 2779 1347 2867 quidem
1368 2777 1554 2846 discretionis
1574 2788 1781 2850 communiter
1807 2787 1905 2850 cense-

375 2872 454 2936 Cum
477 2865 676 2947 Regularibut
702 2884 779 2930 vero
800 2858 966 2941 dispensare
1002 2861 1100 2940 potest
1137 2880 1187 2926 tur
1204 2865 1240 2925 iis
1258 2863 1367 2936 inesse,
1385 2864 1435 2938 qui
1455 2863 1683 2939 apprehendunt
1700 2886 1731 2928 v.
1743 2886 1770 2943 g·
1790 2865 1903 2941 quidlit

338 2953 481 3030 Superior
504 2946 621 3022 localis,
640 2944 674 3012 δι
695 2950 727 3009 in
743 2942 795 3013 sua
814 2941 952 3010 absentia
969 2941 1100 3008 eiutVi·
1135 2943 1348 3018 mendacium,
1367 2942 1417 3018 qui
1441 2942 1476 3007 de
1497 2948 1622 3023 impuris
1645 2942 1769 3009 huiusce
1786 2962 1903 3012 tenere
1935 2975 1946 2999 ι

337 3035 437 3098 carius
450 3078 458 3108 ,
473 3032 542 3107 quia
558 3028 734 3103 Superiores
754 3024 919 3104 Regulares
945 3019 1015 3088 sunt
1046 3044 1102 3088 ve·
1135 3025 1239 3088 astatis
1259 3019 1487 3100 operationibus
1504 3023 1682 3089 erubescunt
1694 3054 1705 3100 ·,
1720 3023 1782 3090 &c

338 3134 372 3178 te
402 3110 525 3176 Praelati
556 3104 788 3170 iurisdislionem
811 3104 1001 3169 ordinariam
1017 3102 1101 3183 spiri·
1179 3104 1295 3167 Omnes
1312 3102 1404 3181 igitur
1421 3100 1567 3178 baptizati
1585 3109 1679 3168 ctiam
1697 3105 1903 3184 ltaetetici,qui

340 3190 457 3257 rualem
478 3193 510 3250 in
531 3184 662 3251 subditos
680 3183 843 3259 habentes,
859 3183 934 3247 alias
954 3203 1016 3248 non
1034 3182 1101 3260 pos·
1139 3184 1240 3249 iudicii
1251 3180 1433 3246 discretione
1454 3184 1590 3263 pollent,
1610 3184 1734 3262 quando
1749 3183 1903 3249 conscien-

340 3270 409 3335 settt
424 3270 482 3332 suit
500 3265 624 3331 subditis
655 3267 685 3327 in
713 3259 890 3327 necessitate
915 3264 1102 3337 providere,
1137 3269 1214 3328 tiam
1234 3260 1365 3325 habeant
1386 3268 1502 3337 peccati
1528 3266 1688 3339 mortalis,
1706 3266 1902 3340 comprehen-

340 3372 409 3416 cum
427 3346 589 3425 Regulares
609 3341 647 3406 ab
664 3340 805 3417 Episcopi
821 3339 1102 3415 poteslatesrntex·
1137 3344 1251 3406 duntur
1269 3343 1324 3404 hoc
1345 3362 1499 3420 precepto
1510 3363 1621 3409 aunuae
1637 3340 1845 3420 consessionis,
1869 3343 1902 3408 ἀ

340 3432 453 3505 empti.
471 3424 561 3566 Pptod
585 3442 660 3486 vero
676 3422 797 3513 poliunt
816 3420 990 3514 Superiores
1024 3424 1104 3487 loca·
1139 3426 1169 3486 iu
1190 3421 1247 3485 hoc
1263 3441 1369 3484 omnes
1402 3428 1594 3487 conveniunt
1620 3420 1798 3487 Doctores:
1832 3443 1903 3487 nam

343 3511 386 3573 let
413 3513 444 3571 in
489 3524 528 3568 uo
554 3499 769 3576 Mouaslerto,
800 3500 857 3564 hoc
882 3518 977 3565 ettam
1006 3499 1103 3578 potesl
1139 3523 1210 3566 cum
1230 3500 1526 3577 comprehendantur
1546 3505 1577 3565 in
1600 3500 1656 3566 hoc
1687 3520 1844 3578 praecepto
1870 3522 1904 3565 o-

341 3585 504 3654 theralit
529 3585 562 3646 in
589 3599 663 3645 toto
682 3580 800 3643 Ordine
855 3580 1103 3651 Prouincialitin
1139 3601 1223 3645 moes
1243 3580 1390 3658 baptizati
1405 3628 1413 3659 ,
1429 3585 1479 3659 qui
1500 3582 1625 3647 mortali
1646 3584 1738 3656 culpa
1767 3582 1838 3645 sunt
1856 3587 1904 3645 in·

342 3686 411 3735 rota
432 3666 611 3732 Provincia.
629 3661 678 3725 Sic
697 3660 794 3725 Caiet.
814 3628 937 3726 llavar.
951 3660 1102 3725 Salmaot.
1140 3662 1265 3735 nudati,
1286 3680 1350 3725 non
1370 3662 1721 3727 excluduttturltaeretici
1742 3663 1905 3727 valideba·

342 3751 372 3815 Ρ.
394 3748 550 3812 Antoine.
768 3794 776 3815 ,
1141 3744 1356 3821 ptizati,cum
1386 3738 1420 3804 ἃ
1439 3739 1490 3820 ipsi
1519 3762 1570 3819 pet
1590 3739 1773 3817 baptismum
1802 3741 1904 3806 Eccle-

382 3827 459 3891 Haec
480 3840 585 3888 autem
600 3817 782 3897 dispensatio
802 3822 833 3882 in
854 3817 946 3884 dubio
969 3821 1007 3885 de
1021 3819 1106 3885 suffi·
1140 3821 1190 3885 star
1210 3818 1318 3885 subditi
1338 3817 1405 3883 sasli
1428 3818 1507 3896 sint,
1523 3821 1635 3885 idcirco
1657 3819 1715 3883 suis
1737 3819 1851 3900 legibus
1861 3840 1906 3885 te·

343 3910 458 3973 cientia
475 3902 586 3968 trulla
608 3902 647 3963 ad
667 3920 728 3987 non
753 3900 972 3979 ieiunandum,
990 3898 1052 3965 sem
1092 3922 1106 3963 t
1142 3921 1277 3977 nentur,
1297 3898 1350 3963 nist
1373 3899 1504 3964 Ecclesia
1523 3921 1574 3965 eos
1596 3898 1768 3989 dispenset.
1787 3898 1909 3965 Netos·

344 3985 614 4063 peridebet,quia
631 3976 767 4056 pollessto
787 3976 821 4043 ἀ
842 3976 1039 4057 praesumptio
1073 3995 1105 4044 at
1146 3981 1315 4056 dicitquod
1336 3980 1510 4045 Concilium
1529 3982 1609 4045 dicat
1632 3980 1909 4059 ndelessqunlae·

343 4087 397 4145 pro
416 4064 499 4144 lege,
514 4060 547 4126 ἀ
569 4061 599 4123 in
616 4059 707 4124 dubio
728 4062 826 4125 tutior
843 4080 910 4137 pars
929 4059 972 4124 ell
988 4061 1105 4141 eligen-
1142 4081 1177 4140 pe
1196 4058 1291 4124 fidelis
1309 4063 1433 4123 nomine
1453 4060 1598 4139 intelligit
1627 4058 1760 4129 Ecclesia
1778 4061 1911 4136 baptiza·

234 4148 239 4161 '
344 4147 400 4211 da.
417 4142 466 4211 Sic
482 4146 515 4207 P.
533 4142 688 4205 Anteioe.
1144 4160 1211 4206 cum
1225 4187 1234 4215 ,
1247 4137 1282 4204 ἀ
1304 4140 1480 4216 plerumque
1501 4142 1611 4204 dicitur
1634 4136 1762 4206 infidelis
1782 4147 1835 4224 qui
1858 4160 1911 4205 oe·

1142 4219 1263 4297 quidem
1279 4225 1401 4287 ratione
1418 4218 1560 4295 baptismi
1591 4235 1723 4296 pertinet
1752 4229 1789 4290 ad
1813 4222 1912 4288 Eccle-

463 4344 467 4351 -
500 4299 527 4365 C
566 4301 596 4365 A
635 4302 658 4364 P
697 4299 726 4362 U
769 4299 801 4362 T
881 4297 955 4363 lv.
1143 4299 1377 4364 stam-Annua:
1405 4297 1598 4363 consessionis
1622 4316 1782 4381 precepto
1803 4323 1913 4369 tenen·

1075 4456 1079 4465 ι
1145 4400 1195 4445 tur
1211 4382 1308 4443 etiam
1325 4382 1382 4456 qui
1400 4379 1514 4444 habent
1536 4396 1660 4455 peccata
1678 4404 1761 4450 mere
1779 4390 1911 4458 interna,

344 4472 387 4530 De
406 4482 509 4530 annua
529 4458 664 4543 paschali
682 4458 845 4549 eonfeffiune
863 4456 905 4527 (Φ
933 4477 1108 4524 contmttto·
1143 4479 1178 4524 ut
1194 4460 1349 4549 colligitur
1365 4482 1403 4547 est
1423 4479 1484 4538 cap.
1495 4462 1601 4525 Omnes
1615 4464 1764 4542 altiusque
1774 4463 1912 4545 [tresde

468 4564 472 4571 ·
649 4559 689 4606 tte
705 4540 863 4620 terrendo
1139 4552 1237 4620 penit.
1249 4550 1289 4608 eff
1305 4536 1410 4620 temps.
1427 4540 1461 4605 dc
1481 4542 1645 4611 erConcil.
1669 4543 1758 4610 Trid.
1781 4545 1844 4609 seli.
1864 4565 1907 4622 ¹⁴·

677 4704 704 4768 S·
745 4698 768 4761 1.
1143 4639 1271 4765 ωρΝιξιιιι
1291 4720 1365 4765 vero
1386 4700 1496 4766 habent
1535 4703 1601 4770 sola
1628 4725 1752 4782 peccata
1778 4703 1952 4773 venialiane

533 4824 577 4883 ιο
723 4814 913 4899 mm
1145 4796 1588 4939 {statuissemus
1607 4781 1960 4933 §uiuentis

305 4924 308 4929 ¹
347 4937 481 5078 Extra
500 4955 592 4999 omne
607 4933 809 5028 dubiumpto
829 4952 919 4999 certo
937 4928 1107 5027 labendum
1144 4958 1242 5033 cunt,
1265 4939 1395 5003 Ecclesia
1413 4908 1616 5020 praeclpt'cndo
1641 4890 1673 5009 ila
1689 4892 1818 5015 dec’rsllt
1832 4907 1960 5014 clun-ll:

420 5016 463 5081 esl
481 5063 490 5092 ,
508 5020 615 5078 onlnet
634 5011 848 5078 christifideles
881 5011 1037 5088 utriusque
1062 5012 1107 5079 se·
1144 5019 1372 5084 ciluLater.ttt
1391 5029 1636 5095 peceataomnia
1656 5034 1824 5105 quotannis
1839 5050 1911 5097 corr·
1928 5027 1960 5076 ¹·²·

343 5119 420 5176 aut,
433 5117 505 5163 eum
521 5094 559 5161 ad
578 5089 872 5161 annotdiscretionit
887 5097 1106 5179 pervenerint,
1144 5095 1314 5179 liceatnur,
1337 5101 1469 5179 loquitur
1489 5103 1529 5170 de
1557 5108 1740 5175 mortalem
1761 5128 1904 5189 rantum,

1213 5238 1218 5245 .
1814 5212 1878 5257 non
