4425 6000
499 399 1265 480 rrrcr.nrtr1usrrrrrtrc.
1297 402 1499 478 Cauil.
1709 407 1758 502 83

242 519 375 583 poectto
391 500 521 571 scandali
542 552 551 581 ,
577 505 641 568 hare
661 520 786 568 munera
803 502 1007 581 accipiendos
1081 502 1195 566 Verum
1216 503 1806 582 inptaritribunalispoenirenriaecirca

241 586 312 661 quia
341 585 473 648 reddunt
497 584 653 650 Antasrum
680 585 874 648 audaciorem
903 585 933 645 dt
960 603 1011 646 ard
1044 581 1248 645 huiuscemodi
1268 598 1355 660 parta
1370 604 1408 646 ex
1436 587 1597 659 iniquitate
1621 582 1807 648 consultissi-

243 665 440 739 deteriorem,
460 662 493 729 dt
514 664 574 741 ipsa
594 659 715 726 facilem
732 662 761 725 se
775 666 872 727 reddit
894 667 928 726 ad
948 666 1007 725 rui·
1043 680 1126 725 mum
1145 662 1188 725 eli
1209 664 1288 737 quod
1303 660 1482 728 Conseslarii
1503 711 1512 740 ,
1531 662 1654 740 quando
1670 666 1716 726 tei
1733 665 1805 729 talia

244 763 332 808 nam.
351 749 494 808 Matrona
509 764 548 807 ex
564 744 603 805 l).
614 744 803 826 Hieronymo
815 764 858 806 art
870 744 906 804 D.
921 743 1009 806 Tho·
1045 745 1149 820 pravi,
1171 763 1206 806 ac
1229 741 1335 806 sordidi
1352 742 1429 806 lucri
1453 744 1602 808 accedunt
1626 791 1634 819 ,
1651 746 1809 817 munnam

243 844 308 887 mas
330 824 349 887 i.
374 843 403 901 5,
428 823 464 885 de
483 823 592 885 erudit.
616 826 759 899 Principis
782 844 837 887 non
857 825 896 903 est
916 823 1009 905 rasta,
1044 820 1089 883 his
1105 836 1157 896 pro
1178 825 1364 898 penitentia
1381 840 1491 898 praeter
1512 824 1675 887 aliaet'iam
1690 821 1808 900 obliga·

194 966 213 982 ,,
243 923 310 982 qua·
327 925 396 969 rum
411 912 529 983 rogatur
548 922 671 966 murteta
685 904 808 982 accipit.
1045 903 1161 965 tionem
1176 903 1320 979 erogandi
1340 903 1416 967 talia
1435 903 1514 966 bona
1545 907 1577 964 in
1602 902 1809 986 eleemosynas

194 983 227 1021 ¹¹⁸
283 983 361 1048 Dixi
381 983 564 1060 quandoper
582 983 656 1059 leges
676 982 725 1046 bor
743 982 771 1046 et'
791 1005 846 1046 nort
862 979 1009 1061 proirilea·
1045 980 1243 1055 pauperibus,
1262 981 1314 1045 vel
1331 983 1362 1045 in
1384 983 1444 1046 alia
1465 987 1512 1057 pia
1532 1003 1645 1059 opera,
1667 981 1687 1043 sr
1709 981 1810 1046 adhuc

184 1045 225 1148 ᾖ*
245 1077 295 1127 rur
307 1113 316 1140 ‚
329 1067 401 1140 quia
422 1063 517 1138 aliqui
535 1063 648 1125 dantur
666 1064 750 1127 casus
775 1065 805 1124 in
832 1063 938 1137 quibus
960 1079 1010 1137 per
1045 1058 1123 1135 apud
1138 1079 1192 1124 eos
1205 1080 1343 1138 extent,
1369 1059 1433 1126 srve
1448 1065 1481 1123 in
1500 1058 1530 1124 se
1550 1111 1562 1138 ,
1585 1060 1649 1123 srre
1666 1064 1698 1123 in·
1712 1066 1811 1137 aqui«

182 1172 205 1210 rs
247 1144 327 1221 leger
344 1141 497 1206 inhabiles
512 1143 647 1229 redditur
668 1141 705 1206 ad
724 1141 855 1206 dandum
875 1147 924 1218 qui
945 1143 1010 1217 dat,
1045 1139 1163 1224 valenti
1189 1189 1197 1216 ,
1224 1138 1385 1206 dummodo
1408 1138 1487 1206 sorte
1513 1139 1565 1218 ipsr
1599 1161 1723 1216 quoque,
1746 1142 1808 1205 illis

194 1227 226 1276 ’ὃ
244 1223 277 1289 &
296 1224 451 1299 ¹accipiens
463 1222 681 1296 consequenter
707 1221 744 1285 ad
774 1223 976 1295 recipiendum
999 1243 1008 1297 3
1045 1237 1107 1281 non
1124 1219 1298 1299 indigeant;
1315 1221 1348 1287 dt
1368 1224 1439 1294 quia
1456 1219 1532 1286 talia
1546 1223 1671 1284 crimina
1688 1238 1814 1296 poenam

182 1302 229 1339 Μ·
263 1305 403 1366 uiarum
422 1301 494 1367 dans
515 1301 656 1364 inhabilis
687 1301 822 1365 redditur
853 1302 888 1366 ad
911 1317 1008 1365 trans·
1045 1316 1231 1376 merentur,
1256 1299 1290 1366 dt
1311 1321 1350 1365 ne
1375 1301 1493 1366 luctum
1515 1322 1553 1364 ex
1576 1302 1739 1377 iniquitate
1759 1322 1810 1364 re·

274 1382 405 1446 rendum
424 1379 593 1442 dominium
617 1421 627 1456 ,κ
646 1380 786 1444 inhabilis
802 1399 841 1445 eo
861 1378 923 1458 ipso
943 1382 1009 1446 red·
1045 1395 1212 1455 portetur,
1240 1380 1275 1446 dt
1290 1376 1329 1445 stc
1346 1399 1485 1456 receptor
1514 1377 1655 1444 affedum
1683 1381 1720 1442 ad
1740 1381 1809 1444 cul·

244 1462 329 1525 ditur
357 1462 508 1534 accipiens
535 1460 572 1522 ad
601 1460 768 1526 dominium
799 1463 829 1523 in
858 1480 891 1523 re
917 1461 1008 1525 atali
1045 1477 1114 1533 pam
1135 1478 1201 1521 non·
1219 1463 1370 1537 retineat,
1391 1461 1425 1526 &⁴
1440 1460 1584 1536 adturp'ta
1608 1458 1813 1524 huiuscemodi

243 1540 340 1604 dante
365 1555 491 1616 accepta
509 1538 723 1613 acquirendum
742 1588 751 1616 ,
778 1539 896 1604 acideo
915 1559 1009 1604 annu·
1045 1537 1187 1601 iteranda
1208 1560 1270 1603 non
1287 1539 1460 1604 alliciatur.

243 1622 326 1683 latur
345 1617 427 1682 ailus
446 1636 465 1679 a
484 1637 545 1693 quo
588 1618 680 1682 endet
701 1622 746 1682 ius
767 1619 932 1696 accipiendi
941 1641 1010 1683 cum
1088 1615 1233 1691 expolito
1252 1617 1285 1682 dt
1305 1619 1503 1695 comprobato
1523 1623 1620 1695 primo
1640 1618 1745 1686 allatae
1766 1615 1812 1679 di·

241 1699 358 1763 iustitia
375 1698 408 1762 dt
432 1641 585 1760 retinend
611 1720 619 1766 ;
645 1698 726 1762 unde
755 1719 801 1762 res
823 1716 947 1771 accepta
964 1718 1010 1762 re·
1044 1693 1208 1760 stindlionis
1225 1697 1384 1774 membro,
1408 1718 1514 1775 nempe
1539 1699 1617 1775 quod
1642 1697 1811 1764 liberaliter

242 1777 325 1842 slitui
343 1777 456 1842 debet.
475 1775 742 1841 lnlrtbilesautem
759 1778 1011 1842 addandumred·
1046 1774 1095 1837 seu
1136 1781 1255 1840 ratoito
1271 1777 1342 1842 data
1363 1779 1402 1841 ob
1416 1790 1494 1854 opu'e
1511 1780 1677 1842 meretricii
1700 1773 1814 1854 polsrnt

241 1860 360 1922 duntur
380 1878 433 1936 pet
455 1855 533 1936 leges
553 1858 694 1933 milites,
720 1862 854 1921 minores
871 1899 883 1932 ,-
907 1856 1011 1935 servi,
1046 1795 1149 1919 valide
1177 1854 1238 1918 line
1268 1857 1331 1920 ulla
1360 1855 1506 1939 iniustitia
1534 1880 1553 1922 a
1582 1862 1747 1933 recipiente
1765 1874 1812 1919 re·

241 1937 295 2024 lilii
311 1933 445 2001 familiar
463 1985 472 2013 ,
499 1937 592 2002 liceat
609 1935 705 2014 quoad
733 1938 872 2014 quadam
900 1959 1010 2002 munu-
1047 1936 1157 2012 tineri,
1173 1936 1263 1999 restat
1277 1938 1438 2001 ridendum
1449 1937 1485 2000 de
1501 1937 1580 2002 datis
1594 1935 1815 2011 obaliudopus·

243 2017 325 2082 scula
356 2018 501 2081 videatur
528 2016 714 2081 consuetudo
749 2020 940 2081 contrarium
967 2021 1011 2080 in·
1047 2033 1174 2102 pravum
1196 2016 1274 2091 quod
1296 2037 1356 2079 non
1374 2016 1410 2080 srt
1426 2019 1653 2092 meretricium,
1673 2013 1815 2081 &debir

241 2097 379 2160 duxisse.
410 2097 574 2172 Multoque
599 2118 690 2174 mags
715 2100 811 2160 irritat
844 2096 1011 2161 redduntur
1047 2094 1208 2158 resolvitur
1228 2095 1261 2160 ὅ(
1283 2095 1429 2161 statuitur
1448 2118 1518 2159 cum
1534 2095 1662 2160 laudato
1681 2095 1812 2159 l⁷.Hen⁴

240 2172 452 2241 huiuscemodi
473 2175 688 2239 retributiones
709 2173 1011 2254 srfiantaReligioso
1048 2194 1089 2238 no
1106 2195 1168 2238 non
1190 2177 1270 2249 polle
1286 2175 1324 2239 ab
1345 2180 1512 2249 accipiente
1530 2174 1634 2240 valide
1654 2179 1778 2240 retineri
1801 2220 1814 2252 ,

237 2251 401 2336 professo,
420 2255 540 2319 acideo
559 2255 748 2319 Monaslerio
772 2261 803 2318 in
828 2273 898 2318 toto
915 2262 1010 2333 rigore
1046 2273 1081 2315 ac
1099 2253 1222 2330 proinde
1238 2276 1310 2318 eum
1336 2259 1433 2318 teneri
1460 2256 1497 2319 ad
1527 2255 1704 2319 eorumdem
1725 2252 1811 2316 relli-

234 2337 441 2401 conicrentiae
463 2333 656 2398 restituenda
675 2334 744 2398 sunt
763 2382 771 2411 ,
789 2357 857 2398 cunr
878 2337 1010 2413 Religio
1047 2336 1220 2397 tutionem.
1241 2335 1280 2400 Et
1302 2338 1346 2399 ita
1369 2351 1454 2399 tenet
1473 2340 1572 2399 etiam·
1588 2335 1619 2400 S.
1637 2335 1771 2398 Thomas
1780 2351 1812 2395 aa

234 2415 285 2480 sus
303 2414 383 2478 nihil
407 2433 499 2489 queat
521 2414 694 2489 expendere
719 2414 783 2477 srrre
801 2418 939 2489 expressa
959 2418 1007 2478 vel
1045 2432 1074 2473 a.
1095 2434 1122 2490 q.
1146 2417 1195 2474 61.
1216 2427 1273 2477 art.
1297 2434 1323 2492 5.
1344 2415 1386 2478 ad
1398 2428 1427 2475 2.
1449 2412 1596 2481 (talibi.
1628 2415 1711 2478 Nam
1735 2413 1811 2476 licet
1899 2428 1905 2449 ⁴

229 2498 340 2560 tacita
361 2492 521 2568 superioris
546 2494 670 2556 licentra
693 2543 701 2571 ,
728 2515 816 2572 quam
844 2514 899 2557 nec
920 2496 1009 2570 snpe-
1047 2492 1125 2556 tales
1155 2493 1337 2558 donationes
1364 2513 1403 2557 ex
1431 2495 1497 2558 iure
1532 2493 1665 2558 naturali
1701 2492 1815 2559 valida

229 2578 321 2655 rior,
345 2593 403 2636 nec
425 2590 527 2637 totum
548 2573 771 2638 Monailetiunr
789 2579 819 2636 in
841 2573 922 2638 hisce
938 2574 1011 2638 caii·
1047 2571 1123 2649 lint,
1145 2573 1312 2638 redduntur
1326 2581 1437 2637 'tamen
1457 2575 1602 2639 invalidae
1630 2594 1649 2637 a
1673 2576 1738 2637 iure
1759 2593 1811 2649 po·

231 2652 339 2718 busci
363 2654 531 2719 eoncedere
550 2653 650 2715 valet.
684 2654 715 2715 Si
735 2671 837 2717 tamen
860 2654 1012 2733 Religiolo
1047 2651 1160 2726 iitivo,
1184 2669 1218 2715 ut
1240 2650 1361 2717 rnnslat
1382 2656 1456 2717 exi.
1480 2652 1556 2716 iuris
1600 2652 1712 2715 entium
1725 2672 1751 2730 7.
1773 2649 1811 2732 ᾔ,

229 2735 382 2799 concessa
403 2737 478 2820 esset
500 2729 631 2797 facultas
647 2732 821 2809 disponendi
843 2734 884 2795 de
905 2737 1010 2809 aliqui·
1048 2732 1083 2794 de
1105 2731 1225 2819 Passis.
1253 2733 1271 2796 l.
1284 2735 1312 2815 fi
1336 2734 1430 2819 plagis
1460 2735 1498 2796 dt
1520 2675 1637 2796 verdon
1665 2730 1748 2809 oblrg.
1787 2731 1811 2795 l,

229 2810 291 2877 bus
314 2860 326 2891 ,
356 2815 456 2887 pollet
478 2812 498 2875 si
520 2809 602 2875 sorte
627 2814 659 2874 in·
682 2814 749 2876 tale
771 2813 914 2887 probrum
936 2817 1012 2875 inci·
1045 2813 1230 2878 Generaliter
1246 2818 1294 2874 26.
1315 2810 1356 2878 s?
1371 2816 1429 2891 leq.
1461 2812 1510 2876 ubi
1536 2811 1630 2876 nulla
1651 2810 1810 2874 declaran-

231 2891 328 2957 diilet
355 2911 394 2956 ut
424 2896 524 2957 etiam
545 2892 657 2966 prolem
687 2889 887 2968 suscepisset,
915 2894 1010 2969 pollet
1046 2910 1096 2954 rur
1115 2938 1123 2965 ,
1140 2893 1241 2955 irritae·
1254 2891 1423 2969 nulliusque
1441 2892 1553 2955 valnrrs
1575 2890 1814 2968 obligationiive

232 2972 362 3047 inquam
377 2991 416 3036 ea
430 2973 610 3049 impendere
626 2974 658 3032 in
676 2968 832 3036 subsidium
861 2969 1012 3050 semmae,
1047 2969 1248 3036 huiuscemodi
1271 2973 1466 3037 donationes.
1489 2971 1528 3036 Et
1540 2970 1630 3036 valde
1651 2982 1736 3047 aeque
1757 2990 1810 3048 per

234 3050 268 3117 dt
280 3055 379 3129 prolis
394 3050 1011 3127 titaloeleemoiinae,dnmmodoomnino
1047 3055 1139 3115 hoca
1158 3055 1224 3114 iure
1239 3068 1365 3117 cautum
1382 3050 1462 3130 fuit,
1481 3069 1516 3115 ut
1538 3053 1665 3116 tollatur
1691 3049 1812 3115 occasio

237 3132 376 3196 cessasset
399 3137 519 3217 animus
538 3136 752 3216 meretricius;
781 3136 849 3205 quia
866 3134 1010 3197 donatio·
1033 3151 1084 3195 -ne
1099 3151 1197 3194 moret
1218 3152 1455 3212 corrumpantur
1476 3180 1484 3208 ,
1513 3132 1644 3198 laedatur
1669 3128 1816 3207 iustitia,

239 3228 294 3274 nes
307 3212 377 3276 iiia
397 3216 457 3290 piar
477 3210 570 3288 lunt„
585 3209 621 3275 dr
635 3216 700 3274 lere
717 3211 892 3277 necessarias
906 3210 1005 3290 polito
1047 3233 1114 3276 ruat
1137 3210 1297 3289 claritas,
1326 3213 1495 3291 triumphet
1523 3214 1688 3288 iniquitas,
1704 3206 1811 3295 miseri

243 3309 385 3365 peccato.
1045 3296 1256 3368 opprimantur
1275 3341 1285 3371 ,
1304 3294 1437 3357 divitum
1454 3296 1599 3369 iniquitas
1618 3291 1813 3354 extollature

277 3368 450 3447 Uxoratae,
464 3365 685 3447 stliaesamiliar,
701 3371 1009 3437 ancillaenontenen·
1045 3373 1126 3436 Hinc
1147 3370 1185 3433 D.
1204 3374 1390 3453 Angelum,
1415 3376 1485 3446 quia
1514 3376 1578 3434 vim
1599 3368 1809 3458 distantum-le·
1848 3439 1851 3448 1

246 3460 296 3511 tur
316 3470 390 3513 unae
419 3448 579 3512 restituere
596 3452 708 3514 marito
729 3499 737 3528 ,
762 3453 830 3516 aliae
857 3453 935 3523 patri
959 3452 1007 3512 vel
1045 3457 1239 3528 guurnovit,
1259 3456 1304 3516 ait
1323 3448 1463 3530 supracit-
1486 3451 1543 3514 loro
1564 3455 1604 3514 Et
1631 3468 1701 3526 quta
1717 3458 1809 3511 eitam

246 3526 453 3605 domino,leu
470 3548 616 3602 reponere
637 3533 717 3593 inter
745 3531 825 3594 bona
848 3530 1008 3596 domestica
1045 3532 1121 3607 ille,
1148 3533 1200 3611 qui
1215 3531 1319 3610 arripit
1339 3555 1393 3595 non
1408 3528 1488 3594 deber
1500 3529 1554 3610 fibi
1570 3526 1712 3591 retinere.
1733 3529 1816 3590 ‘Au-r

246 3611 388 3681 praetium
426 3609 651 3685 turpitudinis,
691 3610 743 3675 vel
778 3630 906 3675 munera
934 3631 1009 3686 qoo-
1044 3614 1223 3676 duritatem
1242 3613 1279 3673 D.
1294 3611 1424 3674 Thomas
1441 3609 1612 3684 firmatipsa
1631 3610 1728 3670 ratio.
1752 3606 1814 3668 Et*

245 3686 409 3751 modolibet
426 3686 596 3751 abAmalio
610 3687 778 3754 eisdonata
792 3729 806 3766 ,·
820 3690 855 3754 dt
877 3690 919 3753 esi
941 3711 1008 3767 pto·
1043 3697 1126 3753 enim
1148 3714 1216 3755 cum
1233 3693 1312 3772 leges
1323 3691 1382 3754 rllae
1393 3684 1706 3761 invalidasnullasque
1718 3683 1813 3778 huin«

245 3762 389 3841 btbilior,
409 3766 600 3843 quidquidin
620 3772 812 3833 contrarium
828 3770 1005 3835 dicantalii:
1032 3773 1172 3835 scemodi
1194 3774 1377 3834 donationes
1395 3769 1601 3841 ilat·uant,eo
1621 3761 1810 3842 ipsoinhabr«
1904 3776 1906 3780 ’

245 3865 311 3920 quta
327 3843 417 3908 sicuti
435 3845 514 3921 alia,
528 3866 601 3921 quat
618 3852 749 3923 acquirit
768 3853 897 3926 pmpriis¹
911 3854 1009 3911 marii·
1031 3852 1103 3914 'lem
1114 3852 1241 3916 reddunt
1251 3848 1602 3913 dantemaddonandum
1613 3867 1667 3928 ‚ac
1679 3843 1808 3921 proinde

245 3922 299 3987 a»
313 3921 418 3988 iussio
435 3928 555 3989 mrito
573 3973 581 4002 ,
607 3924 705 4001 potesl
718 3928 797 3991 clam
823 3932 858 3990 in·
876 3935 1008 4005 proprios
1044 3931 1079 3994 ad
1089 3935 1255 3995 dominium
1266 3934 1307 3992 rer'
1317 3932 1438 3992 donata
1450 3933 1479 3987 in
1496 3927 1691 3990 donatarium
1706 3922 1807 3987 trans·

246 4000 317 4089 usus
333 4024 539 4081 converrere,
556 4007 697 4081 idemque
712 4006 808 4070 dicito
829 4006 944 4071 desilit
964 4028 1009 4072 re·
1031 4008 1414 4074 -ierendumvariae-sunr
1427 4004 1813 4083 donationesquaeobrure
1842 4023 1849 4035 ·

246 4082 341 4158 lpedlu
359 4085 455 4159 patris
474 4128 489 4162 ,
509 4083 550 4146 de
570 4086 680 4149 ancilla
709 4085 839 4164 tespedlu
865 4087 976 4150 domini
999 4135 1008 4166 ‚
1045 4105 1111 4165 pem
1130 4090 1265 4155 caussam
1282 4110 1299 4152 a
1317 4092 1383 4154 iure
1395 4085 1741 4163 pofitiroteiiciuntur,
1754 4079 1811 4148 sete

246 4162 290 4225 ita
310 4166 428 4239 poterit
448 4183 485 4226 ea
500 4183 638 4239 quaeper
654 4182 745 4241 turpe
767 4167 1006 4243 lucrum-acqui·
1032 4170 1258 4245 reprobantur,
1279 4186 1387 4245 nempe
1407 4184 1474 4242 quar
1486 4164 1562 4231 fiant
1573 4163 1807 4242 ficarioproali·

245 4237 341 4305 lirin·
363 4240 404 4305 Et
430 4242 486 4306 boc
510 4241 613 4306 multo
636 4249 729 4324 magis
756 4246 907 4322 conslat3
935 4249 1007 4324 quia
1041 4252 1132 4313 cuius
1149 4246 1376 4321 interictiime,
1395 4267 1463 4323 quoe
1484 4245 1564 4311 fiant
1583 4263 1617 4309 ut
1639 4246 1746 4321 aliquis
1762 4241 1806 4305 ad

244 4324 373 4388 naritus
388 4324 427 4384 in·
442 4321 535 4386 rebus·
548 4324 711 4403 turpibus,
727 4325 761 4390 dt
778 4327 943 4390 inhonellrs
963 4330 1011 4389 ius
1045 4330 1229 4404 peccandum
1245 4343 1449 4407 provocetur,
1464 4324 1527 4388 sive
1537 4341 1698 4402 ¹praecepta
1710 4324 1808 4386 omit-²

244 4419 306 4463 non
331 4400 424 4464 habet
443 4423 546 4479 ,cum
566 4402 612 4465 hu
644 4402 703 4468 lint
724 4407 883 4470 illivalde
896 4406 1008 4472 odiosae
1044 4409 1161 4485 tendo,¹
1175 4408 1238 4474 live
1258 4414 1359 4472 verita
1378 4406 1602 4485 perpetrando,
1614 4417 1688 4480 puta
1709 4403 1806 4466 utde⁴

243 4477 277 4543 dt
293 4479 451 4544 molestas.
480 4479 609 4559 insuper
619 4488 688 4558 quia
708 4486 822 4549 donata
842 4506 862 4547 a
880 4484 1007 4550 consan·
1044 4488 1168 4566 trahat,
1183 4506 1220 4552 ut
1241 4484 1348 4570 falsum¹
1363 4490 1461 4565 iuret,
1482 4504 1517 4550 ut
1541 4484 1724 4560 blasphemet
1743 4480 1810 4546 &cl-

243 4558 412 4645 puineledt
430 4563 538 4625 amicir
553 4563 718 4628 constante
728 4570 926 4632 matrimonio
945 4588 1007 4631 non
1045 4570 1207 4644 itemquae
1229 4568 1307 4632 stam
1322 4564 1595 4641 Procuratoribus,
1615 4564 1811 4639 advocatie,-

242 4658 507 4705 nommunrcrnrur
525 4645 609 4705 inter
616 4648 760 4723 coniuges
772 4688 785 4720 ,ι
800 4665 838 4708 eo
853 4648 931 4722 qood
944 4666 1007 4725 pre
1043 4663 1080 4712 ut
1103 4653 1133 4709 in
1149 4649 1249 4711 cauiia
1272 4646 1382 4711 iniusla
1397 4642 1600 4710 defensionem
1625 4645 1777 4728 praebeant
1800 4680 1816 4716 p

244 4719 408 4784 sumuntur
416 4716 714 4811 praesterrsxaffettu
727 4723 776 4801 ,dt
785 4724 962 4801 voluntate,
972 4745 1008 4790 ut
1046 4726 1170 4792 testibus
1192 4744 1245 4802 pro
1261 4722 1336 4791 salso
1356 4722 1531 4791 teiiimouio
1549 4722 1676 4790 dicendo
1695 4770 1705 4801 ‚
1725 4718 1814 4781 ludi«
1862 4723 1951 4803 vari·

242 4796 625 4878 nobi-mulierariae,
641 4801 952 4870 srcutidedonatione
964 4804 1008 4872 fa·
1045 4806 1128 4871 ribus
1147 4823 1182 4867 ut
1200 4803 1346 4869 iniustum
1358 4804 1516 4881 proterant
1535 4806 1693 4871 iudicium·
1791 4878 1795 4888 Ι
1823 4794 1932 4867 eoum

243 4872 498 4967 stabliosamilias
512 4879 679 4960 impartit
685 4881 1005 4971 potestatecxiilenti.
1084 4884 1215 4947 Dataad
1232 4887 1494 4957 turprmcaussam
1511 4884 1627 4949 resiitui
1639 4874 1812 4969 debentFr·
1823 4870 1869 4969 ἵζ’
1887 4867 1955 4970 ·’“;

243 4952 295 5019 &c
314 4956 432 5024 Peleus
443 4954 584 5033 diriore.¹
595 4959 695 5026 Graii.
709 4962 805 5031 aliive
824 4984 886 5029 non
902 4970 1007 5044 pauci.
1046 4953 1957 5111 [σοφεηάορει[εηιεειιί-επὲίυάίεὶεὲὶίωιάιιιιιὲιῡῐῃῗΰξςέ

326 5075 330 5084 ·
1530 5063 1552 5102 ι
1706 5052 1740 5099 tt
1826 5060 1873 5111 pro
1947 5065 1992 5114 a„
