4425 6000
470 516 519 605 64
726 513 1491 592 Trtiicr.nrluitis·rrrrii&c.
1526 516 1727 594 Cauil.

418 611 576 678 moraliter
585 628 743 687 permanet
759 613 900 689 quamdiu
917 631 976 674 non
998 609 1188 685 retradetur,
1223 610 1293 674 dere
1314 614 1399 689 pollis
1419 638 1488 682 eam
1508 617 1662 681 dominum
1679 618 1805 694 amplius
1834 635 1898 681 oon
1921 615 1988 680 vel·

419 693 472 757 vel
484 695 725 764 interrumpatur
737 689 779 770 ,de
802 692 865 754 liaec
885 691 1001 752 iniullae
1014 690 1186 752 voluntatis
1224 688 1271 766 le,
1292 689 1339 756 sed
1356 701 1496 771 praetium
1513 694 1616 774 ipsus,
1636 718 1710 763 tunc
1728 697 1882 772 inculpate
1899 715 1933 758 ea
1953 718 1987 757 u·

417 767 1190 846 diuturnitasellcircurnslantianotabiliteraggra·
1224 773 1247 830 ti
1266 788 1374 850 potes;
1390 778 1459 850 quia
1480 776 1535 839 hoc
1553 773 1623 840 sacis
1645 799 1706 841 non
1728 779 1829 840 invito
1849 775 1987 838 domino.

418 848 804 925 vans.Qiaieetsiquoad
816 867 914 913 irores
933 867 993 909 non
1003 848 1134 910 multum
1146 852 1189 908 in·
1223 849 1331 915 Peccas
1348 854 1504 929 quidemsi
1527 858 1589 918 eins
1606 859 1744 934 praetiuin
1764 857 1987 932 quamprimum

418 929 503 995 tersit
513 928 632 994 scirean
642 926 781 994 differens
791 926 1010 991 restitutionem
1024 927 1185 1002 unum,vel
1223 947 1308 1007 putes
1328 936 1356 994 ei
1379 954 1440 998 non
1458 932 1613 999 restituas.

417 1009 583 1085 multiplex
601 1026 757 1086 peccatum
772 1009 968 1097 committat,
984 1005 1186 1069 debettamen
1262 1011 1414 1076 Voluntas
1435 1012 1483 1076 seu
1505 1013 1687 1088 propositum
1703 1013 1855 1079 detinendi
1874 1030 1984 1076 rema·
2000 1023 2046 1089 Qti

419 1093 575 1166 poenitens
591 1085 779 1152 manifestare
801 1090 830 1149 in
848 1083 1030 1148 confessione
1044 1106 1070 1145 r.
1092 1106 1108 1148 a
1128 1105 1187 1160 quo
1222 1092 1330 1155 lienam
1352 1093 1634 1157 cell'atrirtualirer
1654 1089 1854 1169 perseverare.
1867 1112 1894 1154 i.
1915 1112 1985 1155 cuni
2002 1087 2046 1161 ”l

415 1185 556 1247 tempore
577 1190 637 1256 rem
655 1169 783 1232 alienam
803 1166 949 1230 detineat.
962 1183 989 1223 2·
1015 1185 1052 1227 an
1072 1162 1186 1239 semper
1221 1172 1363 1236 detentor
1383 1190 1456 1236 vere
1476 1170 1504 1233 se
1525 1176 1674 1246 poeniteat
1691 1172 1727 1235 de
1744 1174 1802 1236 tali
1831 1155 2046 1234 detentio-“⁸¹¹

419 1268 487 1311 eam
516 1246 673 1311 restituere
699 1249 851 1323 potnerit.
875 1260 900 1321 3·
922 1265 959 1305 an
986 1245 1185 1335 yoluntatt’m
1222 1272 1260 1312 ne
1279 1273 1348 1314 cum
1369 1253 1472 1313 animo
1491 1248 1630 1329 sincero,
1656 1250 1707 1316 seu
1734 1252 1886 1328 prosofito
1914 1229 2046 1325 catriz„

419 1328 653 1391 eamrerinendi
677 1327 787 1401 pluries
809 1340 1038 1400 renovaverit,
1063 1339 1097 1410 ut
1115 1340 1184 1386 tota
1221 1328 1396 1395 restituendi
1424 1328 1458 1394 ὰ
1483 1328 1638 1392 sinceritas
1664 1332 1804 1404 propositi
1834 1329 1871 1394 ab
1894 1332 1983 1393 exitu
2001 1338 2045 1387 ἴεν

419 1411 499 1474 ratio
519 1408 662 1483 peccati,
691 1403 724 1469 ἃ
754 1398 892 1467 extensio
910 1398 1000 1466 facile
1022 1417 1117 1483 queat
1135 1404 1182 1466 de·
1219 1407 1419 1488 dignoscitur.
1437 1427 1465 1470 a.
1482 1428 1552 1473 curn
1573 1411 1616 1471 rei
1639 1408 1746 1471 alienae
1764 1409 1905 1471 detentio
1930 1410 1982 1471 de·
2001 1401 2046 1454 ¹¹¹¹

420 1486 583 1567 prehendi.
943 1561 949 1573 ι
1220 1486 1288 1551 sinit
1309 1490 1370 1552 eise
1386 1504 1561 1565 peccatum,
1583 1504 1655 1563 puta
1680 1510 1749 1552 cum
1769 1489 1911 1552 detentor
1940 1487 1983 1554 fa·
2025 1541 2030 1556 ,

459 1564 548 1641 QUOd
568 1584 642 1626 vem
661 1561 776 1624 dicitur
792 1561 828 1622 de
844 1580 881 1651 09
901 1581 949 1636 ‘11¹¹
968 1558 1182 1624 notabilitem·
1218 1566 1280 1632 llus
1299 1566 1341 1631 eli
1358 1570 1508 1644 impotens
1529 1566 1563 1628 ad
1574 1564 1808 1644 rellituendum,
1824 1563 1871 1629 sed
1892 1567 1922 1627 in
1935 1584 1983 1631 ta·

418 1666 489 1725 pore
504 1642 608 1706 differt
629 1659 729 1705 totam
750 1638 1091 1714 restitutionem,1'd<'⁰¹
1111 1659 1183 1713 quo·
1222 1647 1241 1709 li
1258 1645 1328 1709 casn
1348 1646 1384 1709 ad
1404 1644 1462 1709 boc
1480 1663 1516 1708 ut
1533 1664 1690 1723 peccatum
1706 1647 1800 1709 cesset
1821 1665 1859 1708 ex
1898 1649 1983 1709 omni

416 1746 473 1803 ‘1¹1⁰
494 1722 529 1785 de
549 1743 588 1785 ⁶0
608 1720 785 1795 dicendum,
806 1722 856 1792 qui
873 1718 944 1781 dum
969 1735 1071 1781 toturn
1096 1715 1182 1781 festi·
1219 1745 1305 1798 parte
1326 1725 1441 1790 necesse
1464 1723 1528 1800 cll,
1548 1742 1581 1786 nt
1601 1723 1746 1789 detentor
1766 1725 1877 1800 semper
1888 1723 1924 1789 sit
1936 1743 1984 1789 ta·

419 1821 509 1869 tuere
538 1800 636 1877 potest
668 1816 784 1874 partem
813 1794 908 1860 folum
937 1797 1068 1860 restituit
1095 1846 1104 1872 i
1129 1796 1180 1861 vel
1219 1805 1239 1867 li
1261 1804 1375 1869 sincero
1395 1807 1498 1868 animo
1519 1800 1642 1865 assellus
1662 1821 1697 1865 ut
1718 1804 1737 1865 si
1755 1801 1982 1880 fortealiquan·

416 1885 470 1961 (iul
512 1880 582 1943 lissi
619 1880 704 1940 brevi
736 1894 869 1953 tempore
893 1875 1014 1939 differat
1048 1926 1057 1954 i
1088 1896 1181 1955 §ssve
1218 1884 1255 1948 do
1278 1882 1393 1959 posset,
1423 1882 1651 1948 restitutionem
1675 1879 1823 1948 sidurum
1846 1880 1979 1947 efficaci·

415 1961 615 2027 nihilominus
645 1957 789 2019 damnum
819 1953 911 2018 insert
940 1956 1083 2019 creditori
1116 1956 1180 2030 ,dr
1218 1982 1264 2029 ter
1286 1980 1485 2041 proponeret,

416 2057 576 2119 peccatum
597 2035 704 2100 crescit
729 2051 820 2112 prout
846 2036 1064 2100 detrimentum
1088 2055 1180 2124 auge·
1257 2042 1341 2104 Nora
1362 2062 1493 2105 errorem
1514 2040 1575 2107 else
1596 2042 1680 2122 vulgi
1692 2088 1701 2118 ,
1717 2041 1750 2107 dt
1765 2040 1977 2120 corrigendum

414 2138 484 2184 tur.

452 2199 554 2261 Caute
575 2218 643 2259 cnm
663 2195 708 2258 liii
723 2192 887 2272 procedant
907 2192 1094 2258 Conseslarii.
1107 2192 1180 2256 Ete-

415 2280 479 2341 nim
513 2297 538 2337 r.
571 2273 686 2339 absolvi
716 2291 871 2348 nequeunt
897 2272 949 2336 nisi
976 2273 1099 2335 firmum
1126 2273 1178 2335 ha·

414 2355 508 2419 beant
527 2355 708 2433 propositum
726 2350 920 2425 restituendi,
941 2373 1000 2428 quo
1021 2349 1111 2415 facile
1134 2350 1177 2414 di·

413 2434 599 2513 gnoscuntur
621 2453 724 2497 carere
739 2480 748 2509 ,
764 2432 886 2507 qnando
906 2452 968 2493 non
988 2448 1098 2495 curant
1117 2450 1181 2493 me·

365 2519 371 2528 '
414 2517 463 2578 dia
483 2513 624 2578 adbibere
639 2511 803 2575 necessaria
820 2510 854 2572 ad
878 2510 1113 2588 comparandam
1134 2507 1180 2572 sa·

1216 2125 1296 2185 circa
1317 2123 1441 2186 Animas
1461 2141 1584 2197 eorum,
1602 2124 1651 2198 qui
1678 2121 1894 2197 non‘impleto
1924 2118 1978 2183 suo

1215 2222 1307 2263 onere
1329 2198 1529 2263 restitutionis
1547 2200 1636 2263 luunt
1654 2205 1685 2263 in
1712 2203 1889 2279 Purgatorio
1917 2217 1982 2277 ρα-

1216 2302 1287 2342 nam
1310 2278 1368 2343 sua'r
1386 2279 1577 2355 negligentiae
1601 2280 1639 2341 ibi
1672 2279 1787 2343 tamdiu
1802 2280 1945 2343 detineri
1969 2326 1978 2353 ,

1215 2359 1354 2432 quamdin
1379 2356 1550 2429 rellitutio,
1567 2356 1603 2420 ad
1620 2379 1710 2434 quam
1730 2357 1914 2423 tenebantur
1930 2377 1981 2435 per

1217 2438 1348 2501 haeredes
1364 2453 1556 2511 exequatur.
1574 2438 1657 2500 Nam
1668 2442 1837 2515 puniuntur
1858 2440 1980 2512 quidem

1216 2518 1255 2579 ob
1269 2537 1375 2579 earum
1392 2515 1631 2594 negligentiam,
1654 2538 1714 2580 non
1745 2536 1819 2578 vero
1845 2535 1901 2590 pro
1931 2536 1983 2578 ne·

415 2596 565 2659 cultatem
586 2590 780 2665 restituendi,
810 2610 880 2652 nam
909 2598 958 2665 qni
988 2592 1055 2653 vult
1086 2588 1180 2651 finem
1217 2594 1633 2674 gligentiabaeredum‚dnm
1655 2594 1692 2657 ibi
1713 2592 1887 2657 conilitntae
1912 2596 1983 2661 stine

346 2747 349 2752 Ι
415 2676 486 2738 vult
503 2675 597 2737 etiam
612 2672 756 2734 mediaz.
778 2689 815 2730 ne
831 2667 862 2730 lii
882 2671 1019 2744 quidem,
1039 2670 1090 2744 qni
1111 2689 1180 2731 cum
1218 2675 1253 2738 ad
1269 2674 1418 2749 expianda
1441 2690 1563 2747 peccata
1585 2674 1702 2749 propria
1720 2671 1900 2736 nonalicna,
1913 2676 1983 2739 pos.-

415 2774 501 2830 pares
530 2751 590 2814 sint
611 2752 646 2814 ad
666 2748 843 2812 solvendum
860 2766 982 2825 toturn,
998 2747 1090 2810 solam
1111 2768 1180 2821 nar·
1217 2752 1286 2817 sunt
1304 2754 1425 2827 quidem
1447 2748 1580 2813 baeredes
1609 2749 1762 2813 mediante
1788 2748 1984 2817 relliturione

418 2850 482 2897 tem
504 2828 622 2895 solvere
639 2829 749 2892 volunt
767 2829 815 2889 vel
844 2828 1004 2891 reslituere
1026 2826 1080 2889 hoc
1104 2847 1179 2901 prae·
1216 2855 1265 2897 ens
1281 2836 1372 2895 cirins
1394 2828 1540 2903 liberare,
1554 2845 1702 2905 qnatenus
1719 2847 1827 2904 nempe
1858 2832 1983 2897 restim.

415 2928 506 2975 textu
528 2910 608 2987 quod
626 2910 739 2973 domini
766 2929 834 2968 cum
854 2906 964 2970 divites
985 2905 1042 2969 lint
1064 2905 1181 2969 nullum
1218 2916 1263 2977 tio
1282 2911 1322 2975 ell
1341 2910 1616 2984 adio-meritoria,
1633 2929 1668 2971 ac
1686 2907 1808 2983 proinde
1829 2908 1981 2976 liberatio·

396 2991 635 3054 'detrimentum
653 2990 829 3065 patiuntur.
862 2986 943 3049 Nam
963 3007 1002 3050 eo
1027 2983 1091 3063 ipso
1115 2986 1181 3061 quis
1218 2996 1263 3056 nis
1292 2990 1515 3068 impetratoria.
1542 2987 1625 3051 Hinc
1648 3009 1712 3063 cap.
1735 3008 1761 3063 5.
1783 2988 1820 3050 de
1845 2987 1979 3068 Pastoiid.

416 3088 523 3151 peccat
544 3068 624 3146 quod
647 3089 710 3132 rem
732 3066 863 3128 alienam
886 3066 1024 3141 detinet,
1051 3081 1104 3127 aut
1134 3086 1181 3128 ra·
1217 3088 1382 3136 monentur
1403 3067 1534 3131 haeredes
1555 3068 1731 3129 incendiarii
1747 3063 1919 3131 satisfacere
1929 3088 1982 3144 pro

401 3152 460 3225 'pit
477 3148 541 3213 sive
560 3150 702 3211 dammim
725 3147 859 3220 patiatur
879 3143 1016 3207 dominiis
1037 3143 1179 3207 sivenoo.
1218 3149 1403 3216 incendiario
1424 3164 1460 3208 ut
1479 3145 1526 3206 bic
1550 3146 1701 3212 liberetur.
1723 3145 1770 3210 Sic
1791 3148 1822 3213 P.
1848 3147 1979 3217 Henno.

415 3245 444 3308 3.
461 3232 510 3303 qui
526 3251 596 3291 cnm
619 3229 648 3287 in
672 3226 739 3287 aliis
758 3219 989 3287 confessionibus
1010 3222 1180 3302 reslituere,

419 3306 469 3372 vel
489 3304 606 3444 solverse
629 3302 818 3443 promiserifit
839 3323 900 3442 non
924 3322 1026 3442 tamen
1043 3301 1182 3443 restitue]
1525 3308 1551 3390 §3
1593 3304 1665 3367 ill.

651 3403 703 3444 ern
730 3399 742 3443 t
805 3402 864 3442 ini
907 3401 938 3443 re
968 3399 1070 3444 iniant
1129 3403 1168 3442 ve
1437 3419 1442 3430 ·
1539 3417 1544 3426 ·
1601 3413 1605 3423 ·
1649 3418 1653 3427 -
1750 3423 1755 3434 .
1856 3424 1862 3437 .

413 3385 726 3528 sdltditardtelnddvlnn?
748 3403 901 3523 didinarde
930 3429 1115 3524 absolvendi.
1134 3460 1182 3522 Ita
1315 3430 1357 3486 ⁰⁶
1376 3419 1472 3484 '‘dm''
1485 3416 1670 3498 ⁰M²g⁰²¹⁰m¹
1691 3419 1877 3501 '‘flamm'‘

414 3543 517 3625 Sylvi.
541 3543 637 3604 Totrr.
654 3542 683 3601 P.
706 3542 800 3603 Anto.
817 3538 924 3600 aliive.
935 3539 1006 3602 Dixi
1025 3539 1189 3617 ordinatrice
1256 3539 1334 3601 Cum
1351 3537 1497 3601 iniustitia
1515 3535 1599 3599 sicuti
1623 3539 1683 3598 iam
1700 3539 1775 3609 alias
1793 3540 1924 3606 diximus
1943 3537 2045 3611 sitnia

416 3625 487 3696 quia
515 3623 572 3684 hoc
605 3619 832 3694 relinquendum
861 3618 903 3680 cst
931 3615 1182 3682 Conselsariornm
1218 3617 1344 3682 alterius
1374 3618 1446 3678 i'nris
1472 3617 1602 3679 violatio
1626 3618 1835 3692 aequalitatem
1866 3620 1975 3684 tollent
2008 3619 2046 3676 ¹³1

416 3701 588 3779 prudentia
606 3701 654 3774 qui
674 3700 808 3761 indicent
830 3718 902 3762 nuni
933 3716 1040 3760 revera
1071 3699 1187 3777 dilatio
1217 3718 1283 3775 quae
1312 3695 1482 3758 intenditur
1504 3718 1519 3758 a
1542 3694 1672 3771 iullitia,
1694 3717 1729 3758 ac
1751 3697 1875 3773 proinde
1895 3684 2046 3784 resti-⁸¹⁸¹

415 3798 525 3845 contra
550 3775 732 3854 propositum
761 3774 995 3852 praecedentium
1023 3773 1181 3839 conscilio·
1218 3779 1367 3839 cntionem
1389 3778 1581 3852 exigens,nt
1601 3776 1744 3850 perhanc
1768 3776 1919 3840 reddendo
1937 3767 2046 3864 erl-,210

416 3880 489 3920 num
506 3859 673 3924 otiatureir
694 3855 831 3931 malitia,
857 3857 906 3918 vel
923 3877 961 3917 ex
980 3857 1182 3932 legitimaim·
1219 3860 1275 3918 teri
1296 3855 1372 3927 quod
1393 3857 1420 3916 ei
1441 3853 1483 3915 cll
1504 3855 1639 3917 debitum
1660 3852 1838 3916 reslitriatnr
1855 3857 1979 3931 aequali·

413 3940 658 4018 potentia,cnm
678 3938 707 3997 in
725 3933 793 3998 casn
824 3937 1012 4010 impotentiae
1031 3934 1181 4010 poenitens
1218 3952 1266 3997 tas
1287 3932 1540 4008 quamininllitia
1561 3935 1721 4008 eriperat;
1752 3950 1837 4009 patet
1859 3934 1896 3997 ad
1917 3937 1983 4000 evi·

413 4018 480 4093 cogi
508 4032 635 4091 nequeat
666 4016 701 4077 ad
733 4013 951 4078 rellituendnm
979 4013 1040 4073 sirie
1066 4030 1182 4085 mora,
1218 4014 1353 4073 dentiam
1376 4012 1506 4073 radicem
1526 4032 1565 4073 ex
1585 4032 1641 4085 qua
1658 4014 1756 4073 omnis
1776 4012 1923 4089 obligatio
1936 4034 1982 4077 re·

413 4099 485 4174 quia
511 4095 624 4158 dantur
654 4092 711 4158 suae
733 4093 840 4156 catiilae
868 4092 904 4154 ab
934 4091 987 4154 hac
1018 4087 1180 4167 aliquando
1218 4089 1498 4167 ilituendiexurgit
1520 4088 1580 4152 esse
1604 4090 1982 4157 iniullitiam.Rellitntio

416 4170 597 4241 excusantes
617 4173 653 4236 de
674 4173 777 4249 quilius
797 4177 857 4233 iam
878 4167 979 4231 infra.
1219 4174 1313 4248 igitur
1334 4171 1548 4245 aequalitatem
1569 4173 1705 4246 reponit,
1721 4190 1789 4246 quae
1819 4172 1981 4246 aequalitai

255 4248 309 4313 [Μ
325 4256 402 4301 ⁸¹⁸¹·
455 4255 485 4319 Si
501 4254 639 4317 dominus
660 4273 720 4315 non
737 4254 829 4330 magis
858 4265 1004 4329 gravetur
1022 4247 1086 4310 sive
1104 4268 1181 4312 ‘reni
1217 4250 1259 4312 est
1282 4247 1342 4324 ipsa
1363 4247 1483 4310 lullitia
1506 4252 1731 4312 comminativa
1755 4255 1784 4309 in
1808 4269 1982 4313 commnta-

274 4327 362 4363 ’Μ’
385 4325 407 4358 ‘'
420 4334 506 4399 stiam
527 4331 657 4398 otiosam
677 4333 834 4403 detineas,
854 4328 917 4390 sive
934 4348 971 4392 ea
999 4329 1096 4390 utaris
1120 4347 1180 4390 non
1219 4328 1351 4393 tionibus
1372 4327 1539 4406 servanda,
1560 4327 1706 4391 videlicet
1728 4328 1807 4390 inter
1827 4328 1983 4403 opera,&

193 4473 196 4479 .
273 4384 402 4491 {griffi
418 4414 515 4490 magis
536 4412 579 4476 eil
600 4413 687 4486 culpa
709 4403 1180 4489 utendo,quamretinendo,sed
1217 4407 1499 4484 mercedem,inter
1520 4406 1723 4483 mercem,&
1752 4409 1916 4484 praetium,
1938 4411 1986 4467 in·

195 4498 205 4521 ,
401 4502 405 4507 .

413 4495 434 4556 si
455 4493 596 4556 dominus
610 4492 676 4566 plus
697 4506 845 4567 gravetur
863 4494 901 4550 e'x
923 4483 1000 4564 usu',
1029 4506 1120 4561 quam
1141 4504 1179 4546 eir
1218 4508 1265 4552 ter
1286 4487 1407 4561 datum,
1430 4485 1657 4561 &acceptum
1677 4484 1862 4546 Undenulla
1879 4507 1987 4550 occur·

400 4571 477 4637 *sola
496 4571 696 4642 detentione,
722 4568 770 4627 vel
787 4570 859 4640 qnia
875 4562 929 4627 nsu
951 4584 994 4627 res
1016 4564 1071 4627 fiat
1094 4563 1179 4626 dete·
1217 4571 1258 4629 rit
1279 4564 1453 4629 restituendi
1474 4566 1621 4642 obligatio
1642 4563 1692 4626 nbi
1715 4565 1797 4627 :iulia
1818 4564 1982 4639 iniusliria,

410 4654 492 4729 rior,
514 4650 563 4715 vel
590 4650 659 4724 qnia
683 4645 849 4722 periculum
875 4643 912 4706 fit
941 4643 1018 4718 quod
1045 4659 1180 4719 pereat,
1215 4646 1249 4711 ἃ
1264 4645 1349 4708 nulla
1370 4645 1540 4720 reponenda
1565 4641 1607 4706 est
1627 4643 1813 4718 aequalitas,
1841 4648 1981 4718 quamvis

417 4746 493 4794 trine
513 4730 635 4802 gravius
658 4745 760 4802 peccas
780 4723 913 4795 utendo,
935 4743 1026 4797 quam
1043 4725 1180 4784 retinen·
1215 4744 1253 4788 ex
1270 4725 1330 4788 alio
1352 4725 1446 4787 titulo
1467 4742 1562 4800 grave
1582 4721 1655 4784 adlit
1674 4741 1847 4797 peccatum.
1878 4720 1944 4784 'sot
1962 4726 1989 4783 i·

401 4811 475 4871 do.
499 4808 581 4869 Nam
599 4807 725 4868 caeterisv
743 4799 941 4876 paribusplus
961 4800 1003 4862 est
1033 4818 1118 4865 certe
1145 4823 1178 4864 re
1216 4802 1383 4883 giturlnnt
1410 4799 1613 4864 reslitririonis
1639 4801 1778 4875 radices,
1809 4816 1883 4874 quot
1913 4797 1987 4867 sunt

418 4889 520 4950 aliena
542 4887 609 4958 uri,
629 4904 717 4958 quam
735 4900 801 4941 eam
823 4896 945 4943 tantum
965 4880 1122 4955 detinere,
1144 4901 1178 4944 ac
1217 4885 1295 4944 modi
1316 4883 1421 4957 quibus
1448 4881 1567 4943 tollitur
1597 4882 1767 4956 aequalitas,
1788 4901 1824 4942 ac
1844 4880 1988 4947 violatur

419 4967 487 5027 ideo
502 4967 598 5027 maior
618 4961 660 5023 est
682 4963 779 5023 etiam
797 4961 904 5023 iniuria
923 5002 931 5020 .
959 4959 1054 5023 Sires
1075 4976 1178 5022 tamen
1217 4961 1349 5024 itillitia.

419 5043 499 5125 apud
522 5037 652 5106 tesedia
673 5039 709 5102 {it
730 5038 862 5101 deterior
882 5056 915 5100 ut
932 5039 1100 5114 prudenter
1115 5058 1179 5103 ere·
1256 5040 1330 5102 Non
1354 5040 1545 5102 conveniunt
1572 5035 1724 5116 Theologi
1753 5041 1783 5099 in
1806 5037 1987 5119 affignandis

630 5173 633 5177 -
1377 5148 1381 5155 ·
1882 5143 1948 5186 nio-
