4425 6000
338 518 418 602 '474
556 465 1349 586 Trner.nis⁸1’iriiicsrrisEeeiasiie
1375 504 1544 580 Canii.
1640 507 1645 529 '

289 603 489 674 difficultates
509 604 713 671 evitabuntur
765 603 799 670 δι
830 605 931 670 minus
945 603 1055 671 odiosa
1087 607 1226 671 citiorum
1242 601 1448 671 Perochorurn
1463 600 1644 670 alterdires
1668 602 1737 683 fit,
1761 603 1860 674 alters

290 687 435 754 reddern
449 685 781 763 decimarumexadlio,
797 681 1055 762 dumsacilequod
1088 686 1322 773 inopiintegriis
1338 684 1489 762 relinquat
1503 732 1512 762 ,
1526 681 1589 750 sive
1604 682 1626 747 si
1642 682 1858 764 Episcopusdi·

291 759 420 832 soiirum
440 764 481 829 eli
500 787 518 830 a
540 768 651 845 populo
665 768 842 842 obtinetur,
859 762 893 830 dt
914 764 950 829 ad
971 765 1051 829 inlo·
1089 784 1144 829 ves
1160 769 1216 842 lit,
1232 762 1265 830 ὰ
1284 762 1410 829 Parochi
1434 768 1466 828 in
1495 763 1581 830 bonis
1611 766 1762 845 aequales,
1776 765 1855 832 deci·

292 845 351 912 lita
374 866 479 924 aegre,
510 865 544 911 ac
569 845 688 911 nonnisi
719 848 860 924 magnis,
880 843 914 910 δι
935 847 1055 910 nocivis
1088 865 1148 916 uiae
1168 865 1206 908 ex
1223 863 1310 921 aequo
1325 847 1406 907 inter
1425 863 1590 920 utrumque
1604 846 1805 909 dividantur.

289 928 539 991 contentionibus
559 928 660 990 induci
681 925 710 990 se
731 930 866 1005 patitur.
1128 925 1239 1001 Quoad
1269 923 1397 987 alteiam
1425 945 1499 990 vero
1523 921 1737 990 difficultatem
1770 926 1817 989 La

331 1005 446 1070 Gravis
461 1004 627 1070 difficultas
641 1009 723 1073 circa
740 1007 924 1069 decimarum
954 1024 1056 1082 perce·
1088 1026 1159 1069 man
1181 1004 1294 1080 aliique
1313 1000 1471 1081 sentiunt,
1487 1002 1587 1069 etesia
1605 1006 1732 1071 noviter
1747 1023 1803 1081 per
1832 1006 1858 1053 ‘-

290 1087 429 1164 ptionem
444 1089 515 1150 oriri
527 1085 622 1163 potell
640 1087 762 1164 quando
779 1086 878 1150 eliens
890 1088 1056 1166 percipien·
1090 1082 1236 1149 visionem
1261 1082 1418 1167 Parochia
1438 1087 1483 1148 ius
1508 1082 1639 1150 declinas
1666 1083 1851 1161 percipiendi

289 1166 338 1230 dae
362 1186 401 1230 ex
422 1163 586 1245 sruslibus,
602 1169 650 1243 qui
669 1163 834 1232 nascuntur
854 1166 887 1225 in
912 1163 1053 1228 Parocliia
1089 1162 1218 1229 transire
1233 1163 1269 1226 ad
1286 1181 1401 1228 novam
1415 1160 1603 1238 Ecclesiam,
1621 1161 1655 1228 ἀ
1684 1161 1857 1228 Parothuin

288 1246 413 1322 aliena,
434 1263 506 1322 pura
531 1266 604 1309 num
628 1247 698 1309 dum
721 1239 900 1324 qiiis'lsabet
928 1244 1053 1311 domici·
1089 1249 1171 1309 intra
1192 1244 1304 1307 limites
1320 1239 1371 1306 sibi
1392 1240 1575 1322 assignatos.
1597 1244 1686 1308 Licet
1696 1242 1777 1312 lraec'
1789 1246 1854 1318 opi·
1907 1249 1915 1264 ‘

289 1324 368 1396 llum
397 1328 429 1388 in
458 1347 520 1390 una
550 1326 724 1403 Parochia,
755 1324 792 1388 de
823 1323 942 1401 praediis
985 1345 1054 1400 quae
1090 1330 1141 1389 nio
1162 1326 1275 1388 rationi
1292 1321 1677 1398 admodumconsentanea
1689 1322 1857 1399 videatur,

288 1405 322 1466 in
352 1404 414 1470 alia
440 1403 587 1470 Paroehia
617 1404 741 1482 possidet
765 1406 894 1469 decimas
910 1404 979 1470 dare
1007 1407 1054 1465 de·
1090 1404 1204 1469 abaliis
1222 1404 1379 1477 reiicirur,
1396 1400 1855 1482 utparvuiucongruaTriden·

288 1482 364 1548 beat
383 1484 538 1550 Parochiae
555 1482 599 1549 sui
623 1486 783 1550 Domitilii
797 1506 837 1562 ,a
857 1505 916 1560 qua
942 1485 1051 1562 recipit
1090 1490 1158 1548 tino
1172 1483 1249 1559 quod
1266 1485 1297 1545 iu
1319 1478 1370 1543 ses.
1391 1501 1439 1543 si.
1462 1504 1525 1558 cap.
1545 1505 1574 1562 4.
1601 1481 1709 1556 statuit
1739 1498 1774 1544 ut
1797 1480 1853 1545 Sa·

290 1563 509 1642 Sacramenta,
524 1566 610 1630 cuius
627 1569 746 1632 intuitu
760 1563 901 1628 inslitura
929 1561 973 1627 eil
1002 1563 1053 1625 de·
1088 1562 1277 1638 cerdotibus,
1299 1561 1401 1639 quide
1422 1582 1505 1626 novo
1521 1579 1612 1625 erunt
1633 1559 1772 1625 Ecclesiis
1785 1580 1855 1625 no·

287 1648 436 1708 simarum
449 1644 630 1723 retributio,
646 1647 696 1711 vel
717 1667 792 1708 niim
820 1643 964 1708 Parocliia
987 1641 1055 1708 sub·
1090 1648 1171 1711 viter
1191 1640 1296 1707 eratin
1317 1638 1500 1715 praeficiendi
1523 1660 1701 1718 competens
1728 1638 1857 1719 assigne-

287 1723 385 1789 divisa
407 1725 438 1785 in
454 1725 580 1802 Plures,
597 1723 726 1790 Ecclesia
748 1725 865 1788 Matrix
884 1722 982 1788 adhuc
1009 1724 1054 1786 ius
1090 1745 1142 1790 tui
1159 1728 1261 1801 portio
1276 1717 1403 1784 arbitrio
1418 1718 1552 1798 Episcopi
1581 1741 1623 1785 ex
1649 1716 1792 1784 srufflbus
1814 1719 1864 1782 ad

269 1801 400 1868 'lrabeat
419 1807 601 1883 percipiendi
635 1805 911 1880 solitasdecimas,
930 1818 984 1865 aut
1009 1805 1055 1865 ius
1089 1807 1254 1870 Matricem
1265 1802 1524 1878 quoniodocumue
1536 1798 1781 1876 pertinentibus,
1797 1801 1855 1877 igi·

286 1885 474 1961 percipiendi
492 1884 723 1948 adiudicandum
745 1884 782 1948 sit
803 1886 893 1948 novis
914 1879 1053 1944 Ecdesiis
1090 1904 1144 1949 rur
1161 1906 1200 1949 ex
1229 1880 1417 1944 Tridentino
1443 1877 1583 1945 Ecclesiae
1609 1880 1778 1943 Parochiali
1800 1899 1854 1942 no·
1871 1901 1904 1921 κ’

286 1960 482 2041 emislriisiis,
501 1960 534 2027 dt
558 1962 596 2027 ab
620 1961 678 2039 ipsa
695 1966 726 2025 in
746 1966 832 2029 varia
858 1960 987 2026 membra
1008 1962 1053 2024 se·
1089 1969 1172 2029 viter
1193 1959 1300 2028 ereliae
1317 1982 1378 2023 non
1405 1963 1570 2036 acquiritur
1599 1964 1646 2021 iiis
1673 1957 1856 2044 percipiendi

288 2040 417 2105 iunslis.
1089 2046 1221 2110 decimas
1238 2044 1321 2105 intra
1339 2038 1407 2103 suos
1429 2042 1540 2105 limites
1560 2087 1569 2116 ,
1588 2059 1641 2103 eas
1670 2037 1854 2117 segregando

172 2179 175 2190 ,
245 2185 253 2200 ,
328 2120 419 2200 Qud
445 2124 545 2186 atrine
590 2123 627 2186 ad
654 2125 785 2202 primam
811 2119 1056 2199 difficultatem,
1089 2125 1127 2190 ab
1154 2122 1286 2189 Ecclesia
1314 2121 1461 2196 Mattius,
1482 2117 1858 2190 sedaParotho.Matri·.

274 2198 425 2286 sDeeimae
447 2224 508 2279 prae
532 2202 605 2266 iales
623 2200 698 2266 solvi
716 2204 992 2267 debentParochitt
1009 2206 1054 2262 in·
1089 2209 1131 2268 cis
1149 2208 1320 2281 portionem
1350 2203 1484 2275 recipere
1508 2198 1597 2264 debet
1625 2217 1665 2261 ex
1685 2196 1792 2262 iisdem
1803 2197 1855 2260 de·

262 2295 340 2352 (tra
356 2283 443 2345 cuius
464 2283 573 2344 limites
595 2284 710 2358 praedia
740 2281 797 2347 sita
828 2281 923 2361 sunt,
951 2281 1004 2344 nisi
1022 2286 1053 2343 iii
1088 2290 1174 2349 ciniis
1197 2284 1308 2347 iudicio
1333 2279 1470 2355 Episcopi
1498 2277 1563 2356 ipsis
1591 2277 1731 2354 assignati
1749 2298 1759 2354 ς
1775 2275 1856 2341 unde

288 2360 885 2439 contrariumlitlocieonluetudo,&
915 2363 971 2426 lioc
1003 2382 1053 2438 pa·
1088 2367 1180 2429 Sacra
1200 2361 1407 2428 cardinalium
1425 2358 1630 2438 Congregatio
1649 2358 1782 2421 Concilii
1807 2360 1855 2417 in·

265 2457 339 2502 ’τοι
354 2461 393 2504 ex
413 2459 477 2518 cap.
489 2455 535 2519 13.
559 2441 587 2503 h.
602 2461 625 2506 t.
647 2444 693 2505 ubi
715 2442 937 2521 universaliter,
958 2440 1055 2506 sris·
1091 2464 1205 2519 terpres
1220 2443 1389 2506 declaravit
1406 2457 1489 2503 aiino
1510 2442 1599 2516 1617.
1616 2437 1747 2500 decimas
1774 2439 1855 2497 intra

289 2518 424 2594 diffiniit
441 2520 606 2596 llatuitur,
623 2538 657 2585 ur
673 2525 701 2600 st
722 2536 810 2584 ierrae
835 2521 915 2583 inira
943 2535 1054 2586 ceriam
1092 2527 1202 2588 limites
1223 2522 1380 2587 Parochiar
1399 2521 1436 2581 de
1457 2539 1543 2581 novo
1563 2520 1670 2580 ereilae
1697 2535 1857 2579 remanere

288 2597 418 2664 alieuius
435 2600 566 2680 Ecclefiae
587 2600 757 2665 Paroreian
767 2599 907 2680 suerint,
927 2599 1052 2676 &cimas
1089 2622 1125 2668 ut
1142 2623 1235 2668 antea
1255 2622 1346 2681 peries
1362 2595 1528 2663 Ecclefiam
1545 2595 1801 2671 Matricein,nisi
1817 2594 1854 2656 li·

290 2696 395 2742 earum
413 2680 507 2743 eidem
521 2680 657 2762 Fcclefia
669 2680 801 2761 afflgiar-i
813 2680 912 2759 jacias
942 2679 1054 2758 Epilm·
1091 2680 1224 2760 piscopos
1242 2700 1343 2746 certos
1360 2677 1533 2756 assignando
1552 2677 1666 2741 limites
1682 2675 1856 2741 earumdem

308 2779 366 2836 ηις
390 2761 434 2823 ita
455 2763 527 2824 inL
557 2782 584 2837 4.
601 2760 636 2840 ff
656 2758 836 2839 decasius.
857 2759 979 2835 insuper
1003 2760 1055 2822 lia·
1090 2766 1221 2832 decimas
1241 2761 1326 2826 simul
1347 2758 1543 2835 allienaverit
1567 2778 1574 2819 :
1599 2759 1645 2820 ita
1670 2754 1766 2819 refert
1796 2755 1855 2818 Fa·

327 2855 379 2901 tur
396 2860 465 2917 cap.
482 2839 528 2902 18.
550 2850 657 2902 eisdem
677 2844 770 2904 ritulo
793 2863 803 2915 ,·
825 2838 941 2918 difficile
964 2840 1055 2904 nimis
1090 2865 1207 2922 gnanus
1228 2845 1260 2904 in
1276 2862 1367 2918 caput
1389 2844 1461 2901 ciem
1482 2838 1630 2918 contingas
1660 2854 1710 2913 ²9·
1734 2836 1763 2898 b.
1785 2850 1807 2899 r.
1824 2858 1854 2896 n.

289 2918 416 2983 viderur
435 2930 469 2984 iil
489 2942 550 2983 una
563 2923 590 2983 E
594 2921 692 3001 celestii
708 2921 740 2981 i'n
758 2923 938 2996 Teirirorio,
953 2938 1011 2983 imo
1024 2940 1055 2982 in
1089 2944 1138 3005 4²·
1156 2922 1191 2987 δι
1210 2920 1421 3000 sequentibus.
1444 2916 1681 2981 Disrnemlsratio
1699 2918 1795 2992 igitur
1806 2917 1857 2977 de·

291 2995 464 3078 Episcopatu
484 2999 608 3064 alterius
624 3001 746 3079 recipiar
766 2998 922 3078 Decimus,
942 3020 1056 3065 rumex
1089 3009 1237 3068 rimarum
1261 3007 1293 3064 in
1315 2998 1446 3064 Ecclesia
1469 3000 1596 3061 noviter
1622 3000 1653 3058 in
1674 2993 1858 3082 parochiam

289 3079 340 3142 hoc
357 3081 481 3143 socerum
505 3092 545 3144 <5
570 3079 887 3159 episcopatuunfinrs
913 3080 1057 3160 confundi
1091 3085 1189 3148 erebia
1209 3083 1275 3146 fieri
1297 3083 1401 3157 nequit
1424 3076 1462 3141 ab
1477 3077 1608 3141 Ecclesia
1630 3076 1856 3152 Matrice,nili

290 3160 520 3224 non‘immeri'ro
541 3160 721 3223 videantur.
743 3161 843 3238 Dixi,
874 3159 932 3240 ni'ss
952 3163 994 3240 fir
1025 3160 1057 3222 i'n
1092 3165 1151 3228 lsoc
1179 3161 1237 3226 fiat
1262 3162 1375 3224 iudicio
1396 3154 1556 3236 Episcopi,
1577 3157 1627 3221 vel
1657 3175 1697 3218 ex
1723 3174 1861 3220 conven-

174 3299 181 3310 ,
232 3298 239 3311 ,
288 3237 469 3301 contrarium
487 3238 541 3304 loci·
556 3240 743 3316 consuetudo3
761 3238 929 3309 liuicenim
946 3258 1056 3317 utpote
1091 3248 1179 3307 tione
1203 3241 1330 3307 earnem
1356 3240 1496 3302 Matricis
1519 3259 1587 3301 cuni
1614 3236 1749 3301 Parocho
1766 3253 1859 3299 novae

288 3337 360 3391 quae
388 3320 420 3379 in
447 3320 632 3380 decimarum
657 3322 783 3380 materia
811 3316 900 3382 sicuti
924 3322 956 3379 in
988 3319 1055 3381 aliis
1093 3315 1861 3395 Ecclesia:,utsorsanitslibereturabonerequo·

313 3395 509 3459 liiribusvim
540 3396 631 3459 habet
659 3398 747 3472 legis,
766 3395 976 3461 iucundlauter
1005 3398 1055 3460 ad·
1093 3419 1191 3466 tieex
1211 3401 1334 3463 decimis
1354 3418 1437 3461 novo
1457 3397 1593 3460 Parocbo
1614 3393 1788 3460 solvendae.
1919 3466 1925 3477 ,

222 3484 226 3489 “
341 3477 466 3538 rendum
495 3474 555 3553 esi,
573 3493 661 3550 proiit
689 3476 837 3539 llatiiirur
863 3477 1055 3553 eodemcap.
1134 3481 1217 3545 Num
1239 3475 1571 3551 veioNovalia,idell
1593 3475 1725 3541 decimas
1744 3468 1854 3537 exsru·
1884 3466 1938 3535 Μ

207 3554 218 3582 “
246 3628 258 3647 ·
295 3552 345 3645 s85
360 3557 410 3617 cui
422 3553 569 3619 consonat
575 3553 660 3697 t§lud
680 3576 749 3640 cap..
761 3566 808 3615 so.
827 3558 953 3647 Equum
972 3558 1058 3638 ipsus
1092 3558 1186 3624 diibus
1206 3562 1313 3636 quiex
1333 3579 1415 3622 nova
1441 3555 1535 3621 Terra
1557 3557 1683 3620 noviter
1707 3554 1794 3619 culta
1821 3532 1938 3650 &sess

291 3635 339 3698 illi
360 3636 493 3723 'Ecclefiae
519 3635 575 3723 (de
607 3655 662 3696 niae
681 3635 849 3724 personales
873 3637 1058 3713 reddantur)
1094 3645 1236 3715 rioistiir,
1252 3638 1379 3702 Parochi
1400 3638 1436 3700 de
1451 3638 1516 3699 iure
1536 3638 1688 3713 percipere
1704 3634 1862 3708 dtbeavu
1879 3657 1937 3709 irini

290 3737 311 3776 a
327 3714 476 3777 fidelibus
491 3765 499 3790 ,
515 3734 545 3775 iii
561 3736 619 3791 qua
640 3716 831 3794 Erelefiastica
851 3714 1057 3795 recipissent·
1095 3720 1132 3784 ad
1149 3722 1309 3783 clariorem
1328 3718 1563 3797 intelligentiam
1582 3715 1753 3779 notandum
1775 3759 1785 3787 ,
1812 3734 1863 3776 no-
1880 3737 1927 3774 ran

290 3806 470 3858 crumenis.
500 3796 633 3857 Decimus
664 3808 739 3858 vero
762 3795 907 3871 meffium,
930 3797 1060 3876 velfica-
1096 3801 1177 3864 valla
1195 3799 1357 3875 dupliciter
1377 3796 1453 3860 suini
1475 3794 1575 3873 posse,
1594 3796 1734 3874 proprie,
1754 3792 1790 3861 dc
1807 3791 1936 3854 itu-ciiii·

291 3877 394 3937 {suum
409 3872 547 3936 uisurum
559 3876 587 3952 fi
595 3873 736 3938 coluerint
747 3874 808 3937 alia
818 3877 960 3939 parochia
970 3897 1058 3954 quom
1096 3882 1233 3954 proprie.
1250 3880 1373 3954 Proprie
1394 3876 1466 3940 suiit
1486 3873 1672 3952 fundi,qui
1695 3893 1770 3938 enm
1786 3873 1888 3934 nun-¹
1932 3877 1938 3896 ‘

291 3953 325 4039 sii
342 3974 391 4028 ea,
409 3956 448 4041 jn
466 3974 524 4030 qua
546 3953 718 4032 Tueli'gcs,
739 3953 918 4034 inboccasii
932 3975 1058 4033 percon·
1095 3958 1273 4036 quam,vel
1290 3955 1397 4021 saltem
1421 3958 1506 4020 uitia
1533 3975 1656 4018 oninern
1684 3955 1865 4016 memoriam
1887 3950 1936 4037 “ss¹

288 4030 479 4115 suetudinem
517 4032 571 4097 diu
600 4031 748 4099 essentem
783 4031 826 4096 i'si
857 4034 980 4099 noveris
1015 4031 1059 4096 osi·
1095 4038 1207 4102 exculti
1237 4036 1383 4110 fuerint,
1405 4055 1487 4098 nunc
1519 4039 1644 4098 noviter
1672 4033 1735 4096 coli
1760 4051 1865 4109 (αρε-
1936 4042 1937 4045 ’

286 4114 437 4191 ,servare-
923 4168 935 4181 ,
1096 4135 1188 4190 runt,
1205 4135 1239 4180 ur
1262 4139 1333 4179 cuin
1361 4116 1486 4180 Paludes
1511 4117 1543 4177 in
1567 4116 1697 4188 Vineae,
1716 4131 1771 4179 aur
1797 4113 1863 4176 loca

334 4189 465 4266 Quodsi
488 4186 616 4270 Terra,
641 4214 710 4269 quis
740 4192 859 4259 horrida
886 4194 983 4259 dumis
997 4195 1058 4258 coli
1098 4198 1238 4271 vepribus
1254 4192 1409 4271 conspersa
1431 4200 1467 4258 in
1497 4215 1585 4273 agros
1606 4188 1773 4258 nuarleros
1794 4216 1865 4260 ver-

292 4274 442 4348 eoeperit,
466 4267 578 4335 stulius
598 4276 696 4348 pariat
706 4272 828 4338 decimis
846 4274 993 4340 obnoxios
1009 4274 1059 4349 ,ἅ
1095 4293 1225 4352 tiintur,
1249 4275 1425 4342 &novalia
1446 4274 1503 4343 hoc
1523 4273 1607 4337 l'ensn
1627 4268 1865 4363 siiqsunturcap.

294 4354 452 4429 ignoretur
468 4355 518 4416 cui
537 4351 704 4417 Paiocliiali
724 4351 1061 4425 Ecclesiaedebeantur,
1099 4377 1125 4419 1.
1146 4355 1180 4420 ἀ
1194 4375 1245 4418 oi.
1268 4357 1305 4421 de
1321 4354 1405 4420 Veri.
1426 4359 1579 4435 fignificat.
1591 4351 1730 4416 Novella
1751 4359 1867 4434 impro-

295 4431 329 4493 in
351 4428 406 4494 lioc
424 4428 495 4494 casii
512 4449 623 4507 putant
637 4434 729 4506 aliqui
746 4435 877 4498 decimas
898 4434 956 4497 loci
974 4435 1061 4497 liuius
1097 4441 1159 4516 prie
1177 4432 1292 4511 sumpta
1308 4484 1318 4510 ,
1333 4436 1400 4499 sunt
1422 4435 1541 4512 andi,
1561 4454 1690 4576 puoium
1708 4455 1780 4498 cum
1792 4435 1866 4498 osiin

294 4509 333 4575 ab
351 4500 497 4599 Episcopo
516 4529 551 4575 ut
569 4511 749 4577 universalis
767 4511 910 4576 Dioectsis
927 4515 1062 4579 Paroclio
1096 4513 1209 4580 siusius
1230 4519 1379 4579 immunes
1393 4517 1552 4581 adecimis
1581 4529 1694 4590 orent,
1716 4530 1799 4578 nunc
1811 4532 1865 4589 per

295 4592 426 4667 percipi.
446 4591 516 4684 ‘Alii
543 4592 665 4656 eosdem
689 4592 813 4670 abipso
840 4592 979 4674 assignari
1001 4615 1062 4679 ⁴iio·
1098 4617 1212 4660 novam
1238 4595 1369 4659 culturae
1399 4596 1525 4670 speciem
1554 4590 1666 4657 studius
1702 4594 1865 4658 decimales

297 4668 385 4745 lunt,
402 4688 452 4733 cui
474 4671 631 4735 Paroehiae
648 4673 757 4750 volet,
770 4671 804 4738 δι
818 4692 982 4751 utrumqne
999 4695 1062 4750 per·
1097 4692 1272 4754 generant.
1301 4674 1390 4739 Circa
1416 4676 1494 4740 lianc
1524 4672 1724 4751 qiiaellionein
1747 4693 1866 4738 certum

293 4751 397 4812 mittit
418 4749 604 4842 Alexander·
617 4749 671 4815 111.
693 4772 759 4827 cap.
782 4769 828 4832 η.
854 4752 918 4833 snt.
941 4754 1062 4818 Aliide·
1097 4753 1162 4829 eii,
1177 4775 1239 4817 non
1257 4751 1352 4817 solum
1361 4754 1867 4833 Parochos,-quicaeterasdecimas

295 4846 382 4920 mum
401 4828 524 4893 censent
540 4831 718 4892 dividendas
736 4832 795 4894 elie
813 4839 843 4894 in
856 4834 1005 4897 Parochos
1017 4837 1062 4896 vi·
1099 4836 1158 4898 loci
1169 4836 1357 4911 percipiunt,
1373 4841 1527 4913 percipere
1544 4832 1654 4897 debere
1665 4834 1798 4898 decimas
1812 4855 1867 4898 no·

291 4927 401 5001 cinos,
421 4908 455 4972 dt
477 4928 666 4985 unaqueque
689 4930 796 4977 earum
811 4916 941 4988 opinion
1016 4918 1063 4977 iii·
1098 4916 1237 4992 salium,
1257 4914 1412 4978 sedetiam
1426 4913 1646 4979 Parocliosnon
1662 4917 1865 4978 decimatores

295 4984 410 5050 servire
429 4987 542 5064 potesl.
560 4987 633 5051 Sive
651 5006 685 5052 ut
702 4990 739 5051 ab
757 4992 918 5068 Episcopo,
951 5016 960 5056 i
989 5015 1063 5070 pau·
1097 4991 1217 5059 easdem
1244 4993 1369 5057 novales
1392 4997 1522 5059 decimas
1552 4998 1705 5071 percipere
1728 4993 1866 5071 debeie;

295 5084 349 5143 per
367 5063 406 5128 sir
423 5067 469 5131 hae
484 5109 493 5138 .
508 5066 634 5133 deciniae
652 5070 862 5151 retineantur,
882 5071 945 5142 sive
973 5070 995 5138 si
1017 5079 1063 5141 vi·
1099 5078 1174 5154 quia
1193 5073 1396 5143 innocentius
1416 5074 1472 5141 lll.
1493 5073 1543 5142 cir.
1559 5091 1620 5157 cap.
1637 5095 1684 5161 29.
1704 5075 1734 5140 l.
1752 5088 1776 5137 i.
1798 5078 1864 5150 aira

1184 5198 1206 5281 s
1749 5159 1828 5226 cun
