4425 6000
453 479 523 556 ida
748 473 951 551 Tnacr.
979 497 1044 550 na
1073 477 1405 558 Coraraicr.
1434 482 1552 556 Cir.
1580 481 1610 553 l.

400 579 482 656 quod
499 572 703 642 huiuscemodi
724 575 898 643 contradus
910 594 1001 641 erant
1027 593 1165 642 rantum·
1202 580 1398 658 contradus,
1413 598 1466 660 per
1483 601 1576 658 quem
1596 576 1702 644 saltem
1727 579 1879 644 naturalia
1894 577 1967 646 obli·

400 658 491 724 modo
511 657 722 736 revocabiles,
736 660 808 735 quia
829 677 846 720 a
868 656 1069 735 legcdabatut
1088 657 1168 723 adiio
1202 663 1288 743 gatio
1309 680 1369 726 non
1387 661 1558 726 inducitur.

306 777 309 782 ·
400 740 438 802 ad
455 739 617 816 petendam
633 757 740 802 eoriini
758 733 974 802 resciffionem.
991 735 1167 804 Hancvero
1240 741 1318 804 Cum
1336 761 1410 805 vero
1426 759 1539 819 practer
1566 738 1739 807 contraslus
1761 760 1852 817 puros
1878 785 1889 818 ,
1916 759 1967 806 eor

309 863 314 872 ·
400 817 550 883 abbionem
572 836 683 898 negant
705 821 788 895 iura,
808 811 829 878 fi
848 814 1014 885 adhibitum
1031 813 1067 886 sit
1087 821 1162 882 iura·
1202 841 1308 898 nempe
1341 821 1446 898 quibus
1483 821 1602 886 nullum
1628 820 1772 886 adiicitur
1801 821 1967 900 accidere,

400 917 539 962 mentum
556 899 593 961 ad
612 898 688 962 tales
704 893 876 970 contrastus
896 894 1078 961 firmandos.
1100 896 1166 968 laio
1202 902 1329 972 nullave
1349 902 1487 966 conditio
1498 901 1573 976 ,alii
1588 899 1704 964 dentur
1725 947 1733 976 ,
1749 916 1786 963 ut
1808 904 1869 963 iarn
1885 899 1963 964 dixi·

400 978 514 1043 volunt
535 972 1165 1064 inviolabiliterservandotelle,capsum
1200 983 1295 1058 tiliis,
1319 986 1370 1058 qui
1394 999 1546 1048 vocantur
1572 1001 1636 1046 non
1653 983 1747 1056 puri,
1776 979 1821 1042 illi
1852 978 1965 1046 lcilice't

400 1057 547 1140 conringii!
565 1058 602 1126 dr
616 1057 739 1122 r'rirri'iir.
760 1056 820 1131 eod.
839 1059 1165 1135 mnus..cap.quam·
1201 1061 1308 1138 quibus
1325 1062 1450 1132 additur
1467 1060 1587 1137 aliquod
1615 1059 1755 1123 accident
1775 1107 1784 1135 ,
1813 1059 1849 1125 dc
1867 1061 1898 1121 io
1920 1058 1963 1122 liir

399 1138 451 1202 uis
470 1137 508 1202 de
520 1138 614 1218 paliis
628 1139 693 1202 eod.
717 1138 736 1199 l.
754 1137 802 1212 Sic
818 1135 854 1200 dc
872 1136 985 1215 Lugo,
1009 1137 1165 1213 sanchiz,
1200 1142 1253 1206 alii
1271 1141 1339 1205 sunt
1355 1141 1560 1206 conditionati
1580 1188 1588 1217 ,
1608 1141 1659 1203 alii
1681 1142 1719 1204 ad
1735 1137 1965 1203 conditionatos

399 1218 513 1284 Suara
534 1217 667 1291 ‚abive-
696 1216 777 1281 lteni
796 1216 868 1280 licet
885 1212 1056 1280 contradlua
1073 1215 1111 1282 sit
1129 1239 1163 1282 o·
1201 1222 1348 1286 accedere
1363 1221 1527 1296 videntur;
1549 1240 1588 1282 ne
1609 1219 1678 1296 quid
1699 1217 1775 1284 defit
1794 1220 1832 1282 ad
1851 1217 1963 1296 plenio-

324 1376 328 1382 .
399 1300 507 1362 moino
522 1299 627 1378 irritus
646 1345 654 1374 ,
683 1297 862 1372 nullamque
880 1299 983 1372 pariat
1003 1296 1166 1376 obligatio·
1201 1320 1265 1364 rem
1283 1296 1405 1364 huiusce
1416 1304 1457 1364 rei
1475 1300 1725 1378 intelligentiam,
1741 1298 1778 1364 de
1787 1298 1833 1362 liic
1849 1317 1964 1375 quoque

396 1395 466 1440 nem
486 1373 639 1456 promiffio
658 1377 746 1440 illum
761 1395 826 1440 non
842 1374 1027 1454 revocandi,
1044 1377 1165 1442 induce·
1199 1400 1300 1457 operar
1321 1384 1451 1458 pretium
1467 1377 1510 1442 ell
1530 1380 1644 1455 aliquid
1663 1379 1779 1453 dicere,
1800 1393 1838 1443 ut
1856 1375 1965 1442 diluci-

394 1476 428 1520 rc
450 1454 545 1531 potell
566 1456 741 1521 naturalem
753 1455 1002 1533 obligationem,
1032 1479 1102 1521 cuni
1123 1477 1164 1524 ex
1200 1459 1291 1528 ¹detur
1312 1461 1435 1538 quando
1452 1459 1482 1525 hi
1504 1458 1679 1526 contradus
1699 1475 1851 1536 teneant,
1871 1477 1964 1533 quan

393 1535 480 1599 nulla
499 1535 563 1614 lege
584 1534 655 1600 talis
673 1533 824 1613 promissio
844 1538 984 1600 irritetur
1005 1559 1012 1572 ·
1036 1535 1070 1602 &
1085 1535 1164 1612 sicfi
1200 1541 1239 1618 do
1254 1559 1333 1606 non.

394 1613 519 1680 accedat
549 1619 756 1680 iuramentum
787 1613 912 1679 firmani
938 1585 1163 1693 proibiisioncm
1515 1653 1520 1658 ·

288 1741 293 1748 -
392 1715 456 1760 non
471 1694 628 1791 recedendi
649 1691 868 1837 acontrlalslu,
896 1694 1091 1841 corglr’adlum
1111 1696 1162 1761 lir-
1514 1708 1559 1769 s..
1583 1702 1662 1766 XV.

390 1791 541 1848 mar,ita
561 1792 597 1839 ut
617 1793 657 1837 ne
678 1792 769 1839 ueati
796 1793 937 1840 econtra
1022 1781 1162 1842 reuocari
1489 1819 1493 1829 -
1696 1817 1702 1829 -

389 1853 581 1936 fine-inuuia
594 1794 698 1934 -illiub,
712 1857 761 1918 cui
772 1850 849 1918 fasla
860 1853 903 1918 est
920 1854 1162 1936 promissio,non
1287 1821 1335 1883 De
1353 1816 1543 1922 ⁶.⁰”‘'‘5¹b¹“
1555 1839 1619 1908 Ψ
1632 1835 1737 1908 pm’
1752 1817 1794 1885 Θ
1812 1819 1891 1902 W

388 1932 1161 2011 promilsiononrevocandicontradlum,datalte-
1476 1900 1697 1964 mmm*

386 2018 413 2078 ri
423 2017 470 2079 iua
486 2032 524 2076 ne
533 2029 704 2078 revocetur.
713 2014 1029 2080 Salmanticenles.Et
1038 2033 1162 2082 contra·
1236 2010 1473 2092 Contradluum,
1502 2017 1551 2093 qui
1572 2016 1608 2079 ad
1634 2013 1865 2079 conditionatos
1887 2033 1969 2082 acce
1984 2023 2015 2074 ca

387 2093 451 2158 blus
474 2090 595 2158 huiusce
614 2097 732 2174 generis
757 2092 826 2158 sunt
849 2114 954 2157 omnes
971 2095 1016 2156 illi
1041 2144 1049 2170 ‚
1078 2099 1161 2174 circa
1197 2091 1292 2170 dunt,
1312 2113 1443 2180 quatuor
1463 2092 1533 2159 sunt
1548 2096 1675 2173 clalles,
1691 2113 1799 2169 nempe
1808 2092 1847 2157 ad
1870 2087 2015 2175 diemde

335 2193 465 2250 ...quos
495 2175 526 2236 in
548 2175 614 2240 iure
632 2167 790 2249 confertur
821 2171 953 2246 rotellas
983 2174 1051 2238 illos
1072 2195 1161 2240 revo·
1188 2174 1234 2237 ad
1254 2174 1404 2249 catillam,
1436 2177 1471 2238 ad
1495 2174 1619 2244 moduni
1640 2221 1648 2251 ,
1672 2174 1707 2236 ad
1729 2173 1966 2240 demonstratio·

388 2253 480 2318 candi
500 2273 507 2316 :
530 2253 782 2317 hienimomnes
802 2251 920 2320 firmari
939 2252 1060 2331 possunt
1079 2258 1161 2320 iuras
1198 2270 1266 2316 nero
1291 2297 1300 2316 .
1329 2253 1506 2318 cantianus
1528 2252 1565 2317 ad
1597 2254 1676 2316 diem
1699 2251 1742 2317 esl
1772 2253 1844 2332 ilie,
1881 2251 1964 2319 ulad

388 2349 513 2408 mento,
534 2331 702 2399 cuiusmodi
725 2330 794 2398 sunt
813 2335 919 2402 omnia
940 2333 1019 2400 nuda
1041 2335 1127 2411 palla
1151 2383 1160 2412 ,
1197 2331 1278 2396 diem
1304 2351 1423 2396 certum
1447 2335 1699 2411 determinatur,
1727 2333 1761 2399 dt
1790 2276 1966 2399 brebiati

389 2413 565 2486 contratliit
583 2416 737 2486 minorum
751 2403 789 2477 de
818 2431 852 2476 re
866 2411 970 2492 mobili
997 2411 1059 2477 sine
1077 2433 1160 2478 tuto·
1199 2415 1277 2490 parit
1293 2411 1355 2476 obli
1377 2416 1532 2490 ationem,
1556 2415 1606 2478 cui
1627 2431 1730 2477 tamen
1756 2433 1818 2474 non
1836 2429 1962 2479 terretur

389 2496 431 2556 ris
452 2491 654 2570 austeritate,
668 2491 797 2557 donatio
816 2495 899 2556 inter
914 2510 1055 2572 patrem,
1072 2494 1107 2558 dt
1124 2491 1159 2558 si·
1197 2487 1316 2556 debitor
1347 2433 1520 2557 sitissacere
1545 2509 1622 2556 ante
1652 2489 1816 2570 praeliirum
1847 2494 1929 2556 diem
1954 2535 1962 2556 .

388 2573 548 2637 liuiunoo
570 2574 825 2662 emancipatum,
846 2574 1048 2638 interrirum
1068 2574 1103 2639 dt
1124 2596 1160 2638 u·
1197 2571 1279 2640 Hinc
1300 2575 1351 2712 gui
1370 2570 1503 2648 promisit
1523 2590 1649 2656 centnm
1673 2592 1813 2637 nummos
1839 2570 1889 2634 die
1914 2574 1965 2637 Pa·

388 2648 1160 2731 xorem,licetalioquiiiinvalidasint,periirum
1196 2649 1273 2715 schae
1314 2652 1488 2729 olvendos,
1514 2652 1561 2714 liic
1593 2652 1708 2716 solvere
1727 2671 1788 2715 non
1811 2667 1960 2732 tenetur,

389 2729 718 2812 trintumffitrcapde
734 2725 1161 2800 donat-inieruimmsffmir·
1197 2729 1250 2792 nisi
1273 2729 1433 2796 advenerit
1453 2734 1516 2794 dier
1533 2730 1670 2795 Pascha.
1688 2732 1717 2793 si
1744 2749 1821 2793 vero
1844 2749 1962 2808 tempus

391 2814 509 2876 liercm.
531 2809 697 2886 Pideiuffio
713 2811 847 2880 mulieris
879 2806 956 2876 sabla
976 2811 1161 2877 insitumen·
1196 2813 1347 2875 incertum
1373 2808 1439 2887 sit,
1462 2830 1497 2874 ut
1517 2809 1537 2872 si
1559 2813 1728 2887 promilerit
1743 2827 1865 2873 certam
1886 2808 1962 2875 sum·

392 2910 427 2957 to
454 2891 600 2970 publico,
623 2911 697 2955 riam
724 2886 747 2952 si
767 2887 829 2954 sine
849 2890 904 2955 illo
924 2938 932 2964 ,
955 2888 989 2955 st
1015 2894 1090 2956 iuris
1116 2890 1160 2958 so-
1195 2911 1293 2966 mam,
1314 2911 1383 2955 cum
1403 2893 1493 2956 navis
1507 2908 1547 2953 ex
1567 2889 1662 2952 lndiir
1682 2892 1832 3032 veneritB
1846 2887 1964 2968 suspen·

391 2973 555 3039 lemnitate
568 2970 644 3047 liat,
664 2969 839 3047 nequidem
855 2969 1028 3035 naturalem
1043 2971 1160 3053 obliga·
1195 2970 1278 3037 ditur
1296 2966 1456 3036 consensus
1469 3020 1483 3056 ,Ι
1496 2968 1529 3035 &
1545 2969 1711 3049 obligatio,
1727 2971 1800 3048 quia
1835 2968 1965 3035 uiul‘nio·

393 3058 511 3119 tionem
540 3053 681 3129 inducit,
708 3050 742 3135 dt
771 3049 809 3115 sic
834 3052 1008 3117 iuramento
1027 3073 1088 3118 non
1109 3053 1160 3136 fii·
1194 3049 1224 3114 di
1240 3048 1411 3133 contradus
1434 3052 1601 3126 relolvitur
1621 3054 1653 3113 in
1670 3050 1915 3116 conditionalem
1930 3050 1964 3115 dr

394 3152 518 3198 matur.
668 3206 671 3211 ¹
966 3156 970 3161 ·
1195 3127 1300 3212 futuro
1314 3135 1522 3213 contingenti.

218 3226 221 3245 '
264 3244 377 3293 cciiii.
432 3214 797 3294 Contradlurvero,qui
815 3214 889 3281 alias
909 3215 1084 3293 nequidem
1102 3236 1159 3282 na·
1234 3215 1389 3279 Advertit
1414 3232 1517 3277 tamen
1542 3208 1563 3273 si
1586 3210 1647 3279 dier
1670 3216 1805 3279 incertut
1833 3208 1962 3277 adieslur

253 3294 525 3377 dormitantem
542 3294 763 3376 obligationem
780 3294 961 3372 inducebat,
984 3303 1160 3362 iuramento
1195 3288 1285 3359 fuerit
1308 3291 1491 3368 promissioni
1514 3296 1697 3369 ingratiam
1726 3289 1818 3357 solius
1840 3288 1964 3368 promis·

254 3376 292 3428 do
307 3380 374 3420 ¹⁸¹¹·-
391 3394 454 3438 non
472 3372 692 3452 confirmatur,
708 3396 778 3440 nam
793 3397 864 3439 cum
877 3375 961 3439 nulla
973 3373 1090 3451 prorsus
1105 3397 1161 3440 eii·
1195 3368 1285 3449 sarii,
1304 3373 1352 3437 vel
1374 3374 1513 3451 legatarii
1531 3420 1539 3447 ,
1561 3390 1596 3435 ut
1616 3373 1636 3436 si
1658 3376 1821 3452 promittas
1850 3366 1966 3435 famulo

252 3451 365 3551 2²:¹¹⁰,
394 3454 627 3537 tet'obligatip,
646 3454 818 3520 nonhabet
835 3457 1161 3520 locumilliusconfir·
1197 3469 1320 3530 propter
1338 3450 1480 3530 obsequia
1499 3450 1537 3516 ab
1558 3471 1596 3515 eo
1616 3453 1674 3518 tibi
1693 3449 1967 3527 praestitacentom

253 3529 503 3619 mummio,
523 3538 593 3613 quia
613 3530 909 3614 nonconsirmatut,
935 3534 989 3596 iiifi
1006 3537 1083 3611 quod
1094 3540 1160 3601 vim
1196 3551 1304 3596 aureos
1320 3534 1350 3595 ei
1380 3532 1517 3612 dandos,
1538 3554 1607 3603 cum
1633 3533 1868 3605 matrimonium
1897 3550 1967 3593 con·

393 3612 504 3693 babet,
522 3615 572 3679 vel
592 3613 745 3689 debilem,
759 3614 811 3687 vel
830 3612 1003 3677 infirmam.
1026 3614 1161 3693 Quando
1197 3614 1348 3691 traxerit,
1370 3631 1409 3675 ne
1428 3608 1508 3679 sorte
1530 3631 1608 3676 ante
1630 3628 1771 3688 ¹acceptos
1792 3610 1876 3674 male
1895 3630 1968 3675 con·

395 3714 473 3759 vero
490 3694 712 3759 nondaturex
732 3714 792 3757 una
809 3710 896 3771 parte
911 3692 1058 3771 obligatio
1092 3695 1160 3759 nul·
1196 3690 1314 3770 sumet,
1331 3690 1579 3772 necconsensus,
1602 3713 1658 3756 nec
1677 3689 1827 3769 obligatio
1845 3686 1966 3768 suspen·

394 3776 459 3838 luni
474 3778 520 3838 ius
535 3773 625 3855 datur
646 3776 679 3835 in
700 3774 800 3837 altera
820 3795 830 3850 3
857 3772 937 3841 unde
953 3773 1037 3837 nulla
1052 3743 1088 3837 bt
1105 3775 1160 3849 ali·
1198 3770 1302 3838 ditur.
1938 3848 1945 3863 ι

393 3856 444 3917 rui
462 3856 577 3917 iniuria
591 3850 780 3927 contrabium
789 3850 1004 3927 rescindendo,
1023 3851 1159 3921 undere·
1235 3850 1417 3918 Contradlus
1438 3852 1474 3917 ad
1489 3854 1622 3919 caussam
1642 3852 1754 3918 dicitur
1767 3900 1777 3931 ,
1791 3851 1915 3929 quando
1927 3852 1963 3915 bt
1983 3862 2015 3913 ci

393 3934 504 3997 laxato
525 3933 688 4011 iuramenti
708 3930 853 4006 vinculo,
869 3925 992 3994 rescindi
1003 3931 1099 4009 potest
1113 3948 1161 3997 ta·
1195 3930 1363 3997 contradus
1379 3932 1420 3995 ob
1437 3931 1568 4009 aliquam
1588 3932 1742 4008 caussam,
1768 3948 1803 3996 ut
1825 3929 1847 3994 si
1878 3926 2015 3996 detur&

397 4012 435 4077 lis
449 4008 641 4103 contraditis,
661 4008 752 4103 &sic
768 4011 822 4079 illo
840 4013 1017 4078 iuramento
1035 4010 1160 4085 nonfir·
1197 4016 1323 4091 pecunia
1346 4012 1456 4089 alicui,
1476 4017 1546 4088 quia
1562 4014 1605 4077 ell
1623 4024 1754 4093 pauper,
1781 4012 1830 4075 vel
1856 4004 2015 4107 cogni-g:

396 4108 501 4157 matur
515 4140 524 4167 ,
539 4090 612 4155 licet
631 4110 702 4153 cum
718 4105 923 4153 iuramentum
943 4089 1057 4155 servari
1070 4089 1159 4169 possit
1197 4110 1261 4157 tus.
1283 4090 1391 4155 Caussa
1414 4110 1518 4155 autem
1541 4092 1652 4169 duplex
1667 4091 1735 4166 ell,
1756 4090 1816 4155 alia
1842 4088 1967 4167 finalis,

395 4169 458 4235 sine
475 4169 568 4246 culpa
588 4215 600 4247 ,
615 4184 740 4247 propter
756 4168 897 4233 divinum
922 4167 1071 4243 bonorem
1088 4220 1096 4250 ,
1125 4169 1159 4238 ἃ
1197 4174 1258 4237 alia
1275 4170 1454 4247 impulsiva.
1481 4167 1595 4236 Finalis
1619 4171 1683 4248 est,
1699 4192 1768 4250 quie
1781 4174 1837 4257 *ita
1859 4187 1967 4237 mouet

393 4251 599 4317 reverentiam
621 4246 802 4313 servandum
819 4246 873 4312 sit.
891 4248 1157 4325 Hinccotitrafliis
1196 4250 1417 4329 disponentem,
1442 4267 1476 4314 ut
1493 4248 1554 4315 sine
1582 4274 1619 4317 ea
1644 4274 1708 4315 nori
1737 4248 1927 4326 dilposiiilset
1956 4293 1966 4311 .

394 4350 496 4395 rerum
516 4327 716 4392 immobilium
740 4330 891 4392 minorum
914 4377 923 4405 ,
948 4348 1003 4395 aut
1024 4352 1064 4409 pu
1087 4330 1155 4395 illo-
1197 4327 1358 4408 lmpulsiva
1380 4349 1456 4393 vero
1475 4380 1485 4409 ,
1507 4336 1636 4411 quatita
1658 4332 1787 4408 impellit
1813 4330 1851 4394 ad
1867 4332 1911 4394 dil
1932 4346 1935 4351 '

393 4431 488 4488 rum,
509 4409 560 4485 qui
585 4407 647 4471 sine
666 4406 771 4473 iudicis
795 4406 979 4473 aiisloritate
1001 4352 1157 4475 celebrari·
1194 4410 1347 4497 nendum,
1368 4427 1404 4473 ut
1430 4428 1468 4473 ea
1486 4429 1548 4474 non
1575 4408 1749 4475 subsiliente
1776 4410 1877 4475 adbuc
1897 4350 1970 4475 absi.

394 4508 446 4554 tur
466 4537 474 4565 ,
494 4489 671 4567 neutiquam
687 4486 849 4561 firmantur
870 4492 1071 4565 iuramento,
1100 4510 1156 4553 nec
1194 4492 1238 4552 let
1262 4486 1317 4552 illa
1345 4487 1522 4566 dilpofitio,
1554 4513 1585 4555 v.
1617 4514 1643 4571 g.
1675 4491 1726 4554 das
1742 4487 1969 4572 eleemosynam

392 4566 565 4633 contraflua
585 4568 699 4647 prodigi
726 4571 797 4633 ”cui
819 4566 984 4648 assignatur
1001 4587 1155 4648 curator,
1192 4572 1310 4646 petenti
1332 4570 1399 4645 quia
1419 4589 1530 4643 pauper
1549 4570 1614 4649 est,
1633 4568 1667 4636 dc
1688 4568 1742 4633 nisi
1762 4590 1878 4649 pauper
1894 4572 1969 4636 ellet

392 4666 451 4711 nec
465 4649 522 4713 reli
544 4650 575 4712 ui
586 4666 701 4714 contra
734 4670 790 4726 us,
811 4646 968 4726 inquibus
982 4646 1156 4717 nonobser·
1184 4668 1254 4720 ‚non
1274 4648 1382 4726 darer;
1403 4648 1484 4716 Ecce
1501 4652 1603 4715 caull'a
1620 4650 1741 4728 finalis,
1762 4650 1815 4715 dat
1836 4655 1875 4713 ei
1897 4653 1969 4726 quia

392 4746 508 4793 vantur
524 4670 730 4793 substantiales
744 4726 955 4799 solemnitates
966 4748 995 4811 ‚a
1016 4730 1082 4792 iure'
1097 4725 1155 4791 lla-
1185 4747 1301 4801 ¹revera
1323 4748 1439 4811 pauper
1458 4728 1521 4806 ell,
1541 4728 1589 4794 sed
1607 4729 1727 4808 insuper
1745 4731 1820 4794 dicit
1832 4728 1863 4795 se
1877 4748 1967 4795 tuum

391 4822 500 4882 rota),
530 4813 602 4886 quii
627 4828 698 4873 cuin
715 4828 821 4873 omnes
848 4806 877 4869 hi
899 4804 964 4885 ipso
987 4809 1054 4870 iure
1074 4808 1153 4872 irriti
1191 4808 1250 4871 elle
1271 4804 1349 4872 cons
1403 4812 1527 4872 uineuiii
1552 4859 1561 4887 ‚
1588 4833 1658 4874 curii
1679 4829 1783 4874 tamen
1814 4807 1969 4874 nonsit:

392 4886 470 4964 sint,
491 4910 545 4953 nec
563 4888 782 4967 obligationem
801 4888 1100 4962 etiamnaturalem,
1120 4884 1154 4951 dt
1190 4888 1221 4949 Si
1254 4887 1450 4951 nibilominus
1484 4889 1608 4953 dedill'es
1638 4890 1678 4955 ab
1713 4908 1970 4968 paupertatem,

393 4971 426 5029 in
445 4970 630 5034 couscientia
653 4968 821 5051 inducant,
841 4968 1015 5029 iuramento
1030 4968 1154 5039 minime
1191 4971 1332 5043 quamvis
1359 4988 1419 5031 non
1449 4970 1492 5031 ita
1518 4989 1682 5050 prompte,
1712 4970 1970 5048 consanguinitas

389 5045 502 5116 firmari
522 5049 666 5129 poliunt.
696 5048 745 5112 Sic
771 5045 894 5113 tandem
919 5044 1048 5122 quilibet
1060 5044 1154 5113 ··'aliur
1190 5045 1266 5135 ell'et
1286 5048 1388 5125 caulla
1407 5047 1587 5131 impulsiva.
1832 5130 1857 5193 C

1859 5151 1917 5194 on·
