4425 6000
578 532 780 606 Tuaen.
818 525 1252 604 nocnerrnner.
1286 529 1474 603 Canii.
1691 555 1811 627 appr,

258 633 337 717 quod
358 644 463 700 samen
489 653 545 697 non
568 633 610 713 fit
635 630 733 695 minus
759 625 920 693 decennio·
951 623 1021 687 Em·
1057 628 1206 703 colenda,
1224 627 1258 693 &
1274 625 1400 692 fruenda
1417 624 1556 691 traditur
1572 624 1668 692 solum
1688 630 1815 696 adrem-

258 714 401 795 pbiteusrs
425 709 527 778 differt
549 731 567 776 a
598 710 755 774 contraslu
781 706 971 778 locationis,
995 725 1021 767 1.
1058 731 1140 789 pus,
1161 710 1212 775 vel
1238 706 1274 771 ad
1300 712 1406 784 unius,
1430 705 1594 772 alteriusve
1623 709 1741 789 vitain,
1762 729 1817 775 aut

258 799 331 873 quia
358 791 550 872 emphiteusis
587 789 734 854 constitui
767 789 871 862 nequit
907 779 960 847 nisi
991 787 1022 847 in
1059 792 1288 868 generationem
1305 786 1340 851 dr
1366 785 1541 851 familiam:
1571 787 1650 851 unde
1669 788 1820 854 dividitur
1881 850 1886 861 ,

258 875 345 940 rebus
386 870 618 949 immobilibus,
655 890 721 945 quar
757 867 878 931 cultura
901 864 1024 957 mus*
1059 870 1191 933 ulterius
1217 871 1249 930 in
1278 866 1503 931 haereditariam
1530 867 1730 947 simpliciter,
1749 890 1817 947 quae

259 975 307 1020 res
332 952 415 1020 effici
439 951 559 1029 poliunt
580 997 589 1026 ‚
614 950 732 1014 locatio
761 965 837 1011 ver⁰
865 961 959 1007 emm
992 963 1023 1004 ¹¹¹
1058 946 1137 1016 iana
1155 946 1199 1012 cll
1224 948 1314 1011 alicui
1334 969 1404 1010 eum
1427 942 1576 1010 facultate
1602 968 1671 1011 earn
1688 946 1819 1015 transfe-

260 1034 348 1100 rebus
376 1031 562 1104 mobilibus,-
593 1031 706 1093 locatio
741 1021 918 1090 conceditur
946 1018 1023 1085 infra
1058 1030 1142 1092 rendi
1164 1026 1201 1092 ad
1221 1027 1422 1104 quoscumque
1439 1027 1570 1089 haeredes
1588 1029 1619 1088 in
1636 1048 1819 1105 perpetuum

260 1113 473 1186 decennium,-
502 1104 692 1186 emphitcusis
721 1125 798 1171 vero
836 1104 874 1167 ad
904 1119 1023 1178 tempus
1057 1106 1121 1172 sive
1142 1109 1202 1171 viri
1227 1104 1284 1169 sint
1303 1152 1313 1180 ,
1330 1105 1395 1171 sire
1420 1102 1573 1182 faeminae,
1588 1110 1650 1168 imo
1665 1112 1762 1174 eriam
1781 1108 1820 1173 ad

261 1210 324 1257 non
344 1195 445 1258 minus
466 1189 632 1263 decenni03
652 1190 686 1249 iri
709 1186 862 1249 locatione
882 1184 978 1246 maior
992 1200 1024 1244 e·
1057 1205 1244 1263 extrane0s;
1264 1183 1298 1249 δι
1318 1187 1350 1249 iri
1371 1186 1600 1250 haereditariam
1621 1190 1744 1268 mixte,
1769 1185 1820 1251 seu

260 1268 520 1351 xigiturpensro,
540 1289 632 1345 quani
649 1262 864 1341 inemphiteusi
877 1305 885 1321 .
900 1262 1024 1337 2.Qiia
1058 1268 1249 1344 qualificate,
1269 1286 1337 1340 quae
1355 1264 1448 1329 alicui
1465 1264 1604 1341 concessa
1625 1265 1667 1329 esl
1685 1290 1738 1344 pro
1761 1264 1790 1330 se
1810 1313 1819 1343 ,

261 1374 314 1429 per
337 1348 548 1428 emphiteusim
576 1340 760 1411 transfertur
793 1347 825 1406 iri
854 1341 1026 1419 emphiteu·
1059 1344 1173 1423 suisque
1191 1344 1426 1409 haeredibusnon
1438 1344 1688 1425 quibuscumque,
1704 1346 1820 1425 &qw

259 1449 327 1498 tam
349 1432 430 1498 utile
451 1430 618 1491 dominium
648 1428 688 1488 rei
706 1429 775 1502 Leg-
794 1442 819 1484 1·
838 1420 878 1487 ss
898 1440 927 1481 2·
948 1417 1024 1497 ffiſs
1059 1426 1294 1503 modocumque,
1314 1422 1362 1486 sed
1379 1422 1477 1489 solum
1496 1423 1672 1501 qualificate
1693 1427 1822 1492 haeredi·
1937 1477 1964 1496 s

262 1533 348 1593 ager,
366 1508 511 1591 oelsigal,
526 1508 583 1572 vel
601 1505 801 1587 emphiteusrs,·
824 1522 878 1580 per
894 1501 1025 1564 locatio·
1058 1508 1132 1584 bos,
1153 1510 1197 1570 ita
1222 1521 1258 1569 ut
1285 1502 1345 1568 sint
1375 1502 1536 1581 haeredes,
1557 1504 1590 1569 δι
1616 1508 1701 1569 simul
1723 1510 1822 1572 etiam

261 1614 334 1658 nem
360 1611 437 1658 vero
458 1608 521 1654 non
550 1584 733 1651 transfertur
762 1586 793 1644 iu
813 1576 1023 1645 condufiorem
1058 1582 1291 1668 descendentes,
1312 1584 1344 1647 dr
1365 1584 1396 1646 iri
1417 1604 1480 1647 non
1504 1582 1748 1664 haereditariam,
1769 1585 1822 1651 seu
1899 1608 1905 1618 ·

262 1674 343 1738 utile
363 1671 530 1736 dominium
550 1670 591 1731 rei
613 1713 622 1742 ,
641 1666 690 1729 led
715 1659 782 1727 usus
811 1679 956 1738 tantum,
975 1656 1024 1722 seu
1058 1689 1097 1732 eir
1125 1664 1209 1743 pauo
1228 1663 1261 1728 ὃ(
1286 1664 1478 1740 providentia
1490 1684 1502 1738 ;
1524 1663 1559 1729 &
1579 1665 1621 1728 ell
1652 1667 1730 1745 illa,
1751 1688 1820 1744 qnae

261 1750 454 1818 commodum
470 1743 619 1811 srudluum
635 1750 705 1824 Leg.
725 1764 782 1805 non
797 1741 893 1820 solum
914 1754 962 1818 39.
981 1733 1022 1831 ¹ss·
1059 1746 1151 1812 alicui
1170 1743 1308 1808 concessa
1335 1742 1378 1804 est
1403 1764 1457 1819 pro
1479 1743 1549 1806 liliis
1574 1742 1823 1813 descendentibus

263 1831 365 1899 sormi.
388 1831 468 1894 lteni
494 1824 690 1903 eniphiteusrs
710 1820 846 1886 differta
868 1821 1024 1885 venditio-
1059 1825 1142 1891 nulia
1164 1820 1241 1887 fassa
1265 1826 1421 1885 mentione
1444 1824 1480 1886 de
1509 1822 1694 1909 hpiedibus,
1715 1830 1760 1891 ita
1785 1843 1822 1889 ut

262 1934 322 1988 ne,
341 1913 410 1986 quia
432 1927 483 1984 per
501 1907 711 1970 venditionem
727 1896 909 1966 transfertur
923 1900 1025 1962 inem·
1060 1927 1115 1984 pro
1137 1900 1324 1969 -snccessione
1349 1903 1386 1968 ad
1413 1903 1490 1967 hanc
1521 1905 1732 1982 emphiteusm
1759 1925 1822 1969 non

265 2010 385 2072 prorem
404 1988 571 2051 dominium
593 2005 654 2048 non
675 1980 771 2046 solum
792 1981 887 2056 urile,
908 1978 957 2043 sed
977 1995 1025 2040 et·
1053 1988 1245 2061 requiritur,
1266 2001 1302 2045 ut
1322 1981 1423 2060 filius,
1445 1983 1479 2047 δι
1496 1980 1675 2049 descendens
1699 1985 1737 2049 sit
1758 1984 1823 2049 bas·

259 2076 324 2138 ,iam
344 2067 511 2141 diredium,
531 2063 582 2129 seu
599 2064 791 2141 proprietatis
809 2063 851 2124 rei
870 2059 1026 2134 venditae,
1061 2085 1107 2128 res
1123 2085 1131 2138 ;
1149 2065 1260 2127 idcirco
1280 2062 1379 2137 potest
1395 2060 1552 2127 succedere
1568 2067 1599 2127 in
1615 2066 1692 2130 banc
1707 2065 1824 2140 emphi-

263 2152 299 2218 ἀ
325 2168 388 2213 non
408 2164 531 2211 tantum
551 2165 597 2209 res
623 2141 817 2215 immobiles,
849 2136 897 2203 sed
929 2143 1026 2227 etiam
1062 2144 1170 2209 reusim
1193 2145 1244 2218 qui
1266 2141 1478 2205 haereditatem
1503 2149 1619 2223 patris,
1640 2146 1690 2209 vel
1719 2142 1823 2210 ascen·

228 2239 233 2246 '
263 2229 389 2298 mobiles
418 2224 511 2291 vendi
537 2220 659 2301 pdsi'rinr
685 2226 756 2299 Lag.
777 2222 804 2296 fi
826 2218 858 2282 in
885 2230 1026 2297 emptione
1061 2225 1161 2288 dentis
1179 2220 1368 2297 repudiavit.
1391 2219 1590 2299 Emphiteusis
1606 2226 1717 2303 igitur,
1737 2242 1823 2290 otex

263 2315 353 2391 ²42
373 2326 401 2370 1.
418 2304 451 2369 fs.
478 2304 678 2369 decontrafiir
698 2298 874 2375 emtionis,
895 2318 1027 2376 perem·
1061 2302 1143 2388 diliis
1163 2302 1337 2379 colligitur,
1365 2300 1453 2365 debet
1481 2301 1542 2364 esse
1569 2322 1746 2382 perpetua,
1771 2304 1823 2366 vel
1865 2329 1867 2335 ·

263 2386 425 2469 phireusrm
444 2403 518 2449 vero
534 2380 719 2449 transfertur
740 2318 837 2444 solum
857 2381 1027 2443 dominium
1061 2383 1169 2448 saltem
1177 2381 1213 2444 ad
1222 2381 1421 2444 decennium.
1438 2381 1613 2460 Scriptura,
1639 2381 1691 2447 seu
1717 2382 1826 2447 inslru·

267 2471 365 2545 utile,
384 2465 417 2531 dc
446 2484 493 2528 res
516 2462 730 2529 tantummodo
759 2460 941 2536 immobiles,
962 2479 1026 2521 non
1062 2480 1201 2527 mentum
1225 2459 1369 2536 scriptum
1391 2460 1434 2523 ell
1455 2458 1492 2524 de
1516 2459 1683 2527 substantia
1699 2483 1823 2528 contra·

267 2567 372 2615 autem
386 2544 511 2610 mobiles
530 2548 567 2607 'in
583 2540 792 2620 emphiteusim
816 2538 942 2604 concedi
963 2536 1028 2615 pos·
1061 2542 1124 2608 dius
1140 2539 1354 2619 emphiteusrs,
1370 2557 1403 2604 ut
1420 2562 1466 2615 rx,
1477 2546 1548 2620 Ltg.
1573 2562 1597 2603 1.
1612 2543 1671 2607 cod
1692 2544 1732 2608 dt
1757 2542 1825 2607 iiire

269 2629 357 2704 funt,
377 2628 426 2690 cis.
443 2630 514 2702 Leg.
538 2645 564 2685 1.
591 2621 631 2688 sn
651 2643 679 2684 a.
690 2622 716 2700 fi
735 2640 800 2700 ager
821 2618 884 2685 &n
903 2617 1027 2695 lnsnper
1061 2622 1278 2701 emphiteosin.
1763 2674 1765 2682 ,

268 2706 371 2778 dissert
398 2705 594 2783 emphiteosin
626 2724 643 2768 a
674 2719 811 2776 mutuo,
838 2700 1027 2776 donatione,
1102 2699 1305 2782 Emphireusrs
1324 2703 1468 2779 laicalis,
1491 2702 1611 2780 quando
1626 2703 1763 2771 concessa
1782 2702 1826 2767 est

269 2784 390 2863 aliisque
417 2783 653 2862 contraslibus,
679 2800 732 2857 per
756 2800 829 2855 quos
846 2798 907 2842 non
931 2777 1028 2842 solum
1063 2781 1124 2846 sine
1140 2783 1204 2846 ulla
1227 2779 1416 2860 expressione
1442 2789 1606 2862 temporis,
1628 2785 1661 2849 ἀ
1686 2781 1827 2861 persona-

269 2865 366 2944 usus,
395 2863 442 2929 sed
473 2865 639 2940 proprietas
664 2880 782 2937 quoque
819 2854 1028 2935 transfertur,
1064 2885 1132 2927 runi
1149 2859 1341 2938 praesumitur
1358 2863 1698 2939 perpetua,&transrt
1714 2864 1826 2928 adhae·

254 2947 444 3023 nullumque
462 2947 506 3006 ius
529 2945 560 3007 in
584 2962 615 3006 re
641 2940 754 3006 tradita
776 2956 914 3003 remanet
938 2957 1028 3016 penes
1064 2943 1147 3008 redes
1168 2962 1292 3019 omnes,
1311 2945 1405 3006 etiam
1420 2959 1600 3008 extraneos.
1624 2942 1673 3009 lta
1692 2963 1828 3009 commu·

270 3026 470 3091 tradentem.
490 3022 569 3087 lrem
595 3019 698 3086 dissert
714 3019 908 3098 emphiteusis
928 3038 944 3082 a
965 3014 1028 3082 feu·
1064 3027 1146 3090 niter
1166 3019 1242 3086 teste
1267 3020 1344 3085 lulio
1368 3021 1460 3086 Claro
1477 3026 1507 3086 5.
1532 3024 1716 3104 emphiteufis
1730 3025 1826 3104 quest.
1852 3031 1854 3033 ’

268 3106 325 3182 do,
345 3109 416 3182 quia
437 3108 467 3167 in
487 3100 664 3181 emphiteusi
685 3098 817 3165 solvitur
837 3118 938 3181 annua
958 3118 1026 3166 rea·
1063 3103 1111 3165 28.
1131 3123 1213 3166 num.
1240 3122 1267 3164 1.
1292 3104 1362 3179 quia
1386 3124 1456 3166 cum
1480 3126 1518 3168 ex
1542 3109 1689 3182 primata
1712 3104 1827 3179 empiri-

267 3185 303 3259 lis
321 3184 421 3262 pensio
429 3208 440 3261 ,·
463 3188 493 3246 in
509 3180 602 3247 feudo
618 3198 723 3246 autem
738 3179 954 3245 tantummodo
963 3199 1029 3256 per·
1064 3181 1155 3248 teusrs
1184 3182 1378 3245 institutione
1404 3185 1435 3244 in
1461 3203 1638 3262 perpetuum
1671 3185 1736 3250 dari
1750 3204 1827 3248 con·

271 3262 372 3330 sonale
394 3265 571 3340 servitium,
592 3284 627 3326 ac
647 3259 776 3324 fidelitas
805 3262 927 3324 domino
942 3259 1030 3322 exhi·
1064 3262 1200 3328 sueverit
1225 3269 1258 3327 §0
1278 3261 1347 3325 adro
1366 3262 1459 3339 Iustis.
1480 3266 1517 3328 de
1536 3265 1617 3330 loras-
1636 3263 1687 3329 lib.
1706 3286 1733 3328 r.
1755 3260 1788 3326 ff.
1799 3264 1829 3344 st

267 3344 356 3410 betur
375 3393 384 3420 ,
403 3343 435 3409 br
464 3339 625 3422 praestatur
646 3362 664 3406 a
697 3338 838 3415 vassalo,
857 3339 879 3402 si
905 3338 1030 3404 seudum
1065 3363 1152 3425 ager,
1172 3344 1317 3422 benigni,
1337 3342 1635 3421 wicmannum
1659 3344 1828 3423 institutio·

268 3423 305 3488 sit
334 3446 443 3490 verum
467 3423 541 3487 nihil
561 3422 674 3486 habens
702 3423 886 3498 permixtum
909 3419 946 3481 de
966 3441 1030 3486 em·
1067 3431 1097 3487 ni
1118 3421 1301 3489 conformari
1316 3420 1405 3485 debet
1420 3421 1830 3504 emphiteusispraesumptio·

269 3503 418 3581 phiteusi.
1066 3524 1105 3569 ne
1131 3508 1224 3581 iuris,
1245 3502 1364 3579 quando
1385 3503 1417 3562 in
1441 3500 1504 3578 ipse
1519 3502 1675 3568 contristo
1696 3505 1772 3566 nihil
1794 3509 1828 3566 iri

213 3629 219 3640 .
307 3582 507 3662 Emphitensrs
542 3581 692 3653 dividitur
729 3583 825 3656 primo
853 3582 910 3643 in·
930 3580 1031 3646 eccle·
1066 3588 1255 3650 contrarium
1277 3578 1335 3646 fuit
1355 3583 1527 3656 expressum
1542 3587 1613 3662 Lrg.
1639 3585 1693 3646 uli.
1714 3588 1774 3647 rod.
1791 3586 1828 3647 de

201 3644 232 3744 ’ξ
267 3662 443 3739 instruam,
479 3682 531 3739 per
566 3677 657 3738 quam
691 3660 769 3725 bona
800 3683 929 3736 quorum
961 3680 1030 3736 pro·
1069 3664 1362 3746 segaris.Sicetiam
1384 3661 1644 3737 praesumtum&
1662 3661 1769 3726 transit
1790 3664 1827 3750 ³5¹

266 3747 381 3824 prietas
403 3739 515 3819 spedlat
532 3741 568 3805 ad
592 3737 772 3814 Ecclesiam,
799 3740 1033 3816 monasterium,
1067 3745 1200 3809 haeredes
1216 3762 1320 3807 omnes
1340 3744 1436 3808 etiam
1450 3760 1614 3807 extraneos
1634 3743 1828 3820 emphiteulrs

264 3827 386 3898 aliaque
410 3825 457 3898 pia
480 3822 578 3894 loca.
605 3817 732 3884 colenda
756 3815 938 3893 fruendique
957 3840 1031 3886 con·
1067 3824 1208 3901 laicalis,
1232 3824 1332 3900 quand
1380 3821 1518 3890 concessa
1536 3823 1579 3886 eli
1602 3843 1673 3886 curn
1688 3818 1826 3888 clausola

264 3900 455 3976 ceduntur3
491 3901 525 3966 dr
562 3900 736 3973 laicalem,
777 3918 830 3976 per
860 3919 951 3972 quam
986 3902 1032 3962 ita
1063 3924 1115 3985 pro
1135 3903 1343 3984 ic,s5s1aere
1364 3901 1427 3966 rbus
1448 3904 1525 3967 siris.
1774 3969 1777 3973 ,

265 3981 478 4059 conceduntur
500 3980 597 4056 bona,
629 3999 756 4055 qnorum
780 3981 952 4057 proprietas
970 3998 1033 4052 ner·
1106 3983 1197 4051 Circa
1232 4004 1308 4048 vero
1327 3982 1546 4061 Empbircusim
1566 3981 1828 4072 ecclesiasticam,

267 4068 351 4129 tinet
387 4059 424 4123 ad
460 4059 599 4136 laicum,
638 4057 688 4124 vel
723 4059 862 4124 laicalem
901 4055 1033 4136 potesta·
1066 4085 1134 4141 quae
1154 4066 1216 4129 dari
1246 4061 1474 4130 consueverunt
1503 4067 1533 4127 in
1559 4062 1829 4140 emphiteusim,·li

268 4162 358 4224 tem.
393 4137 592 4217 Empliiteusis
615 4135 811 4204 ecclesiastica
841 4143 874 4203 in
901 4140 957 4203 boc
984 4157 1034 4214 po·
1067 4147 1120 4210 vel
1138 4163 1256 4221 tempus
1276 4144 1411 4221 elapsum
1428 4141 1487 4218 eli,
1510 4144 1560 4206 vel
1581 4141 1758 4208 defecerunt
1782 4144 1827 4205 le·

268 4219 418 4291 tissimum
436 4221 540 4286 differi
567 4241 586 4283 a
611 4218 729 4299 laicali,
749 4224 818 4298 quia
842 4223 872 4282 in
892 4215 1033 4283 ecclesia·
1067 4226 1165 4304 gitimi
1182 4221 1359 4289 successores
1370 4271 1381 4304 ,
1400 4220 1498 4302 potest
1513 4223 1660 4287 Praelatus
1670 4219 1828 4298 Ecclesiae,

267 4303 348 4368 ilica·
361 4303 560 4379 requiruntur
579 4317 674 4377 certae
703 4303 777 4366 iuris
803 4298 1033 4374 solemnitates,
1068 4303 1119 4367 vel
1137 4303 1359 4369 Monasterium
1374 4324 1410 4368 ea
1430 4304 1468 4366 de
1487 4324 1572 4368 novo
1588 4302 1706 4368 tradere
1723 4307 1827 4366 inem·

267 4380 381 4457 scilicet
401 4377 533 4455 assensus
553 4377 732 4458 Pontifiris,
760 4387 793 4444 in
822 4383 858 4445 iis
882 4382 1032 4457 praecipue
1067 4383 1227 4460 phiteulim
1243 4384 1305 4447 fine
1321 4386 1392 4448 iuris
1412 4381 1674 4460 solemnitatibus,
1693 4380 1828 4447 dummo-

268 4483 339 4540 quae
365 4482 427 4526 non
459 4458 534 4525 sunt
571 4459 657 4523 solita
694 4461 818 4526 concedi
851 4463 884 4522 in
920 4457 1032 4535 empbi·
1066 4464 1105 4527 do
1124 4461 1260 4540 eadem,
1286 4462 1333 4527 vel
1354 4462 1458 4526 similis
1484 4466 1631 4528 utilitatis
1660 4459 1749 4527 causa
1772 4472 1828 4527 eir'·

270 4541 403 4617 teusim,
426 4541 461 4609 &
484 4540 669 4618 necessitas,
693 4537 753 4604 seu
778 4541 905 4606 evidens
927 4539 1033 4603 Eccle-
1068 4561 1135 4621 tet,
1155 4548 1225 4619 quia
1246 4558 1282 4609 ut
1304 4542 1383 4607 bona
1408 4542 1710 4609 Ecclesraerdirinrur
1735 4540 1827 4608 solita

270 4622 320 4689 siae
344 4621 464 4686 utilitas
494 4626 582 4685 iuirta
605 4618 833 4698 dispositionem
863 4620 1032 4697 Extravag·
1066 4623 1192 4689 concedi
1221 4626 1255 4685 in
1282 4620 1519 4700 emphiteosim,
1547 4627 1714 4701 requiritur
1736 4627 1829 4688 unica
1840 4686 1860 4719 0

201 4760 205 4769 .
259 4699 428 4780 ,Ambitiosa
448 4700 537 4767 Pauli
551 4703 593 4765 11.
615 4720 683 4776 quae
703 4698 877 4767 solemnitas
899 4721 962 4763 non
987 4719 1032 4763 re·
1066 4700 1217 4768 concessio
1238 4701 1376 4781 expressa
1397 4698 1538 4766 solemnis
1566 4705 1600 4769 dc
1628 4704 1757 4781 valida,
1789 4721 1826 4767 ut

266 4783 400 4858 quiritur
427 4785 461 4846 iii
489 4782 591 4847 laicali
611 4827 618 4844 .
638 4781 778 4846 &cundo
800 4781 947 4847 dividitur
971 4801 1032 4845 eni·
1066 4784 1150 4860 Rota
1170 4802 1247 4860 part.
1271 4803 1299 4846 1.
1316 4795 1386 4847 rom.
1404 4801 1430 4843 1.
1448 4783 1536 4861 deris.
1570 4804 1583 4844 r
1608 4787 1637 4845 6.
1665 4805 1748 4848 num.
1776 4801 1826 4861 4²·

268 4852 416 4940 pbsteiifis-
432 4864 464 4925 in
489 4878 686 4940 perpetuam,
708 4882 760 4938 per
787 4882 877 4938 quam
901 4881 947 4925 res
967 4881 1031 4924 non
1066 4863 1100 4930 δι
1120 4885 1160 4928 eo
1176 4865 1272 4942 magis
1287 4868 1359 4942 quia
1373 4860 1455 4927 bona
1473 4861 1563 4925 semel
1583 4805 1660 4930 saur
1680 4865 1828 4928 alienabi-

269 4941 308 5007 ad
325 4960 446 5008 certum
466 4958 605 5022 tempus,
624 4941 676 5006 vel
694 4943 787 5007 certis
804 4937 934 5017 personis
954 4941 1032 5005 dun·¹
1068 4943 1110 5008 lia
1125 4960 1441 5021 remanentperperuo
1450 4943 1638 5021 alienabilia‚
1655 4945 1736 5008 Rota
1746 4960 1827 5020 part,

268 5037 377 5110 tuat,
398 5019 447 5088 sed
463 5024 498 5086 in
512 5040 696 5103 perpetuum
710 5021 837 5088 colenda
851 5019 886 5087 ἀ
906 5017 1032 5085 fruenda
1067 5026 1121 5087 rs..
1139 5022 1224 5102 dcis.
1247 5041 1313 5102 ¹55·
1335 5039 1416 5089 nim.
1445 5044 1492 5104 ¹7·
1514 5022 1648 5102 Quodsi
1670 5025 1749 5088 bona
1770 5025 1826 5088 Fa·

266 5105 448 5181 conceditur
462 5126 484 5193 i,
495 5101 530 5170 dr
541 5104 779 5195 ,temporalem
795 5121 849 5182 per
871 5121 965 5180 quam
984 5120 1033 5175 res
1063 5101 1162 5173 clesiae
1177 5103 1267 5173 solita
1285 5103 1404 5181 diriio
1426 5103 1637 5183 emphiteusim
1654 5105 1759 5171 derirro
1780 5108 1828 5168 in·

312 5228 316 5235 -
1723 5206 1790 5250 cot·

824 5322 842 5365 Ι
