4425 6000
725 494 930 571 Tnacr.
958 516 1025 570 oa
1053 493 1191 573 1usr·
1220 510 1286 567 ar
1315 493 1426 569 Iun.
1454 497 1576 571 Car.
1605 490 1655 572 11.

1198 592 1333 657 nondum
1348 593 1391 658 eli
1412 594 1462 658 fibi
1480 594 1610 677 affella,
1629 598 1681 663 seu
1700 596 1832 679 obligata
1842 624 1855 678 ;
1876 599 1967 669 ideo*

718 681 746 741 5.
788 674 837 737 11.
965 694 968 699 ·
1195 694 1253 813 que
1273 673 1363 737 habet
1385 691 1509 772 tantum
1525 681 1570 741 ius
1592 678 1630 742 ad
1655 682 1869 756 acquirendam
1897 685 1962 760 pos*

615 796 659 860 ve
679 792 756 859 us
778 789 938 873 anione·
1197 752 1515 902 ,titulun
1533 759 1792 915 itrinu¹²:25
1815 761 1961 920 ralla

268 922 374 999 nidus
440 911 519 979 Cum
541 911 614 977 iuris
631 929 742 975 nomen
758 909 835 986 apud
851 907 992 990 luridas,
1012 907 1161 973 &Thm-
1196 909 1274 999 suit,
1290 914 1342 976 vel
1364 915 1510 994 vendita,
1535 918 1670 981 nondum
1691 938 1793 983 tamen
1822 923 1958 1001 tradita,

256 985 340 1042 hm·
401 998 484 1077 logos
506 992 712 1073 principaliter
729 988 908 1053 adhibeatur
923 988 960 1053 ad
992 987 1159 1068 significan·
1194 990 1228 1057 dc
1248 992 1307 1058 hoc
1328 997 1376 1057 ius
1397 1015 1458 1058 non
1475 997 1527 1061 dat
1546 1000 1592 1062 ius
1614 1001 1645 1060 in
1662 1019 1743 1075 rem,
1766 1000 1818 1062 led
1838 1004 1868 1063 in
1893 1023 1960 1079 pes.

395 1077 449 1142 das
473 1093 542 1142 rum
572 1074 681 1151 leges,
706 1087 774 1135 tum
806 1067 966 1146 asiiones,
996 1068 1160 1143 dequibus
1195 1071 1317 1149 sonam,
1339 1074 1547 1154 astionemqoe
1571 1080 1653 1155 parit
1678 1077 1888 1159 personalem,
1907 1080 1960 1149 seu

395 1177 479 1222 nunc
499 1155 592 1218 adiuti
614 1148 733 1226 sumus,
748 1169 815 1225 quar
836 1154 880 1214 ita
901 1147 1031 1213 llrisiam
1046 1147 1160 1241 habent
1194 1152 1236 1214 ell
1255 1151 1406 1232 facultas,
1430 1177 1491 1233 qua
1510 1177 1575 1220 non
1597 1179 1664 1234 res,
1685 1157 1733 1221 led
1756 1158 1880 1235 persona
1899 1184 1957 1226 no·

395 1232 529 1301 incesse
549 1231 772 1297 cohaerenriam
792 1277 800 1306 ,
832 1248 867 1292 ur
886 1230 963 1304 leges
984 1226 1042 1292 srnt
1071 1225 1160 1292 asico·
1193 1232 1237 1295 bis
1253 1233 1296 1296 eil
1312 1234 1446 1299 oblivata
1467 1235 1504 1301 ad
1525 1258 1590 1301 rem
1611 1237 1744 1312 aliquam
1767 1240 1962 1320 tradendam,

392 1336 472 1381 -nurn
491 1335 524 1378 re
545 1311 611 1386 ula,
636 1312 698 1373 imo
717 1314 767 1371 vis
786 1311 886 1379 omnis
903 1306 937 1373 dt
962 1312 1042 1372 ratio
1067 1307 1158 1372 asilo·
1194 1312 1244 1375 vel
1262 1316 1327 1377 eius
1348 1284 1581 1381 aeslimationem
1604 1315 1815 1394 praestandam,
1828 1321 1868 1383 Et
1891 1321 1957 1384 haec

395 1417 491 1473 num,
523 1414 562 1456 eu
579 1392 691 1454 iurium
707 1390 739 1451 in
756 1387 818 1467 ipso
839 1392 903 1452 iure
929 1384 978 1452 seu
998 1387 1064 1466 lege
1086 1385 1158 1451 fun·
1195 1390 1270 1456 attio
1290 1393 1334 1457 est
1354 1398 1401 1458 ius
1418 1396 1615 1475 prosequendi
1631 1402 1662 1459 in
1684 1399 1814 1464 iudicio.
1838 1401 1886 1463 lus
1904 1423 1960 1464 au·

393 1479 507 1540 detur:
539 1474 608 1535 ltine
628 1487 735 1547 aptum
757 1468 830 1532 milri
848 1468 949 1554 visum
964 1466 1008 1531 est
1032 1467 1069 1532 de
1091 1472 1158 1533 iure
1194 1489 1257 1535 tem
1281 1476 1313 1535 in
1335 1494 1368 1536 re
1390 1473 1440 1540 seu
1463 1478 1546 1540 reale
1574 1496 1726 1542 econtra
1751 1481 1794 1542 ell
1822 1481 1961 1556 legitima

385 1551 568 1632 loquendo,
584 1549 669 1612 simui
689 1570 760 1613 cum
780 1548 930 1613 divisone
946 1551 1021 1612 iuris
1051 1565 1157 1626 quate·
1192 1552 1324 1628 poteslas
1344 1558 1428 1620 circa
1445 1577 1531 1633 rem,
1546 1578 1615 1633 quae
1637 1555 1687 1619 fibi
1705 1558 1821 1626 devisla
1841 1560 1902 1633 esi,
1925 1559 1959 1625 dt

390 1656 449 1700 arus
465 1632 538 1696 dicit
555 1630 733 1707 astionem,
767 1628 947 1692 divisionem
964 1631 1040 1692 iuris
1060 1633 1157 1693 etiam
1193 1630 1350 1712 obligata,
1365 1633 1428 1700 slve
1444 1635 1486 1698 eli
1505 1640 1550 1701 ius
1570 1637 1648 1713 quod
1670 1641 1735 1714 quis
1758 1658 1844 1704 tener
1871 1643 1902 1702 in
1925 1661 1958 1702 re

414 1732 485 1779 rout
505 1712 578 1776 dicit
610 1712 716 1797 legem⁸
739 1711 846 1802 (licet,
870 1706 925 1771 suo
937 1789 942 1801 Ι
954 1708 1025 1772 loco
1039 1707 1090 1772 ubi
1120 1709 1157 1774 de
1192 1712 1307 1801 aliqua,
1323 1717 1410 1778 cuius
1426 1715 1596 1779 dominium
1618 1738 1652 1780 ac
1671 1717 1878 1794 possessionem
1891 1717 1959 1783 asin

390 1737 506 1873 iegibus
524 1785 890 1872 eginnspomafuenr)
913 1788 1155 1866 hrcquoquein·
1192 1791 1241 1855 libi
1261 1799 1487 1868 comparavitr
1507 1797 1546 1860 Et
1569 1795 1626 1859 hoc
1657 1798 1704 1861 ins
1735 1800 1787 1864 dat
1811 1798 1958 1865 asiiunem

391 1893 529 1940 novare.
686 1915 690 1920 .
1193 1875 1223 1933 in
1248 1894 1313 1936 rem
1336 1872 1457 1952 ipsam,
1483 1874 1533 1939 seu
1553 1875 1702 1940 astionem
1728 1883 1858 1955 realem,
1885 1901 1955 1958 quae

404 1954 485 2018 ‚lus
516 1954 608 2031 igitur
643 1966 802 2027 acceptum
822 1949 1008 2029 generaliter
1035 1971 1088 2026 pro
1115 1950 1154 2012 le·
1190 1951 1303 2018 dieitur
1324 1957 1368 2017 rei
1398 1957 1599 2035 vindicatio,
1625 1974 1661 2019 ut
1688 1980 1878 2037 quocumque
1906 1980 1959 2023 res

389 2055 429 2116 ge
453 2033 602 2097 dividitur
637 2036 671 2095 in
699 2033 745 2093 ius
773 2030 919 2094 naturale
949 2029 1067 2106 quoda
1099 2051 1155 2094 na·
1192 2030 1352 2111 transeat,
1373 2040 1473 2110 repeti
1502 2035 1610 2114 poffir,
1632 2035 1831 2104 &vindicari
1859 2039 1954 2103 abeo

392 2134 464 2178 tura
492 2109 535 2176 est
571 2113 680 2177 animo·
703 2107 809 2175 nostro
840 2107 1023 2188 insertuml,
1059 2108 1093 2177 dt
1118 2109 1155 2175 ab
1189 2117 1240 2189 qui
1261 2112 1356 2190 reipsa
1372 2114 1436 2178 tale
1458 2121 1503 2180 ius
1525 2134 1632 2182 tenet.
1663 2118 1724 2181 Res
1740 2125 1821 2184 enim
1843 2117 1953 2184 transit

392 2194 476 2259 omni
512 2190 604 2255 libera
630 2191 796 2257 voluntate
824 2208 890 2254 tam
922 2189 1027 2255 divina
1063 2212 1153 2266 quarn
1190 2214 1371 2258 cumonere
1392 2190 1566 2271 suo,quod
1590 2216 1669 2261 onus
1693 2202 1739 2261 rei
1766 2200 1808 2261 esi
1835 2202 1954 2263 ureius

387 2271 628 2347 creataprorlus
646 2267 973 2347 independens;&1us
991 2268 1153 2348 positivum
1190 2271 1226 2336 lit
1247 2276 1296 2337 cui
1320 2271 1435 2339 tradita
1456 2272 1512 2337 srr.
1541 2273 1622 2337 Tale
1646 2280 1692 2340 ius
1713 2278 1787 2339 illud
1806 2277 1848 2340 esi
1874 2278 1954 2353 quod

387 2355 467 2432 quod
489 2353 580 2416 libera
601 2351 783 2431 legislatoris
803 2350 972 2413 voluntate
1001 2349 1153 2417 eonstitu-
1190 2357 1376 2431 acquiritur,
1397 2352 1432 2419 dc
1449 2351 1579 2418 habetur
1599 2359 1850 2431 peremptionem
1867 2356 1956 2421 alios*

388 2452 460 2499 cum
480 2430 542 2508 est,
566 2430 599 2496 dc
622 2432 678 2496 ltoc
696 2431 845 2494 dividitur
861 2432 893 2491 in
909 2432 1048 2493 divinum
1075 2432 1152 2507 quod
1192 2453 1229 2495 ve
1243 2432 1418 2497 contrarius
1435 2432 1541 2498 secuta
1557 2436 1599 2497 rei
1611 2435 1795 2502 traditione.
1815 2435 1954 2501 Hincre·

387 2512 432 2579 esi
453 2513 573 2586 aDeo,
592 2511 626 2576 dt
647 2516 681 2574 in
699 2511 865 2574 humanum
886 2508 965 2585 quod
998 2513 1036 2574 ab
1054 2510 1153 2575 homi·
1190 2530 1342 2576 vocantur
1365 2513 1400 2574 ad
1427 2514 1472 2575 ius
1491 2513 1522 2572 in
1540 2531 1571 2574 re
1591 2513 1762 2576 dominium
1784 2519 1847 2591 rei,
1863 2513 1952 2594 usus,

387 2613 430 2656 ne
446 2593 597 2657 llatutum
618 2593 685 2655 ell.
707 2590 885 2653 Humanum
907 2589 1151 2656 dividitutiniur
1188 2592 1220 2656 δι
1250 2589 1453 2665 ususfrudius,
1474 2589 1660 2670 servitutes,
1674 2596 1720 2656 ius
1737 2593 1918 2675 hypotheca
1944 2644 1953 2670 ,

389 2671 560 2749 Gentium,
574 2671 656 2749 quod
671 2671 769 2735 veluti
792 2670 935 2732 naturale
967 2670 1087 2734 Gentes
1117 2694 1150 2735 o·
1188 2671 1221 2737 dc
1238 2674 1381 2748 pignoris,
1391 2691 1482 2735 omne
1504 2670 1630 2736 tandem
1650 2675 1696 2737 ius
1717 2675 1796 2749 quod
1813 2692 1877 2735 rem
1896 2674 1954 2735 ali·

386 2773 473 2818 mnes
489 2750 669 2828 observant,
692 2755 722 2813 in
738 2753 923 2814 canonicum
942 2749 1150 2829 quodrespicit
1188 2773 1278 2825 quani
1309 2748 1372 2815 srve
1400 2751 1616 2829 corporalem,
1645 2752 1708 2815 sive
1729 2751 1958 2827 incorporalem·

316 2884 324 2898 .
377 2830 606 2900 ¹etrelesrallicas
633 2829 771 2910 persinas
799 2827 863 2906 ,dc
898 2834 1080 2896 continetur
1118 2836 1150 2894 in
1188 2836 1233 2895 ita
1254 2830 1340 2895 nobis
1365 2830 1530 2909 obligarem
1551 2828 1892 2908 tenet&affesiam,ut'
1914 2850 1953 2893 ert

386 2933 515 2990 torpore
538 2915 614 2976 iuris
633 2911 791 2987 canonici,
807 2907 841 2974 dc
860 2911 974 2989 civile,
994 2912 1073 2989 quod
1104 2930 1151 2976 re·
1187 2931 1222 2975 ea
1233 2914 1387 2988 percipere
1405 2912 1566 2975 valeamus
1587 2906 1712 2988 fridus,
1731 2911 1953 2987 emolumenta,

270 3022 276 3027 ·
384 2991 474 3072 spicit
484 2992 641 3057 saeculares
657 2986 798 3067 permnas
810 3010 989 3069 ,quatenus
1008 2990 1076 3057 sunt
1097 2992 1152 3058 sae·
1189 2992 1320 3056 honores
1336 2992 1410 3061 &cu
1420 2990 1568 3067 Exempla
1583 2987 1743 3066 utriusque
1763 2993 1836 3056 iuris
1861 2988 1953 3053 facile

384 3075 524 3138 culares.
542 3072 592 3134 lus
613 3072 705 3134 civile
718 3071 798 3134 aliud
814 3070 856 3132 eli
873 3071 1149 3151 Caesareum,quod
1189 3070 1339 3136 habentur
1356 3073 1385 3133 in
1402 3068 1585 3135 Beneficiis·.·
1604 3068 1691 3132 'Nam
1702 3070 1833 3146 eleslio,
1853 3069 1956 3146 posiu-

384 3154 497 3217 dicitur
513 3153 609 3216 etiam
625 3148 836 3225 imperiale&
855 3152 1047 3227 Romanum,
1069 3154 1149 3229 quod
1189 3153 1287 3228 latio,
1311 3151 1529 3228 presentatio,
1551 3151 1616 3213 imo
1639 3148 1770 3214 collario
1791 3146 1852 3227 ipsa
1879 3168 1954 3212 ante

385 3236 568 3297 continetur
588 3232 621 3293 in
642 3249 768 3306 corpore
785 3232 859 3293 iuris
878 3231 1023 3309 Caesarei,
1036 3230 1151 3297 &Mu-
1189 3227 1461 3306 praesentationem
1476 3229 1531 3292 dat
1553 3227 1747 3295 solummodo·
1764 3232 1810 3292 ius
1823 3226 1859 3292 ad
1877 3249 1954 3290 reim

384 3312 540 3390 nicipale,
559 3310 639 3387 quod
657 3309 708 3373 sibi
726 3311 955 3387 particulariter
976 3308 1149 3378 statuerunt
1189 3310 1321 3375 Adlualis
1345 3331 1419 3374 vero
1439 3307 1531 3387 ipsius
1555 3307 1682 3376 collatio
1710 3324 1764 3387 per
1792 3305 1955 3374 investitu-

385 3388 503 3470 iingula
523 3391 823 3470 regnamur-incia,
839 3387 873 3455 ἀ
889 3395 1052 3454 civitatesr
1069 3395 1149 3457 Prae·
1188 3411 1251 3453 ram
1267 3390 1320 3456 dat
1343 3391 1390 3456 ius
1407 3392 1440 3452 in
1459 3409 1512 3453 res

384 3472 520 3537 terhate
544 3472 792 3550 generatoris,
816 3469 894 3547 qnod
918 3469 1031 3535 dicitnr
1051 3475 1146 3536 eriam
1227 3469 1267 3533 Er
1287 3486 1324 3534 ut
1351 3470 1468 3534 clarius
1492 3490 1542 3534 res
1569 3466 1761 3544 innotescat,
1783 3468 1953 3534 addendum

386 3557 435 3616 ius
463 3550 605 3629 scriptum
626 3592 638 3629 ,-
657 3565 769 3614 extant
798 3549 1061 3625 consuetudines,
1081 3573 1150 3631 que
1187 3551 1270 3615 tale.
1290 3549 1325 3615 dc
1346 3567 1470 3615 tantum
1490 3549 1550 3614 esse
1567 3544 1725 3614 discrimen
1750 3553 1832 3613 inter
1853 3552 1900 3611 ius
1921 3551 1954 3609 in

387 3629 528 3709 stantius
552 3631 772 3709 particulare,
798 3632 876 3707 quod
911 3629 1086 3695 institutum
1107 3631 1148 3696 esl
1174 3629 1292 3706 res&
1312 3633 1359 3694 ius
1376 3628 1414 3694 ad
1438 3649 1517 3704 rem,
1542 3646 1577 3692 ut
1599 3631 1646 3692 ius
1666 3631 1697 3690 in
1728 3646 1759 3692 re
1787 3632 1832 3692 ica
1858 3625 1954 3691 faciat

386 3732 441 3790 per
463 3711 585 3791 longum
598 3711 703 3785 ,tusum
733 3758 741 3781 ,
775 3712 826 3787 qui
858 3713 890 3772 in
912 3711 1148 3786 particularibus
1188 3731 1251 3773 rem
1272 3712 1422 3787 propriam
1443 3708 1552 3785 illius,
1582 3711 1632 3784 qui
1660 3708 1725 3773 tale
1744 3711 1792 3771 ius
1809 3726 1896 3771 tenet
1924 3710 1955 3768 in

386 3794 557 3869 provintiis
570 3791 727 3866 invaluit,
744 3790 777 3855 dt
797 3811 866 3854 eum
886 3789 960 3864 essct
982 3791 1150 3855 rationabi-
1188 3788 1249 3866 ipsa
1273 3810 1328 3868 re,·
1345 3808 1381 3853 ut
1410 3789 1619 3864 mirumque,
1649 3808 1686 3853 ac
1706 3787 1783 3863 apud
1807 3804 1955 3863 quemque

386 3871 445 3946 lis,
465 3891 501 3934 ae
521 3870 656 3948 legitime
677 3869 967 3946 prascriptns,‹nin
999 3871 1070 3948 legis
1097 3873 1150 3934 nb·
1187 3869 1248 3945 lit,-
1274 3886 1311 3934 ac
1334 3871 1516 3934 inveniatur
1537 3901 1548 3943 ,·
1571 3867 1664 3932 habet
1696 3867 1744 3930 hic
1774 3865 1955 3944 potestatem

384 3952 504 4026 tinuit,
523 3949 557 4013 dt
573 3949 743 4026 appellatur
759 3955 807 4014 ius
826 3970 889 4014 non
910 3948 1056 4026 scriptum
1065 3984 1076 4012 .·
1098 3950 1149 4013 lu·
1185 3970 1253 4013 eam
1270 3949 1432 4024 accipiendi
1443 3983 1454 4026 ,·
1469 3948 1626 4024 repetendi
1642 3945 1766 4024 ,salvis
1782 3965 1885 4011 tamen
1905 3947 1955 4009 de·

342 4032 348 4044 '
382 4052 420 4094 ra
440 4027 610 4093 huiusmodi
628 4025 681 4092 serr
698 4029 964 4109 consuetudines,
992 4040 1060 4103 qua
1086 4033 1150 4095 vim
1186 4029 1258 4095 bitis
1279 4030 1376 4093 modis
1402 4027 1608 4105 procedendi.
1631 4024 1855 4104 lmoquisquis
1886 4045 1956 4089 eam

384 4112 413 4174 le
435 4114 462 4173 is
482 4110 672 4180 obtinuere,
701 4128 811 4173 extant
838 4128 901 4171 ram
929 4111 962 4170 in
987 4110 1079 4176 Statu
1108 4113 1148 4171 ri·
1188 4112 1335 4188 receperit
1357 4157 1365 4184 ,
1389 4125 1514 4174 tenetur
1541 4126 1580 4170 ex
1602 4104 1718 4168 institia·
1740 4103 1836 4180 ipsam
1857 4102 1956 4169 eidem

384 4132 441 4253 vrit
457 4209 551 4266 quam
575 4186 793 4252 ecclesiastico.
815 4189 864 4253 Ab
887 4187 1026 4253 omnibus
1044 4206 1150 4254 aurem
1186 4189 1362 4253 relliruerer
1380 4185 1465 4250 Sicsr
1488 4185 1581 4250 vellis
1598 4186 1648 4248 vel
1670 4202 1765 4260 equus
1783 4182 1865 4248 Titii
1891 4179 1956 4246 lur-

384 4269 433 4334 lris
458 4268 575 4333 iuribus
593 4303 605 4344 ,·
630 4266 683 4331 seu
711 4268 824 4346 legibus
845 4272 913 4332 iura
929 4287 997 4344 quae
1019 4267 1150 4333 sitiones
1188 4288 1222 4333 to
1249 4266 1311 4332 suit'
1332 4267 1425 4330 Titio
1446 4265 1587 4341 ablatum·
1611 4267 1725 4341 poterit
1747 4263 1853 4327 Titius
1884 4283 1955 4327 eum

382 4348 476 4427 sunt,-
495 4348 580 4414 suam
600 4358 722 4411 ornnem
739 4351 803 4412 vim
825 4348 972 4412 hauriunt
1005 4350 1055 4414 vel
1084 4368 1148 4426 per·
1187 4357 1325 4426 repetere
1347 4345 1526 4420 ubicumque
1556 4346 1742 4422 invenerit,
1773 4344 1849 4408 licet
1875 4345 1954 4408 alius
1996 4417 1999 4423 ,
2034 4403 2036 4411 1

387 4432 523 4507 cipiunt,
544 4429 577 4493 dt
598 4427 667 4491 ideo
687 4447 795 4493 eorum
823 4427 948 4492 scientia
971 4428 1021 4493 seu
1045 4431 1148 4508 cogni·
1186 4427 1320 4505 vellem,
1340 4427 1391 4487 vel
1415 4442 1525 4501 equum
1552 4422 1633 4488 bona
1655 4421 1714 4486 fide
1731 4428 1870 4488 emerit.
1904 4418 2046 4488 Ut0⁰³s³

385 4512 435 4573 tio
454 4510 619 4588 necessario
640 4510 804 4585 requiritur
829 4526 977 4585 tanquam
998 4511 1147 4586 praecipua
1187 4525 1290 4571 autem
1315 4508 1383 4583 quis
1403 4505 1525 4575 dicatur
1544 4505 1590 4567 ius
1621 4504 1731 4568 habere
1758 4506 1790 4566 in
1812 4526 1867 4582 re,
1893 4521 1955 4571 tres
1968 4497 2045 4603 '3¹:⁸3

385 4588 490 4664 regula
506 4589 542 4650 ad
562 4594 648 4652 culus
665 4588 859 4652 conscientia:
881 4592 914 4651 in
943 4589 998 4654 tali
1019 4592 1149 4653 materia
1187 4591 1384 4664 requiruntur
1412 4584 1605 4649 conditiones
1635 4604 1652 4646 a
1683 4583 1749 4661 lege
1778 4585 1922 4661 appositas
1947 4636 1958 4667 ,

385 4668 600 4734 resolvendos.
1188 4667 1334 4730 videlicet
1355 4665 1437 4741 qnod
1454 4685 1502 4738 res
1518 4661 1649 4742 existat,
1670 4662 1748 4741 quod
1766 4663 1840 4729 adsit
1861 4667 1957 4735 iustus

426 4747 477 4814 lus
498 4765 603 4812 autem
625 4764 717 4824 prout
732 4747 807 4811 dicit
833 4748 1006 4827 aslionem,
1027 4749 1065 4813 de
1088 4766 1151 4826 quo
1188 4746 1298 4811 titulus
1326 4765 1395 4809 eam
1429 4742 1622 4823 possidendi,
1656 4762 1730 4825 puta
1762 4750 1958 4833 emptionis,

385 4826 622 4904 admisimus,
647 4828 796 4892 dividitur
818 4831 912 4893 inius
933 4829 971 4893 ad
992 4851 1089 4908 rem,
1116 4827 1150 4893 ἀ
1186 4828 1383 4900 donationis,
1402 4821 1460 4890 dcc.
1490 4825 1524 4891 dt
1544 4824 1626 4902 quod
1658 4831 1720 4890 iam
1754 4827 1869 4895 tradita
1888 4828 1956 4896 suet

383 4913 433 4977 ius
454 4914 486 4974 in
521 4927 571 4985 re,
600 4905 649 4972 seu
674 4909 774 4972 reale.
796 4908 848 4973 lus
870 4908 905 4974 ad
927 4928 990 4974 rem
1009 4909 1051 4973 esi
1079 4915 1150 4987 ius,
1186 4909 1249 4985 rit,
1269 4905 1303 4972 dc
1330 4901 1396 4969 aslu
1421 4905 1572 4981 possessa.
1594 4904 1643 4970 Ab
1663 4906 1721 4973 hac
1742 4912 1833 4974 tertia
1850 4911 1957 4976 tondi·

384 4991 438 5057 seu
454 4985 582 5067 poteslas
602 4989 760 5066 legitima,
775 5010 865 5066 quam
891 4993 957 5063 quis
981 4989 1093 5068 lrabet',
1113 4995 1150 5053 ut
1187 4990 1273 5052 tione
1293 4988 1491 5056 excipiuntur
1514 5005 1561 5049 res
1584 4985 1772 5063 incorporeae
1793 4991 1806 5068 (
1826 5000 1893 5062 quae
1912 4988 1955 5055 sea·

390 5070 550 5150 cbtineat,
576 5070 616 5134 rbi
636 5066 807 5151 obligetur,
824 5092 858 5136 ac
880 5068 935 5135 fiat
958 5068 1009 5140 sua
1025 5075 1150 5150 resque
1190 5066 1323 5143 cundum
1343 5064 1456 5156 stylum
1475 5065 1607 5156 legalem
1625 5065 1771 5143 dicuntur
1791 5070 1958 5220 tadflumes·

1847 5171 1918 5234 uge-
