4425 6000
566 504 1565 586 'suaemnalrritisrirra&coralli
1678 500 1790 608 ‘117

263 618 371 686 «litem
385 611 432 679 illi
450 606 574 678 cessioni
590 609 819 675 solemnitatem
849 607 1032 686 ignominio-
1070 602 1191 670 xuriose
1212 608 1366 687 vivendo,
1388 627 1496 685 nempe
1513 607 1725 689 culpabiliter,
1743 611 1838 681 faeni

265 698 333 765 satu
348 690 492 762 addidisse
503 715 514 769 ,·
536 712 607 757 cum
636 689 701 753 baec
723 686 761 753 sit
786 707 879 764 poena
893 686 1033 763 imposita
1067 684 1111 749 est
1135 689 1289 764 impotens
1318 688 1355 751 ad
1377 685 1584 754 solvendum.
1613 687 1684 754 lura
1705 712 1836 771 namque

289 768 738 855 ropterculpampraesumptaui
754 766 1032 833 contrahentisde·
1066 763 1195 845 benigne
1215 764 1397 832 infortuniis
1410 767 1579 832 debitorum
1591 767 1753 836 consulunt
1762 795 1837 849 quos

253 801 335 928 bra
351 853 438 933 supra
453 848 521 916 suas
539 856 649 929 vires,
662 850 793 925 alioque
817 848 1036 922 deterrendos,
1067 845 1462 929 calamitasmausragium,
1477 848 1837 931 aliaque-hocgenusad-

264 958 309 1008 ne
328 932 564 1016 prodigalitate,
586 948 641 995 aut
662 931 845 1010 negligentia
872 927 911 993 ad
937 926 1033 994 talem
1069 924 1156 990 versa
1181 924 1244 991 sine
1268 926 1322 993 sua
1340 928 1429 1004 culpa
1444 925 1641 1006 deprelerunt
1661 980 1671 1007 ,
1692 951 1755 995 non
1779 953 1837 998 au-

264 1017 478 1085 conditiooem
495 1012 680 1077 reducantur
704 1057 714 1088 ‚
739 1011 865 1072 minime
896 1026 970 1071 vero
997 1004 1033 1069 ad
1068 1021 1133 1069 tem
1153 1007 1281 1072 malitiae
1308 1004 1489 1073 iniustorum
1515 1007 1704 1087 debitorum,
1726 1014 1776 1088 qui
1796 1033 1837 1077 ex

264 1094 441 1163 tollendum
461 1091 604 1158 naturale
623 1088 757 1155 debitum
784 1084 922 1153 solvendi
951 1084 1034 1149 debi-
1067 1084 1204 1163 crapula,
1222 1085 1458 1166 prodigalitate,
1474 1085 1837 1169 sludiosaquediffipatio·

265 1195 302 1245 ta
315 1199 326 1255 ς
341 1194 413 1241 cum
429 1190 480 1251 per
500 1172 584 1235 illam
600 1188 723 1249 poenam
754 1165 874 1233 nullum
895 1164 1032 1230 Credito-
1067 1162 1196 1259 netsasli
1213 1164 1282 1231 sunt
1303 1172 1486 1243 impotentes
1496 1168 1535 1233 ad
1545 1165 1738 1235 solvendum.
1761 1171 1836 1238 Nou

262 1261 310 1323 ris
323 1255 472 1322 omnim
492 1249 691 1317 resarciatur.
1067 1263 1152 1310 enim
1167 1245 1462 1324 praesupponidebet·
1476 1247 1559 1314 velle
1574 1251 1640 1314 iura
1655 1250 1836 1317 beneficium

305 1332 410 1400 Cessro
429 1334 521 1410 igitur
536 1331 684 1396 bonorum
703 1329 829 1398 iuridice
849 1322 958 1413 sabim·
970 1342 1032 1388 non
1068 1322 1205 1389 cessionis
1222 1326 1388 1392 concedere
1403 1327 1451 1390 liis
1470 1330 1520 1404 qui
1536 1331 1636 1405 potius
1660 1351 1761 1408 poenae
1789 1331 1837 1398 se·

265 1415 363 1486 solvit
378 1413 547 1477 debitorem
569 1411 607 1474 ab
627 1428 721 1474 onere
743 1404 921 1485 solutionis,
941 1402 989 1469 led
1004 1406 1032 1467 ei
1069 1409 1234 1472 veritatem
1255 1424 1424 1472 merentur.
1446 1405 1497 1471 Illi
1513 1411 1716 1476 enimmerito
1730 1413 1840 1477 incar·

264 1490 656 1564 tantummodoconscrtne
664 1487 792 1552 ulterius
807 1483 959 1552 molestari
968 1481 1034 1561 pos·
1068 1505 1168 1549 cerem
1192 1486 1313 1552 detrudi
1345 1488 1466 1566 possunt
1493 1487 1591 1555 donec
1624 1492 1744 1571 integre
1769 1513 1837 1571 per·

266 1576 306 1640 lit
322 1578 354 1637 in
370 1569 439 1640 foro
465 1589 597 1635 externo
626 1589 681 1647 pro
710 1570 831 1646 integra
849 1566 1032 1641 solutioneg
1068 1563 1212 1630 solvant.

266 1653 475 1723 videlicerne
490 1651 659 1726 mancipari
724 1646 774 1711 ssit
800 1646 948 1724 Carceri,
975 1663 1033 1708 nec
1108 1644 1237 1710 Debitor
1257 1644 1424 1725 illius,qui
1440 1646 1526 1713 bonis
1546 1645 1605 1712 suis
1621 1648 1705 1716 cessit
1756 1650 1838 1717 debi-

265 1734 418 1813 expoliari
439 1732 624 1808 bonis,quae
644 1749 681 1805 po
722 1723 885 1791 cessionem
911 1721 1034 1802 acquisi·
1068 1742 1136 1789 tum
1161 1722 1246 1790 suum
1268 1722 1462 1791 manifestare
1492 1746 1617 1793 tenetur
1637 1779 1647 1807 ,
1666 1729 1706 1795 ὃ(
1716 1698 1838 1797 soluere

266 1820 319 1880 vit
338 1829 491 1890 quatenus
511 1815 540 1873 ei
556 1831 631 1887 opus
646 1803 715 1873 sunt
731 1806 768 1871 ad
780 1803 977 1872 necessariam
985 1802 1033 1867 su·
1066 1801 1246 1869 officialibus
1264 1804 1408 1885 iussitiae,
1430 1823 1465 1872 ut
1482 1807 1551 1871 inde
1571 1806 1752 1878 restituatur
1767 1812 1841 1876 Cre·

266 1894 505 1966 limationem,
525 1890 689 1955 secundum
712 1884 828 1951 statum
848 1905 939 1962 quem
957 1883 1034 1949 iulle
1067 1884 1215 1950 ditoribus
1239 1884 1400 1952 secundum
1430 1890 1642 1966 aequitatem·
1671 1895 1840 1956 nonenim

266 1970 455 2051 acquisivit:
481 1975 557 2035 bene
578 1968 699 2046 quidem
722 1968 788 2044 cogi
818 1963 916 2044 potest
940 1966 971 2027 in
984 1964 1033 2054 lili
1069 1982 1157 2029 tutus
1176 1964 1219 2030 est
1236 1969 1266 2029 in
1280 1963 1467 2033 conscicntia
1487 1965 1543 2029 nisi
1559 1967 1692 2033 debitum
1718 1967 1838 2037 solvat.
1941 1988 1945 1994 ·

266 2074 334 2131 quae
355 2050 412 2116 tali
429 2051 641 2115 suslentationi
654 2044 822 2124 supersint,
844 2047 911 2109 l.1s
939 2050 1032 2122 quib
1110 2044 1248 2110 Tametsi
1269 2046 1387 2111 debitor
1407 2047 1582 2125 principalis
1597 2048 1685 2113 bonis
1702 2052 1840 2132 cesserit,

268 2132 394 2200 sinnas
415 2131 449 2196 ἀ
469 2135 537 2208 Cap.
554 2128 605 2206 qui
621 2125 702 2192 bonis
717 2126 751 2207 ff.
772 2125 810 2189 de
825 2126 935 2213 eeffiiiie
954 2124 1034 2187 leno
1072 2122 1169 2189 adbuc
1189 2128 1254 2189 eius
1273 2124 1425 2190 fideiussor
1444 2144 1545 2191 manet
1562 2129 1673 2205 ligatus
1703 2130 1739 2194 ad
1761 2132 1841 2196 inte·

266 2234 357 2279 rm.
383 2212 424 2275 Et
449 2211 505 2276 hoc
526 2207 626 2274 salvat
650 2210 747 2272 etiam
762 2210 793 2269 in
823 2213 891 2268 loro
911 2209 1034 2273 interno
1069 2224 1154 2282 gram
1174 2226 1228 2281 pro
1243 2208 1351 2271 eodem
1363 2202 1560 2271 solutionem.
1577 2207 1758 2274 Namcessio
1769 2231 1839 2289 pro-

262 2290 467 2360 conscientiae
488 2339 498 2367 ,
520 2310 592 2354 cum
609 2285 652 2352 st
684 2285 903 2364 privilegium,
924 2305 941 2346 a
969 2286 1034 2347 iure
1070 2283 1132 2347 dest
1155 2283 1286 2350 debitori
1304 2334 1314 2363 ,
1331 2287 1468 2352 'minime
1494 2287 1657 2352 fideiussori
1673 2312 1683 2368 3
1698 2292 1748 2367 qui
1769 2289 1838 2357 ideo

265 2372 458 2448 contessum,
473 2369 508 2435 ἃ
526 2365 700 2433 contradus
710 2368 799 2429 iuxta
815 2368 882 2427 iura
897 2361 1033 2428 celebra·
1069 2365 1178 2452 datur,
1194 2382 1231 2429 ut
1245 2362 1307 2442 ipse
1325 2363 1427 2432 solvat
1442 2365 1512 2431 calu
1527 2388 1587 2443 quo
1595 2368 1768 2447 principalis
1776 2390 1839 2436 non

268 2456 312 2530 ti,
334 2474 370 2517 ac
392 2451 460 2515 ideo
480 2448 547 2513 iussi
566 2452 663 2528 etiam
691 2448 723 2508 in
746 2440 961 2510 conscientia.
984 2442 1034 2508 lt'a
1069 2446 1113 2536 sit·
1122 2442 1157 2508 ad
1175 2441 1367 2511 solvendum.
1390 2444 1439 2508 Est
1459 2451 1628 2512 communis
1648 2468 1687 2514 ex
1706 2450 1727 2513 l.
1744 2453 1839 2515 Exce-

261 2534 486 2599 eommuniter.
1066 2536 1127 2602 pito
1143 2538 1172 2602 3.
1193 2525 1286 2605 inlli'l.
1306 2526 1345 2592 dr
1365 2523 1573 2604 replicationis.

306 2614 459 2691 Quamvis
474 2609 592 2680 debitor
610 2605 719 2674 cedens
735 2605 822 2675 bonis
843 2607 875 2670 in
895 2602 963 2671 soro
980 2624 1034 2667 ex·
1106 2603 1263 2672 Bonorum
1278 2603 1368 2671 cessio
1383 2603 1503 2670 nonest
1519 2605 1687 2674 necessaria
1706 2608 1767 2675 illis
1785 2607 1835 2674 de·

265 2710 361 2759 terno
376 2692 414 2755 de
434 2695 531 2769 rigore
553 2691 647 2766 iuris,
665 2693 715 2753 ita
734 2686 773 2751 de
793 2684 1034 2764 acquisitis-ante
1069 2682 1294 2762 bitoribus,qui
1313 2702 1435 2763 propter
1451 2685 1557 2750 debita
1573 2687 1686 2753 Civilia
1704 2687 1839 2755 nonsub·

267 2771 430 2839 cessonem
446 2771 618 2846 expolietur
647 2789 683 2834 ut
709 2770 737 2831 ei
766 2787 826 2832 non
845 2765 1035 2839 relinquatur
1070 2765 1180 2827 iiciunt
1208 2784 1306 2841 poeiiae
1334 2767 1462 2829 carceris
1484 2764 1658 2831 cuiusmodi
1682 2765 1751 2834 sunt
1771 2791 1842 2835 mu*

266 2872 404 2933 congrua
412 2847 593 2916 sustentatio
604 2871 615 2925 ,·
630 2868 701 2916 cuin
716 2845 751 2913 ad
760 2842 967 2915 fraudulentas
975 2839 1033 2913 tes·
1071 2843 1158 2913 lieres
1178 2842 1301 2912 honelle
1320 2847 1492 2922 uiuentes,
1519 2845 1639 2909 Milites
1666 2850 1697 2911 in
1726 2846 1836 2913 asinali

267 2934 366 2999 siones
390 2933 531 3009 vitandas
556 2930 641 2994 bonis
679 2929 819 2995 omnibus
848 2923 957 2995 cedere
984 2926 1036 2992 de·
1069 2927 1168 3006 bello,
1184 2928 1217 2993 δι
1237 2928 1270 2991 in
1291 2927 1457 2991 Provinciis
1478 2924 1654 3003 quibusdam
1681 2926 1838 3008 Nobiles,

265 3012 362 3090 beat;
384 3010 756 3086 insorotamenintemo,
771 3010 823 3075 seii
840 3008 1033 3077 conscientiae
1070 3005 1218 3075 Dostores
1249 3009 1359 3074 Clerici
1375 3004 1541 3085 gaudentes
1562 3007 1721 3087 privilegio
1747 3029 1838 3075 cano·

268 3112 376 3159 opines
397 3093 464 3156 DD.
485 3096 706 3167 conveniunt,
732 3092 826 3155 talem
839 3089 1033 3176 debitorem,
1070 3094 1136 3168 nis,
1156 3088 1190 3154 ὃ(
1219 3058 1302 3168 sori,
1321 3084 1375 3151 nisi
1397 3105 1501 3153 tamen
1516 3084 1617 3166 sugam
1645 3109 1751 3167 capere
1773 3109 1838 3155 ino-

266 3177 321 3251 qui
340 3193 381 3237 eir
399 3169 568 3239 infortunio
587 3173 673 3238 bonis
703 3169 761 3237 suis
777 3171 884 3249 cedit,
917 3169 955 3236 δι’
971 3172 1034 3248 ipso
1069 3172 1218 3235 litentur.

266 3249 413 3319 defundo
429 3254 474 3316 illi
494 3273 620 3318 uxorein
642 3252 780 3329 filiosque
800 3249 932 3317 eiusdem
949 3251 1034 3314 bonis
1062 3318 1066 3325 ,
1090 3248 1834 3332 Assignatiodebitiiniureappellaturdelegatio:
1850 3262 1925 3380 2³³⁴
1939 3263 1978 3318 at.

264 3336 366 3399 etiam
387 3350 459 3398 ante
484 3332 644 3399 temonem
673 3329 855 3411 acquisitis,
880 3330 930 3395 seu
950 3329 1033 3423 habi·
1069 3331 1219 3410 delegatio
1229 3350 1335 3398 autem
1344 3332 1393 3396 liic
1411 3334 1558 3409 importat
1574 3329 1642 3395 dell⁴
1647 3335 1838 3411 mationem,
1877 3329 1968 3406 griano

263 3418 333 3493 tis,
349 3433 418 3490 quae
439 3413 477 3478 ad
491 3416 594 3477 omnia
609 3412 713 3477 debita
729 3410 935 3499 extinguenda
964 3411 1034 3474 latis
1063 3431 1128 3486 qua
1155 3411 1277 3478 debitor
1301 3412 1433 3477 alterum
1461 3414 1529 3476 vice
1551 3409 1605 3476 sua
1633 3355 1685 3475 dat
1702 3411 1840 3478 Credito-
1856 3389 1963 3506 “¹³¹²'‘

262 3513 333 3559 tion
352 3495 423 3557 siant
444 3494 525 3571 posle
544 3493 664 3557 occulte
680 3491 837 3556 detrahere
859 3539 868 3569 ,
893 3511 929 3556 ac
955 3489 1035 3553 deti·
1070 3495 1118 3569 ri,
1136 3492 1184 3556 vel
1200 3496 1250 3557 cui
1268 3492 1404 3569 iusserit,
1424 3511 1517 3569 aquo
1533 3491 1669 3555 debitum
1686 3491 1839 3557 Creditori
1852 3525 1921 3572 epu,
1936 3521 1980 3569 te.

266 3590 507 3650 aierequantum
522 3571 717 3637 cis-sufficiat
739 3619 748 3647 ,
772 3572 925 3636 advitam
951 3570 1035 3634 luam
1070 3570 1230 3640 solvatur.
1245 3572 1412 3653 bDelegare
1424 3573 1460 3654 ff.
1482 3572 1518 3635 de
1534 3568 1713 3635 nivaiiom'b.
1731 3571 1839 3636 Adde·
1853 3583 1966 3649 legatio.

263 3652 521 3729 sustentandam,
550 3650 723 3715 aestatum
752 3648 827 3712 iulle
855 3646 1034 3726 acquisitum
1071 3653 1259 3731 legationem
1283 3651 1355 3718 satis
1385 3651 1430 3717 est
1458 3649 1564 3727 siquis
1581 3669 1620 3713 eii
1649 3670 1841 3728 quacumque

259 3731 471 3810 honestes&
487 3749 576 3805 parce
595 3726 775 3792 servandum
796 3772 809 3814 ,ι
823 3729 853 3790 Si
878 3746 982 3793 tamen
1003 3731 1034 3791 in
1069 3731 1171 3797 caussa
1186 3734 1281 3794 etiam
1295 3752 1423 3797 erronea
1442 3730 1686 3797 verumalterius
1704 3728 1840 3795 debitum

264 3812 383 3879 iudicio
412 3811 607 3885 requirantur
641 3826 705 3870 non
742 3808 862 3883 poliunt
904 3825 938 3871 ut
979 3828 1037 3872 vo-
1071 3815 1101 3874 in
1125 3809 1154 3875 se
1170 3815 1300 3888 recipiat
1314 3816 1403 3876 iuxta
1424 3805 1723 3876 Molinamaliosve·
1744 3809 1840 3876 Etita

258 3890 336 3958 lunt
366 3890 461 3965 aliqui
485 3908 556 3951 cum
573 3906 707 3962 ⁶0¹1ng
722 3887 969 3971 aequivocatione
989 3891 1036 3951 iu·
1072 3911 1164 3956 verus
1192 3891 1310 3955 debitor
1333 3890 1463 3957 solvitur
1480 3889 1517 3955 ab
1544 3886 1731 3968 obligatione
1755 3888 1841 3956 relli-

260 3986 337 4037 nre
366 3965 396 4044 se
429 3967 517 4037 nihil,
530 3964 724 4043 occultasse,
753 3966 804 4029 seii
830 3964 1037 4044 subtraxisse,
1071 3973 1224 4047 tutionis,
1237 3967 1289 4035 seu
1306 3968 1480 4037 solutionis.

259 4047 472 4126 intelligendo
487 4066 501 4122 ;
529 4045 607 4108 nihil
637 4044 705 4123 ipsis
732 4065 794 4132 non
821 4043 1036 4110 debitumiure
1110 4045 1285 4114 Transatiio
1313 4051 1474 4115 secundum
1507 4046 1622 4113 iurislas
1650 4049 1691 4131 est
1713 4051 1839 4131 patrio,
1903 4066 1975 4141 Qua

259 4127 505 4195 naturaliicunt
520 4142 557 4190 ut
567 4128 627 4189 iam
637 4125 831 4190 vidimussuo
852 4126 919 4189 loco
931 4125 970 4217 'in
987 4142 1034 4190 ta·
1064 4128 1121 4211 seu
1139 4136 1243 4195 mutua
1259 4131 1391 4209 partium
1410 4129 1590 4194 sitientium
1608 4132 1767 4196 conventio
1782 4155 1838 4197 riori
1856 4130 1969 4206 Tmlt·

261 4206 288 4274 li
303 4205 377 4274 casu
399 4208 499 4271 locum
518 4225 582 4299 nori
603 4205 716 4270 habeat
731 4207 1035 4299 qiiaevisaequivoca·
1066 4211 1201 4291 gratuita
1212 4210 1304 4291 supra
1320 4232 1384 4275 rem
1406 4152 1528 4273 ousiam
1554 4210 1607 4275 lire
1624 4259 1633 4287 ,
1648 4208 1702 4289 leri
1724 4225 1838 4277 conlro·
1879 4209 1927 4246 ¹⁰·

265 4292 344 4365 tio,·
374 4291 457 4351 itaut
488 4286 564 4352 talia
585 4288 763 4350 iuramenta
788 4284 850 4347 sint
877 4304 1034 4378 Periuria:
1069 4292 1166 4370 veqsa
1197 4292 1259 4354 iam
1281 4302 1361 4354 moia
1378 4293 1445 4369 five
1469 4291 1639 4370 pendente.
1662 4287 1840 4357 Transassio

265 4366 501 4433 taetemmideo
521 4366 591 4431 talis
610 4365 761 4430 bonorum
776 4364 950 4458 occultam
969 4363 1033 4442 pos·
1070 4373 1179 4435 eximit
1199 4371 1236 4436 ab
1252 4371 1391 4435 ulteriori
1404 4369 1621 4435 restitutione.
1655 4369 1766 4435 Transi
1786 4393 1840 4437 eus

262 4447 313 4511 st!
331 4444 476 4511 musve
497 4466 515 4509 ἃ
534 4446 622 4521 ‘⁰¹9⁸
648 4494 660 4521 2
684 4447 755 4524 quia
771 4439 892 4522 quisque
918 4465 965 4509 ius
982 4445 1035 4511 ha·
1072 4471 1150 4517 vero
1169 4471 1231 4515 non
1248 4449 1339 4514 debet
1359 4450 1420 4513 elle
1445 4470 1548 4517 certus
1568 4471 1632 4513 rein
1648 4452 1736 4514 alteri
1774 4453 1840 4517 ebi-

264 4523 672 4605 ιΜ1)ῐ()1)ῐῑῑῑΰῑίῑῦ’ὲῐὶῑᾶ
692 4524 753 4588 &0
1071 4549 1135 4597 tam
1151 4548 1225 4610 ,aut
1255 4529 1457 4594 adiudicatam
1480 4531 1541 4596 esse
1566 4551 1618 4609 per
1644 4528 1751 4594 iudicis
1773 4533 1840 4595 leri·

285 4603 463 4669 Hebenus
483 4602 561 4668 disse
581 4604 618 4667 de
634 4601 770 4667 debitore
790 4600 1036 4680 respessucessio·
1060 4613 1251 4688 >tenerrima
1280 4630 1338 4684 qua
1363 4630 1424 4674 non
1452 4610 1540 4676 detur
1568 4608 1645 4674 iusta
1674 4610 1838 4688 appellatio

265 4688 315 4749 tiis
334 4685 487 4750 bonorum
515 4683 714 4764 intelligenda
742 4681 812 4747 sunt
836 4682 873 4747 de
898 4683 1035 4749 debitore
1071 4693 1090 4754 l.
1110 4697 1147 4756 lii
1161 4689 1279 4770 summa
1294 4690 1343 4765 65.
1359 4690 1397 4754 dc
1415 4692 1523 4756 condit.
1539 4685 1635 4754 indes.
1657 4690 1687 4752 Si
1709 4706 1843 4756 uniista·

262 4782 306 4828 ea
320 4764 496 4842 coutraslu,
512 4766 561 4841 qui
582 4784 647 4829 rem
669 4760 750 4828 suam
780 4761 964 4843 prudenter,
985 4764 1037 4830 ho·
1071 4792 1141 4835 men
1163 4769 1224 4832 sine
1247 4788 1341 4833 onere
1365 4771 1451 4835 asua
1472 4770 1675 4849 praesensione
1694 4769 1724 4833 se
1742 4788 1840 4835 remo·

266 4841 411 4921 pelleque
426 4863 531 4922 gereris
551 4864 590 4908 eii
607 4841 735 4909 adversa
754 4839 878 4906 sortuna
894 4842 957 4908 sine
985 4841 1036 4909 sua
1073 4867 1173 4927 veat,
1197 4868 1257 4912 non
1283 4853 1343 4913 erit
1369 4849 1573 4926 Transiero,
1599 4848 1649 4914 sed
1673 4846 1839 4915 amicabilis

266 4923 356 5001 culpa
372 4918 469 4989 fastus
482 4922 525 4988 est
546 4926 644 5003 impar
674 4923 710 4987 ad
738 4920 839 4985 debita
863 4927 968 4988 omnia
985 4920 1037 4989 sua
1071 4925 1250 5006 compositio
1265 4929 1353 4994 Moli.
1374 4931 1485 5016 Laym.
1508 4929 1541 4996 δι
1558 4930 1627 4993 alii.

267 4996 412 5068 solvenda
442 5022 504 5068 non
535 5024 613 5069 vero
642 5004 680 5066 de
707 5000 844 5065 debitore
866 5021 907 5065 ex
931 5002 1038 5068 desisto
1237 5080 1241 5086 ι

266 5079 387 5147 iuiorx
408 5082 567 5148 contraditi
582 5084 761 5160 etiam,qui
781 5080 865 5158 prodi
888 5080 1034 5163 ie,&lu·
1102 5138 1117 5154 ..
1210 5155 1216 5165 ,
1249 5143 1253 5150 .

346 5163 447 5244 Iustis·
470 5104 885 5230 rbe01.Morai.Tom.ils
1367 5172 1400 5235 Η
1441 5189 1458 5257 3
1621 5179 1651 5242 §-
1672 5164 1801 5238 xxxv.

1945 3424 1956 3468 9

1944 3471 1951 3502 t
