4425 6000
541 579 712 653 Taacr.
738 599 794 650 ua
823 575 1074 650 sinereris
1104 575 1328 651 Euoratiia
1356 574 1458 650 Car.
1487 571 1534 649 ii.
1706 599 1782 674 473

263 678 345 743 (itm
382 674 522 755 perceptio
558 677 742 743 decimarum
780 675 823 739 ad
852 674 1033 740 Panthiales
1070 679 1142 754 quia
1164 675 1237 741 alias
1252 675 1330 741 esset
1350 673 1686 762 peneaProprietariuui
1699 670 1838 743 fraudare

267 756 413 834 Ecciefiai
426 756 464 820 de
480 757 545 820 ime
560 758 706 822 communi
728 754 872 834 pertineat
889 804 897 830 ‚
912 755 1035 818 decime
1069 759 1283 821 Decimatoret
1304 758 1371 820 iure
1387 752 1459 832 suo,
1475 777 1545 821 cuin
1561 756 1598 823 ad
1616 757 1646 818 id
1661 754 1734 819 satis
1761 754 1839 822 esset

269 835 427 924 novalium
440 884 449 911 ‚
463 842 624 979 quorsum
643 837 675 901 in
687 835 837 900 Pnrochii'r
853 835 1035 911 eorumdem,
1069 835 1260 914 superficiem
1275 838 1460 899 immutare.
1486 834 1604 900 Verum
1619 833 1758 914 opposita
1773 833 1841 899 sen-

266 915 399 1004 «dipsas
412 917 511 993 notul
550 915 615 979 uiso
625 917 771 1006 pertinere
786 912 1038 1004 noscunturpnr'fi
1069 918 1172 980 tentia
1192 919 1224 977 in
1254 918 1340 990 praxi
1361 931 1432 979 tuta
1452 911 1516 992 est,
1536 914 1590 988 ἐι
1609 912 1701 980 subsit
1726 913 1840 979 dosur.

266 991 379 1070 iistis,
396 994 448 1071 qui
464 997 714 1076 aliaspercipiirnt
733 994 881 1073 decimo,
904 1008 1037 1074 ratinpa-
1068 995 1154 1072 Quia
1174 992 1264 1060 sicuti
1281 1007 1407 1070 vertent
1428 993 1557 1060 suodum
1575 991 1840 1072 indeciniabiseni,

206 1111 210 1118 ·
268 1071 337 1162 dilig
363 1072 456 1155 cauffo
482 1077 664 1164 psendatur,
677 1096 730 1156 per
757 1095 845 1165 qnam
874 1085 1037 1156 apeme,
1070 1095 1108 1139 eo
1133 1073 1197 1151 ipso
1220 1073 1310 1138 debet
1337 1073 1466 1140 decimas
1486 1094 1560 1152 quas
1585 1090 1677 1140 antea
1701 1092 1763 1136 non
1788 1074 1841 1137 de-

268 1152 397 1216 decmas
413 1155 571 1218 novalium
591 1156 633 1219 ad
645 1176 691 1220 eos
707 1093 1037 1250 pertinerehsdemque
1070 1153 1187 1232 bebat,
1220 1151 1262 1217 sic
1296 1172 1314 1217 a
1348 1154 1506 1222 ueneratio
1536 1153 1569 1218 in
1607 1149 1759 1231 proposito
1789 1171 1841 1218 ca·
1921 1201 1923 1206 .

268 1232 412 1296 decciriit
427 1235 603 1298 Alexander
626 1234 678 1297 tv.
700 1257 765 1311 cap.
783 1254 812 1297 a.
831 1233 953 1310 ibidem,
978 1255 1036 1297 un·
1071 1232 1103 1297 su
1126 1256 1136 1312 ;
1162 1251 1259 1312 neque
1293 1233 1376 1298 mim
1400 1253 1531 1312 'aequuui
1569 1231 1644 1312 est,
1683 1248 1721 1296 at
1757 1230 1841 1297 deci·

269 1310 308 1373 de
327 1311 411 1377 clare
425 1313 603 1393 colligitur,
623 1316 750 1380 novalia
765 1315 917 1402 dimissae
944 1315 1037 1377 Paro·
1071 1330 1174 1380 mator
1198 1315 1230 1375 iii
1255 1308 1400 1393 oppofitit
1433 1311 1624 1394 hypotesibus
1648 1311 1840 1380 commodum

266 1389 605 1476 chiunuicoiigruam
627 1399 799 1471 portionem
818 1409 1035 1470 optaverunt,
1071 1391 1187 1469 semper
1224 1389 1365 1468 sentiat,
1405 1390 1440 1457 ἀ
1475 1411 1634 1470 nunquam
1660 1410 1762 1456 onus.
1791 1390 1841 1464 Ita

270 1468 309 1533 ab
329 1471 434 1533 iisdem
455 1475 516 1536 iarn
537 1477 634 1566 repeti
651 1494 711 1538 non
734 1472 834 1569 posse,
855 1473 903 1538 sed
922 1491 1036 1569 eatan·
1070 1471 1334 1549 siproprietarius
1366 1543 1375 1562 ,
1405 1483 1425 1538 h
1455 1470 1545 1538 debet
1569 1472 1703 1537 decimas
1719 1469 1842 1565 quando

264 1552 1038 1710 stertuit‚³iiiiii„ss-‘zui'ti‘iiii'i
1070 1549 1842 1724 {titubassettertiarius

267 1725 381 1769 contra
415 1709 643 1787 decimatores,
672 1715 721 1787 qui
764 1712 956 1792 privilegium
1023 1741 1039 1755 ·
1072 1713 1101 1775 di
1118 1713 1280 1775 immutat·
1305 1709 1446 1774 Tandem
1461 1709 1532 1775 cun'i
1552 1708 1843 1792 decimaefintquar·

263 1783 344 1848 benc
365 1781 482 1850 fruendi
498 1791 657 1854 novalibus
672 1789 921 1872 quibuscumque,
938 1793 1038 1857 utha·
1073 1809 1107 1856 ta
1130 1810 1198 1868 pars
1231 1788 1409 1866 siusiuum,
1438 1789 1588 1855 debentur
1625 1790 1746 1854 ratione
1771 1787 1843 1854 sru-

268 1863 344 1952 bent
364 1867 499 1940 qiiaedim
515 1869 722 1948 Munasterim
739 1869 846 1948 quibua
866 1875 1039 1950 incorpora·
1073 1870 1196 1946 duum,
1212 1892 1274 1936 nori
1295 1873 1417 1936 ratione
1445 1868 1576 1934 Fundi:
1606 1871 1724 1944 excipie
1769 1871 1843 1933 ‘ta-

265 1945 444 2009 taesiierunt
452 1946 593 2014 Ecclesiae
601 1951 870 2016 ParochiaIescum
881 1948 939 2017 suis
959 1951 1039 2020 deci·
1072 1971 1144 2016 tuen
1166 1949 1263 2015 essent
1285 1948 1323 2014 ab
1339 1948 1394 2013 bac
1409 1950 1515 2028 regula
1534 1947 1620 2013 casus
1639 1948 1721 2026 doli,
1787 1967 1843 2014 ex·

268 2026 413 2118 mistum
443 2028 499 2090 tasi
526 2027 611 2093 simus
637 2032 824 2112 privilegio,
854 2031 932 2112 quod
956 2029 1038 2096 inter
1072 2029 1185 2113 cessus,
1206 2051 1246 2093 ne
1266 2026 1381 2095 scilicet
1397 2046 1448 2095 tot
1469 2033 1573 2104 iugera
1590 2043 1789 2093 verterentur
1809 2031 1843 2092 io

268 2103 524 2196 asiotobtitiuere
537 2107 768 2175 Cluniacenses.
1072 2111 1228 2175 culturam
1244 2130 1261 2173 a
1281 2111 1405 2174 decimis
1420 2110 1607 2185 immunem,
1628 2125 1664 2172 ut
1691 2108 1761 2172 inde
1775 2127 1843 2190 ¹tio·

311 2183 464 2251 Primitivi
475 2187 846 2259 Parochiiurnonhabent
858 2192 895 2259 ad
910 2191 1039 2256 novales
1075 2187 1168 2254 tabise
1189 2187 1333 2252 damnum
1349 2190 1523 2264 perciperet
1539 2186 1727 2251 decimator.
1813 2243 1821 2263 ,

265 2258 402 2351 decimas
423 2264 453 2326 in
462 2267 612 2332 concursu
619 2268 734 2334 Viturii
752 2276 913 2353 perpetui,
936 2271 987 2333 seu
1002 2269 1038 2333 ad
1112 2267 1271 2331 Debentur
1286 2287 1325 2330 ex
1340 2265 1482 2343 opposito
1496 2266 1643 2343 decime,
1661 2282 1697 2330 ut
1715 2268 1776 2330 iam
1787 2282 1844 2330 ito·

267 2341 600 2410 exclusionemvi'cairi
665 2352 891 2428 petai,ut'viiit
909 2350 1039 2412 Herico·
1073 2362 1176 2412 tatum
1199 2346 1262 2424 ess,
1281 2345 1447 2412 exfusido
1480 2348 1533 2422 qui
1552 2345 1699 2409 oiimves
1724 2344 1843 2408 nussum

271 2423 694 2516 urtcitatutaTourneeim
716 2429 1039 2510 &quiasiataliquem
1072 2422 1187 2491 serebat
1203 2422 1356 2504 studium,
1375 2427 1425 2490 ves
1451 2393 1564 2488 siurim
1580 2422 1700 2490 serebat
1721 2445 1738 2488 a
1762 2423 1845 2487 deci·

270 2499 399 2590 gaudere
419 2503 514 2568 tituio
532 2507 659 2572 Paroebi
677 2511 842 2588 primisivi,
865 2529 921 2573 nec
934 2526 1038 2572 tamen
1072 2507 1129 2571 mit
1150 2505 1277 2580 liberos,
1290 2505 1324 2571 lt
1341 2525 1422 2570 nunc
1441 2501 1660 2570 conversusesi
1677 2504 1713 2566 ad
1729 2502 1844 2582 produ-

269 2577 395 2643 decirnit
416 2583 485 2645 uisis
507 2581 585 2664 frui,
604 2587 684 2650 unde
703 2608 742 2652 ex
757 2587 820 2656 sola
839 2587 965 2656 parochi
979 2588 1039 2666 pri·
1073 2585 1186 2650 tendor
1203 2584 1315 2650 sindus
1330 2583 1454 2650 decimis
1469 2585 1620 2650 obnoxior
1642 2627 1650 2645 .
1676 2583 1743 2648 N&
1763 2599 1846 2662 opita

265 2660 372 2750 mitivi
393 2663 571 2728 conditione
591 2667 708 2731 nussum
722 2674 844 2752 exurgit
863 2672 908 2732 iiis
930 2667 967 2731 ad
989 2667 1038 2730 de·
1072 2667 1115 2727 esi
1133 2664 1251 2741 probari
1272 2663 1335 2729 ussa
1357 2667 1499 2740 ratione,
1520 2663 1679 2742 quodiam
1693 2659 1844 2740 perseest

266 2757 383 2815 cimas,
405 2743 450 2803 ita
465 2741 501 2805 ἀ
526 2744 563 2805 ad
593 2748 750 2812 novalium
780 2752 1039 2831 perceptionem,
1071 2742 1263 2810 manifestum
1283 2789 1292 2807 .
1316 2744 1389 2808 Sola
1422 2743 1587 2812 difficultas
1612 2741 1685 2818 est,
1712 2763 1750 2805 an
1776 2743 1844 2806 iure

269 2814 307 2881 i&
323 2817 968 2898 quiaEpis'copi,qiiiMonacbiseoncetsere
984 2827 1038 2890 Pa·
1070 2826 1227 2888 communi
1246 2823 1374 2888 decimae
1396 2822 1503 2886 horum
1521 2820 1676 2888 seusiuum
1692 2821 1729 2885 ad
1750 2822 1842 2886 Paro-
1881 2872 1883 2876 .
1951 2869 1959 2880 .

268 2895 445 2961 enchirium
466 2900 599 2964 redditur
613 2949 622 2980 ,
636 2908 942 2985 iionrsiosquauiqui
963 2925 1038 2970 tunc
1070 2904 1162 2967 esium
1175 2899 1335 2967 vicariurn
1352 2905 1550 2981 pertineant,
1570 2901 1605 2968 ἀ
1622 2899 1840 2966 affirmandum

270 2981 417 3051 temporis
436 2980 679 3056 percipiebantur
698 3008 865 3060 proventus
883 2982 1038 3052 concessis·
1072 2983 1272 3053 videturcum
1281 2983 1446 3048 concurrat
1457 2981 1565 3048 eadem
1573 2979 1841 3059 rationorasiuni,

267 3053 302 3119 se
316 3053 455 3121 censendi
477 3057 548 3126 sunt
557 3084 570 3139 ,·
590 3085 661 3126 cum
676 3065 803 3133 donatio
826 3068 976 3133 bonorum
1002 3085 1037 3129 o·
1070 3059 1843 3138 quorumsruiiutParoebodebentureumodbquo

268 3138 391 3199 tunium
419 3137 581 3212 piaesentia
605 3142 706 3209 susum
720 3146 959 3226 complebatur,
975 3164 1037 3208 tion
1071 3139 1350 3218 supradiiiumess,
1372 3138 1490 3206 idesiex
1506 3144 1620 3218 quoeti
1678 3159 1844 3217 congruam

271 3212 396 3279 sutura.
419 3220 510 3283 Aliud
533 3239 636 3287 tamen
657 3224 815 3291 dicendum
835 3226 933 3307 esset,
953 3224 1038 3290 fil’a·
1071 3225 1244 3299 portionem
1258 3221 1374 3303 elegit,
1388 3161 1718 3295 dummodos’arssiu
1739 3221 1843 3297 primi·

274 3294 383 3358 rochus
412 3302 587 3374 primitivus
612 3305 805 3385 privilegium
838 3304 960 3371 haberet
1000 3305 1037 3370 ad
1072 3303 1157 3367 tivut
1177 3322 1242 3366 non
1262 3297 1843 3382 habeatprivisegium,qiiu1³aiocho-

268 3391 380 3463 omnes
408 3381 525 3452 prorsus
550 3385 647 3445 etiam
675 3379 847 3450 sutiiraium
876 3386 1037 3451 novaii’um
1070 3383 1216 3447 rumiuri
1235 3381 1416 3462 derogatur.

268 3452 420 3547 decimae,
439 3475 473 3520 ut
490 3458 602 3523 babent
629 3463 858 3530 Cluniaceiiset.
880 3466 964 3530 Huic
983 3484 1038 3529 au·
1109 3460 1201 3538 Quod
1218 3461 1302 3525 slves
1318 3461 1505 3540 exsuscbit,
1524 3461 1577 3528 ves
1602 3461 1773 3538 extitusit,
1786 3472 1844 3525 aut

268 3546 337 3594 ¹0⁰³
366 3537 528 3628 vfwjiegio
552 3542 722 3614 aequivalet
747 3544 798 3607 ves
827 3546 958 3621 titulus,
986 3544 1036 3609 ves
1070 3536 1843 3616 seniorumtesiimoniooonssetTerramaliquam,

268 3612 457 3701 ⁰3031¹0f¹³¹¹⁸
474 3614 632 3698 pusseffio,
646 3618 681 3683 dt
697 3639 755 3696 qua
774 3620 854 3686 idern
874 3622 1037 3686 tituiutie·
1068 3638 1138 3694 quae
1159 3638 1239 3683 nunc
1259 3622 1385 3683 noviter
1403 3620 1537 3697 cositur,
1565 3622 1662 3684 etiam
1682 3620 1756 3684 oiim
1774 3618 1845 3682 cus·

268 3703 378 3781 amsi*
398 3692 645 3767 insumeretur·
1070 3714 1136 3762 tarn
1155 3694 1244 3761 fuisse
1255 3746 1265 3776 ,
1278 3696 1391 3762 studut
1408 3717 1447 3761 ex
1468 3718 1506 3763 ea
1524 3698 1711 3774 prodeuntes
1731 3696 1841 3763 adde·

275 3848 282 3862 ι
310 3768 341 3830 Si
361 3768 487 3836 Fundus
506 3776 549 3836 rei
569 3774 754 3842 decimabisis
767 3774 858 3846 serari
874 3780 978 3845 versut
999 3778 1037 3845 sit
1068 3779 1278 3855 rimatorem,
1300 3798 1361 3841 non
1391 3778 1428 3840 ad
1456 3777 1632 3856 vicarium,
1651 3776 1708 3844 etsi
1735 3796 1789 3855 pet

270 3843 1036 3941 insimdumnondecimabisem,v.·g.ssgersru·
1069 3872 1159 3922 tuum
1193 3859 1345 3933 pertinere
1358 3855 1488 3934 debent,
1508 3859 1635 3934 qiriaeit
1671 3856 1756 3933 uoti

270 3929 441 4015 mentarius
465 3934 497 3993 in
520 3932 675 4015 Sysvarn,
695 3939 773 4001 idem
795 3939 937 4005 dominus
958 3990 966 4018 ,
984 3943 1036 4018 qui
1070 3951 1141 4016 tur,
1161 3904 1294 4001 serram
1313 3936 1401 4002 issam
1418 3936 1494 4001 oiim
1507 3936 1623 4002 castam
1648 3880 1757 4014 suisse,
1778 3936 1843 4001 non

248 4003 496 4101 „sunium-suurn
505 4030 567 4076 non
576 4014 669 4092 coiit,
682 4038 743 4081 non
759 4037 881 4084 tenetur
903 4021 939 4086 ad
960 4021 1037 4086 deci·
1068 4015 1159 4081 babet
1176 4036 1283 4083 verain
1303 4020 1454 4083 rationein
1471 4016 1650 4082 novesium.
1673 4014 1755 4082 stein
1770 4032 1845 4093 qiua

270 4090 507 4166 matinspecie:
523 4110 672 4160 notanter
692 4097 757 4160 dixi
778 4098 810 4161 i'ii
827 4099 945 4179 specie,
965 4104 1036 4175 ‹piiia
1069 4116 1139 4159 cum
1150 4096 1227 4159 oiim
1249 4094 1349 4161 'seira
1371 4096 1424 4158 issa
1437 4094 1521 4161 custa
1539 4093 1653 4176 fiterit,
1669 4096 1843 4162 decimator

270 4164 415 4259 simutua
439 4177 521 4235 inter
541 4178 775 4250 proprietarium
796 4176 880 4241 fundi
904 4229 914 4259 ,
936 4179 969 4246 bc
987 4180 1037 4242 dc·
1070 4178 1101 4238 in
1117 4195 1154 4240 ea
1169 4175 1258 4239 habet
1274 4179 1320 4241 iut
1340 4175 1445 4251 suum,
1464 4175 1542 4252 quod
1554 4178 1678 4252 quidem
1693 4172 1776 4241 iusd

270 4266 450 4311 cunatorem
458 4247 545 4343 fundi
564 4252 642 4319 fasta
663 4254 700 4319 sit
717 4265 887 4323 conventio
915 4257 953 4321 de
978 4260 1035 4322 tasi
1065 4252 1118 4318 du
1132 4255 1263 4319 culturae
1280 4258 1383 4332 potuit
1403 4250 1561 4333 suspendi,
1584 4277 1647 4319 non
1670 4272 1773 4321 tamen
1789 4271 1846 4332 pe·

271 4322 388 4419 sumina
419 4330 539 4407 siugulis
567 4337 655 4399 annis
677 4334 853 4415 solvenda,
878 4356 1038 4403 teneretur
1068 4337 1154 4397 nitus
1172 4337 1327 4412 extingui.
1348 4332 1444 4412 Quod
1464 4333 1656 4411 siprobabise
1672 4332 1755 4399 foret
1776 4350 1844 4398 ter·
1902 4362 1910 4375 r

272 4410 488 4497 proprietarius
509 4408 574 4474 sive
593 4433 704 4492 agrum·
715 4416 850 4495 coleret,
875 4420 941 4483 rive
956 4438 1036 4495 nou,
1067 4433 1134 4477 ram
1176 4434 1224 4479 uae
1239 4415 1363 4479 exausta
1384 4412 1428 4479 esi
1447 4432 1530 4479 nunc
1546 4418 1716 4495 temporit,
1733 4432 1842 4478 nova·

271 4480 327 4545 ursi
350 4505 421 4563 ager
437 4508 597 4581 'aquarum
625 4493 784 4559 alluvione
804 4495 967 4575 periissem
990 4500 1035 4562 ita
1070 4494 1131 4557 seru
1151 4435 1256 4571 sassie,
1278 4512 1333 4558 aut
1353 4490 1468 4559 versam
1486 4492 1546 4559 esse
1563 4513 1693 4573 aratro,
1722 4512 1785 4558 non
1803 4489 1842 4557 ad

274 4559 480 4661 Tourneseius
506 4589 576 4632 curo
593 4571 785 4637 Canonisiis.
1067 4572 1220 4638 culturam
1238 4570 1306 4650 ‚sed
1327 4575 1365 4637 ad
1382 4569 1579 4639 venustatem
1601 4574 1662 4639 soei
1680 4624 1690 4657 ‚
1706 4576 1772 4639 eiua
1793 4573 1845 4635 de·

310 4638 521 4724 Unusquisque
532 4648 629 4726 potest
654 4657 716 4731 agri
741 4652 784 4718 sui
803 4656 960 4722 ruituram
976 4659 1036 4720 iiu-
1067 4656 1154 4717 cimae
1171 4652 1326 4731 Parucbo‚
1343 4674 1404 4719 nan
1427 4652 1707 4720 asiterdecimatori
1725 4650 1845 4717 adiudi-

271 4739 394 4819 ffliiffle,
405 4772 414 4803 i
426 4731 500 4802 <susi
517 4733 562 4794 rei
579 4730 767 4809 s'uaeauisque
782 4732 826 4798 esi
840 4736 1035 4814 moderator,
1067 4732 1272 4797 candaesunt.
1293 4731 1422 4798 interim
1434 4726 1845 4815 binccoisigentParocbisi·

272 4799 307 4865 dt
328 4803 442 4869 arbiter
464 4832 476 4870 r
498 4805 519 4870 si
547 4829 652 4876 autem
682 4812 739 4876 siat
767 4812 917 4880 sruiiuum
937 4816 1034 4881 Fundi
1067 4811 1097 4877 bi
1110 4811 1329 4889 invigilandum
1340 4812 1489 4878 essecirca
1499 4831 1692 4895 terrat‚quae
1705 4814 1847 4888 aliquan·

271 4882 444 4976 conveffio,
459 4888 546 4952 iuxta
563 4891 677 4961 mustos
687 4891 836 4958 debentur
855 4896 980 4960 decimae
996 4914 1035 4959 ex
1068 4894 1109 4957 do
1126 4890 1289 4956 versantur
1310 4910 1414 4957 aratro
1430 4890 1538 4971 absque
1546 4913 1588 4960 eo
1599 4894 1680 4973 quod
1689 4894 1735 4956 bia
1756 4906 1845 4955 man·

321 4957 414 5057 &bita
433 4969 541 5046 novit,
556 4974 608 5047 qui
630 4974 661 5034 in
683 4973 753 5036 ioco
773 4992 835 5037 non
858 4972 927 5039 sunt
955 4973 1035 5038 deci·
1068 4971 1180 5034 dentur
1209 4969 1345 5049 semina;
1375 4992 1445 5037 nani
1473 4971 1689 5055 occursorem
1734 4973 1775 5034 ris
1801 4984 1845 5039 ex

272 5058 331 5103 Μ
350 5039 491 5133 subiesii,
513 5053 753 5128 nquiadecimae
768 5048 1036 5122 suntunusreiseu
1068 5048 1137 5125 ipsit
1154 5048 1261 5115 suirbia
1288 5053 1320 5114 iii
1346 5052 1389 5116 sui
1413 5052 1590 5127 praeiudicio¹
1606 5070 1680 5131 prae
1695 5068 1842 5118 unientur

272 5114 380 5205 Μ’»
398 5142 489 5207 ΜΟ
517 5146 597 5201 aaut
625 5129 736 5201 transit
757 5152 829 5200 euru
850 5132 913 5215 ἰώ
934 5152 986 5215 re;
1004 5150 1035 5203 a.
1049 5129 1196 5245 ''novasia
1211 5148 1275 5199 nou
1289 5128 1368 5216 esse,
1384 5152 1452 5213 quae
1471 5130 1677 5212 reipsaerant
1696 5129 1842 5285 noiba‘iia.
