4425 6000
504 528 1469 617 TheomnecoitruatmciimXVL·
1671 553 1741 634 273

223 644 348 718 ditasse
367 644 402 726 in
420 642 573 722 republica
592 640 668 706 bene
686 634 844 702 ordinata.
866 651 895 716 3.
923 637 995 699 Pro·
1029 630 1070 693 ad
1081 648 1107 707 5.
1130 628 1189 725 duo
1209 632 1350 724 praecipui
1362 629 1432 696 sunt
1451 630 1554 712 casus,
1573 635 1605 698 in
1620 632 1799 712 qiiibusces·

226 727 327 794 missio
347 727 459 802 quovis
480 724 568 787 modo
589 717 665 784 salla
692 713 837 780 Beneficii
858 715 994 779 nondum
1030 708 1074 774 sat
1090 707 1241 787 obligatio
1260 709 1484 800 promissionis,
1504 721 1540 778 ut
1561 713 1601 777 ibi
1621 716 1650 780 S.
1662 715 1799 781 Dodlor:

224 805 369 874 mantis
382 849 392 881 ,
406 819 515 882 utpote
533 803 583 878 qui
603 799 713 862 illicita
732 792 785 873 sit,
806 795 840 860 ἀ
860 795 994 858 nussaex
1029 812 1086 885 isus
1101 790 1183 856 eodo
1190 790 1218 878 st
1234 793 1363 881 promisti
1378 791 1414 853 id
1425 792 1502 869 quod
1514 792 1671 884 maseseste
1684 798 1722 875 est
1738 794 1799 861 issi·

223 886 343 954 cmus
359 885 508 950 Lateran.
520 896 548 961 ς.
568 895 629 957 rap.
639 878 667 940 8.
690 872 995 940 tametsinulsumbe·
1028 883 1121 934 crtum
1137 919 1147 949 ,
1166 889 1235 947 quia
1254 872 1452 949 promittendo
1464 885 1602 962 perrois
1624 922 1635 954 ,
1655 875 1800 941 monade

223 965 410 1034 uesiciomin
420 960 595 1040 particulari
605 959 808 1036 promittatur
816 972 876 1033 cap.
886 955 994 1019 decora
1028 962 1129 1015 susem
1141 950 1314 1041 propositam
1328 948 1396 1016 bene
1409 949 1674 1032 stainahamma
1686 957 1714 1034 fi
1733 961 1801 1044 ''ss‘'

222 1041 473 1128 cess.praeb.s'ii6.
490 1058 528 1108 ne
542 1038 632 1104 detur
647 1033 893 1111 occasiooptandi
914 1054 993 1098 rnor-
1029 1042 1101 1094 sasae
1117 1032 1179 1110 fiat
1200 1031 1375 1097 conditiones
1386 1029 1594 1112 perstruamus,
1620 1056 1655 1100 ac
1676 1047 1800 1115 regorio·

224 1145 292 1193 tem
311 1118 498 1201 possefforit;
514 1117 627 1183 idcirco
646 1112 994 1192 eoipsoquodvetitirm
1029 1130 1113 1172 rum.
1137 1109 1226 1172 Unde
1242 1131 1280 1173 eii
1298 1110 1368 1190 his,
1395 1131 1515 1176 necnon
1537 1133 1575 1178 ex
1606 1133 1700 1181 antea
1716 1114 1815 1180 diliis]

223 1203 269 1274 est
287 1203 364 1268 illud
379 1203 582 1282 promittere,
596 1194 733 1275 sequitur
747 1193 993 1259 illicitumetiam
1029 1188 1136 1253 inferri
1158 1189 1255 1266 potest
1275 1192 1354 1280 quod
1373 1190 1496 1267 quando
1513 1197 1802 1272 respromissaeva.

224 1284 304 1350 issud
322 1299 450 1361 optare.
475 1278 615 1344 Tandem
630 1272 836 1355 promissrones
852 1269 938 1339 faslae
953 1273 994 1337 ob
1027 1269 1073 1333 dit
1091 1269 1227 1345 inutilis,
1252 1286 1307 1334 aut
1323 1275 1417 1337 noxia
1437 1271 1625 1348 prmiiffario
1646 1326 1654 1354 ,
1673 1293 1729 1342 aut
1743 1279 1800 1339 im·

223 1360 511 1445 turpemcausssm,
530 1375 566 1423 ut
581 1379 622 1422 eir
642 1357 714 1433 Leg.
734 1373 772 1416 ra
797 1352 993 1418 .deoerb.od·
1029 1345 1170 1426 possibilis
1186 1352 1380 1427 promittenti
1400 1400 1409 1428 ,
1438 1372 1507 1416 cum
1524 1369 1597 1418 tunc
1616 1356 1712 1421 cesset
1732 1375 1801 1422 mad

221 1434 758 1529 lig.ubisicrsiflagisiioelfesssoes
779 1432 994 1514 arsendicasiffe
1029 1431 1106 1522 teria
1126 1427 1312 1525 promissioni
1328 1448 1428 1509 apta,
1456 1431 1518 1508 ipsa
1534 1454 1654 1511 quoque
1672 1438 1800 1516 promis-

222 1536 357 1603 concepta
368 1524 408 1604 stt
423 1519 599 1602 sipulum,
625 1513 662 1580 ab
696 1527 781 1579 initio
808 1536 866 1578 non
881 1514 993 1590 valet,
1028 1506 1119 1572 sionis
1150 1509 1211 1573 obli
1253 1527 1299 1575 tio
1320 1509 1434 1576 cessat.
1469 1529 1496 1571 2.
1518 1511 1652 1588 Qiando
1673 1516 1799 1582 deficiat

225 1627 265 1674 tx
280 1609 352 1683 Lag.
373 1604 424 1666 26.
444 1601 513 1668 ibid
534 1595 718 1666 Generaliter
737 1592 880 1659 nouimus
896 1606 994 1672 serpes
1028 1586 1131 1652 caussa
1150 1586 1214 1653 sina
1228 1594 1270 1667 is,
1284 1587 1337 1655 seu
1353 1593 1539 1670 precipuum
1559 1597 1712 1659 motivum
1730 1645 1740 1675 ,
1760 1594 1800 1661 ob

220 1683 424 1770 pippinum
448 1680 564 1764 gallim
593 1675 819 1821 efflemomenri.
846 1673 933 1737 Hinc
959 1676 993 1736 in
1027 1666 1107 1745 quod
1127 1664 1208 1734 sada
1227 1665 1288 1734 suit
1305 1670 1458 1745 promissio
1480 1720 1488 1747 ,
1509 1691 1617 1749 nempe
1637 1677 1707 1753 quia
1729 1678 1800 1740 talis

223 1761 433 1832 controversia
448 1780 553 1827 utrum
564 1776 599 1824 ta
610 1753 854 1832 espromissiones
864 1769 993 1818 teneant
1027 1745 1131 1812 caussa
1146 1767 1208 1812 non
1224 1764 1295 1815 erat
1309 1750 1431 1827 quando
1450 1748 1526 1815 falla
1547 1750 1605 1821 suit
1624 1754 1799 1835 promissio,

224 1843 336 1910 saltem
354 1840 420 1922 poll
437 1838 566 1917 fassum,
583 1835 657 1902 idest
673 1831 899 1926 poslslagitium
913 1853 993 1898 com·
1028 1826 1080 1922 vel
1101 1825 1201 1903 possea
1221 1827 1326 1907 desiit,
1346 1848 1422 1924 puta
1439 1827 1460 1894 si
1475 1832 1542 1908 quis
1551 1836 1721 1910 promiserit
1740 1836 1798 1902 asi·

223 1924 347 1990 missum
387 1939 460 1998 puta
478 1917 692 1991 homicidium,
712 1914 912 1991 adulterium,
929 1911 994 1977 slu-
1026 1927 1075 1971 coi
1093 1925 1227 2001 propter
1245 1906 1431 1975 beneficium
1447 1960 1454 1989 ,
1473 1910 1554 1987 quod
1574 1932 1743 1990 putaverat
1761 1915 1801 1981 ab

221 1971 902 2158 eurisis”lizhhshh‘zslhos‘
922 2013 995 2151 hs
1027 1988 1800 2148 {issi⁹ssiiis²¹hsei⁶‘²rsi⁰hssssi⁹hils

1432 2118 1442 2147 2

222 2163 380 2242 flagitium
395 2102 583 2225 caticuminum
600 2124 994 2228 tenerehuiuscemodipro·
1028 2148 1144 2240 pinguis
1160 2144 1320 2212 hareditas
1339 2198 1348 2225 ,
1381 2153 1450 2226 quia
1468 2152 1498 2211 in
1519 2153 1706 2229 primocasu
1727 2176 1800 2219 non·

225 2239 485 2319 misrrumum
506 2236 699 2313 sineqoeunt
721 2233 757 2298 ab
775 2235 867 2297 initio
878 2230 994 2307 valere,
1027 2223 1082 2288 nisi
1102 2245 1142 2289 ex
1163 2221 1235 2320 salsa
1261 2224 1461 2305 suppositione
1490 2230 1696 2311 promiserat,
1721 2234 1802 2300 uude

224 2343 285 2388 nec
307 2323 342 2384 iii
372 2317 524 2398 progressu
547 2335 682 2394 unquam
711 2312 816 2377 valere
848 2327 993 2390 poterunt
1026 2303 1070 2368 est
1093 2323 1181 2399 error
1199 2326 1233 2368 iii
1249 2308 1349 2371 caussa
1366 2308 1485 2390 finali,
1514 2309 1566 2376 seu
1586 2317 1707 2379 motivo
1736 2314 1802 2380 sub·

226 2404 319 2467 iuxta
339 2420 395 2480 reg.
414 2397 462 2462 18.
483 2396 558 2461 iuris
575 2394 607 2460 i'rr
626 2397 658 2457 6.
681 2390 732 2458 ubi
753 2391 813 2482 fic:
843 2394 919 2480 Nou¹
935 2394 994 2481 fir·
1028 2382 1182 2479 stantiast,
1202 2382 1236 2451 dt
1255 2389 1288 2450 iii
1309 2382 1441 2455 secundo
1460 2393 1532 2467 quia
1553 2412 1617 2458 non
1636 2393 1800 2460 habuitin·

225 2491 328 2548 mur
347 2483 443 2543 tressis
460 2475 598 2572 temporis
612 2476 689 2554 quod
708 2473 747 2537 de
770 2491 836 2537 rure
853 2468 889 2534 ab
908 2484 994 2535 instro
1029 2482 1198 2607 teptionesm
1230 2463 1261 2530 se
1288 2468 1442 2546 obligandi
1474 2470 1510 2566 ad
1540 2472 1669 2539 dandam
1697 2474 1800 2540 dotem

226 2551 994 2718 issshhhuuihluhiisui
1029 2543 1509 2718 isitisgsuiusiuuh
1527 2569 1800 2712 suerrum

227 2739 291 2786 „012
311 2718 414 2814 eliciat
432 2737 548 2814 novam
569 2711 820 2859 prgtmiffilms'
849 2712 900 2776 vel
922 2730 994 2805 con·
1027 2705 1391 2847 trisittenbtlibusnasteruter
1411 2707 1553 2802 deficiat,
1575 2713 1625 2806 vel
1644 2716 1800 2808 promissa·

227 2795 400 2956 {ausi
416 2817 576 2954 uhu
602 2811 994 2964 triumuirum
1028 2805 1091 2959 iii
1104 2802 1521 2962 uusisausiuziu
1537 2794 1799 2954 {sisausa}
1881 2858 1886 2869 ·

228 2956 392 3034 invalida,
418 2956 535 3021 necesse
558 2950 601 3018 est
630 2969 666 3017 ut
685 2969 782 3017 esiam
809 2948 871 3030 post
893 2969 994 3028 operis
1029 2962 1150 3023 tionem,
1175 2964 1417 3025 promittentis,
1444 2950 1494 3014 ves
1524 2948 1600 3015 stare
1618 2951 1708 3018 nollit
1731 2973 1801 3029 pro-

227 3040 325 3118 turpis
338 3036 559 3104 exhibitionem
570 3031 675 3101 nullus
690 3028 992 3099 maneatconsensue.
1030 3023 1123 3116 missis
1135 3023 1261 3091 vicisfim
1282 3024 1383 3107 fassis,
1404 3029 1474 3107 quis
1489 3027 1578 3096 fidem
1594 3028 1746 3112 frangenti
1763 3034 1802 3096 fr·

1028 3107 1080 3172 des
1096 3105 1245 3172 servanda
1266 3109 1389 3175 nonest
1407 3130 1417 3188 3
1446 3107 1569 3190 &quia
1590 3113 1711 3189 quando
1731 3115 1800 3179 iura

539 3205 565 3264 ς,
608 3190 685 3259 111.
1029 3186 1100 3252 sunt
1122 3189 1231 3264 paria,
1253 3187 1447 3281 socumtunc
1466 3187 1559 3256 babet
1575 3191 1802 3285 compensatio,

265 3321 310 3384 De
329 3314 475 3398 reffatione
499 3313 554 3378 obli
570 3313 674 3403 ationis
697 3311 737 3403 ‘in
755 3309 955 3401 ⁸prouiiffione,
1027 3290 1066 3411 {x
1085 3284 1146 3347 αρ’
1171 3283 1198 3346 3'
1218 3269 1266 3359 ὡ·
1278 3290 1401 3411 'urbm
1425 3265 1459 3334 ἀ
1479 3291 1519 3335 ex
1536 3292 1597 3350 ‘eg'
1609 3292 1750 3414 ”pm
1769 3292 1803 3401 ”f

387 3419 421 3464 ar
441 3396 478 3462 de
497 3335 628 3477 ΙιιιιῘξίιηι
647 3404 834 3457 irritatione.
1028 3348 1801 3513 „25⁰¹ch{afiatsgffstmlssfgasffffscz

263 3509 543 3605 Qrampsurimi'cx
564 3506 995 3604 DoslotibusquoscitatLes·
1022 3506 1088 3588 sas.
1115 3477 1143 3586 ᾗ
1165 3496 1300 3585 Qianlo
1325 3508 1420 3575 slatus
1452 3531 1583 3592 return,
1608 3513 1642 3579 ἀ
1662 3512 1803 3592 persona·

225 3593 313 3673 sitas,
337 3587 554 3656 universaiiter
575 3587 748 3652 existimant
771 3606 844 3652 tunc
860 3584 995 3650 desinere
1029 3611 1097 3652 rum
1118 3587 1216 3650 talem
1238 3593 1444 3654 mutationem
1460 3587 1567 3655 subeat
1587 3641 1597 3670 ,
1618 3612 1654 3657 ut
1672 3593 1802 3671 prudeu-

227 3670 430 3816 promgi‘ssionis
448 3668 666 3809 obligationem
683 3688 710 3728 1.
728 3663 996 3807 ιιιιιιάοξοέῐοιιέ
1031 3686 1086 3806 tcf·
1099 3665 1225 3730 iudicati
1244 3665 1339 3809 βοίΐιὺι1
1345 3751 1350 3762 ι
1356 3671 1591 3745 promittentem
1603 3671 1749 3765 polluisse
1746 3675 1802 3812 ss,iti

225 3774 331 3895 slis
348 3761 869 3902 eisssmmihlsszshlihis,
888 3764 995 3914 slei.
1029 3764 1091 3888 iil
1107 3761 1233 3918 ἰῖιῖῗὲξι
1258 3766 1801 3906 isirisieahshs⁰hhslhs
1833 3781 1840 3795 '

223 3909 269 3976 set
293 3910 503 3985 promittere,
533 3906 611 3980 quod
641 3922 826 3969 tamennon
856 3901 942 3965 valet
965 3920 996 3964 in
1029 3903 1079 3967 ves
1096 3901 1272 3980 explicitam
1293 3911 1532 3995 promittentis,·
1554 3912 1698 4001 tumquia
1709 3908 1797 3974 sicuti

226 3983 473 4068 promissionibus
495 3982 587 4048 saslis-
603 3985 674 4078 Deo¹
689 4031 704 4078 ,ι
723 3982 908 4077 ιιιιηιηιιιίιί
939 4001 997 4046 vo·
1028 4005 1067 4046 cx
1088 4003 1149 4062 reg.
1173 3981 1221 4060 85.
1243 3986 1319 4077 iteris
1338 3987 1371 4050 in
1392 3993 1420 4051 6.
1452 3994 1489 4052 In
1513 3991 1641 4078 generali
1662 3989 1801 4071 conceffio·

224 4083 323 4135 veant
344 4064 515 4131 cessitatem
534 4063 577 4158 ⁶&
605 4064 772 4144 Religionis
788 4060 964 4156 ‘ingressum
987 4110 996 4139 ,
1020 4066 1102 4153 stone
1116 4086 1172 4154 non
1191 4079 1323 4130 ventem
1342 4088 1377 4132 ea
1404 4091 1470 4149 quae
1485 4089 1551 4147 quis
1577 4093 1632 4134 non
1652 4068 1718 4150 effer
1742 4091 1801 4134 ve·

226 4145 319 4225 quisi
340 4143 496 4239 sensissent
511 4141 712 4209 difficultates
735 4139 914 4219 utriusque,
939 4161 995 4205 ne·
1028 4144 1193 4238 rrssmilrser
1211 4146 1404 4227 concessurus,
1420 4152 1449 4229 fi
1469 4152 1501 4212 in
1510 4146 1535 4227 s
1548 4150 1607 4214 ecit
1618 4162 1801 4231 pererratum·

223 4230 365 4304 utiquam
380 4224 536 4291 vovissent
558 4273 567 4302 ,
594 4243 650 4287 nec
679 4242 783 4288 tamesi
805 4242 823 4286 a
845 4240 995 4314 votorum
1029 4242 1075 4289 ita
1096 4242 1196 4301 neque
1216 4228 1247 4288 in
1266 4227 1458 4300 promissione
1468 4168 1608 4294 censendi
1632 4229 1703 4296 sunt
1721 4250 1802 4293 com·

223 4306 411 4386 obligatione
429 4303 460 4366 hi
481 4300 711 4378 absolvuntur,
737 4319 849 4380 utpote
869 4323 920 4377 qui
943 4322 996 4381 po·
1031 4303 1165 4381 prehensi
1188 4307 1208 4365 ii
1229 4325 1394 4385 eventus,
1422 4313 1474 4388 qui
1500 4305 1639 4373 simenti
1656 4306 1802 4374 occurris·

224 4404 352 4452 ruerant
383 4382 469 4449 hasce
493 4383 527 4449 ἃ
548 4381 717 4448 debuerant
738 4380 933 4461 praevidere,
962 4379 996 4446 dt
1029 4381 1095 4447 sent
1125 4385 1306 4459 prudentum
1326 4389 1440 4455 iudicio
1464 4392 1588 4465 excepti
1618 4386 1744 4455 fuissent
1768 4391 1802 4452 in

224 4467 260 4530 iii
279 4462 520 4544 promissionibus
529 4464 661 4528 onerosis
671 4464 786 4527 homini
803 4460 907 4538 lassis,
927 4481 996 4538 quae
1032 4462 1150 4528 liberali
1172 4464 1381 4542 promissione.
1398 4471 1503 4547 Quare
1523 4465 1545 4531 si
1566 4472 1632 4546 quis
1655 4463 1802 4548 promisis·
1926 4524 1930 4534 .

223 4544 331 4625 passim
345 4563 546 4622 corruerent,
569 4541 591 4605 si
612 4563 713 4608 rerum
733 4546 904 4606 mutatione
921 4540 996 4605 obsi·
1030 4540 1075 4607 set
1091 4560 1232 4608 mutuare
1251 4550 1429 4629 pecuniam,
1445 4571 1505 4629 qua
1522 4548 1629 4613 deinde
1649 4550 1688 4613 ob
1706 4567 1804 4612 emer·

244 4628 311 4690 atio
331 4626 512 4703 tolleretur,
532 4644 601 4689 coin
617 4619 692 4700 saepe
712 4624 852 4688 alterutri
873 4639 995 4685 contra·
1029 4640 1174 4702 gentem,
1193 4624 1226 4688 dc
1248 4622 1512 4701 supervenientem
1526 4627 1628 4692 casum
1646 4628 1707 4706 ipse
1726 4627 1803 4691 indi·

247 4706 367 4771 entium
382 4704 497 4782 aliquid
512 4707 706 4797 contingat,
735 4702 817 4795 quod
835 4697 997 4777 praevisum
1029 4722 1136 4845 slem'
1155 4705 1204 4765 ves
1227 4703 1247 4764 si
1266 4706 1444 4782 promisisset
1461 4709 1584 4776 soatinae
1601 4707 1630 4773 se
1651 4730 1722 4774 eain
1744 4707 1801 4772 du·

223 4784 266 4851 ab
286 4786 378 4851 initio
409 4788 650 4850 conventionem
673 4782 876 4862 impedivisset
894 4805 904 4859 3
933 4786 997 4845 imo
1058 4786 1194 4846 usumin
1214 4789 1465 4868 matrimonium,
1479 4811 1573 4869 quam
1592 4788 1718 4864 putabat
1738 4789 1804 4850 vir·

223 4865 388 4937 aliquando
416 4869 448 4927 in
469 4863 535 4943 ipsis
558 4865 700 4944 gratuitis
724 4861 965 4939 promissionibus
986 4909 995 4938 ,
1030 4865 1134 4940 ginem
1153 4910 1162 4939 ,
1178 4884 1249 4927 cum
1264 4864 1374 4932 deinde
1392 4888 1480 4933 certo
1498 4867 1731 4946 deprehenderit
1752 4882 1803 4930 ta·

222 4946 351 5034 quando
375 4945 467 5010 bomo
492 4947 656 5015 prudenter
680 4963 771 5021 agens
798 4945 937 5021 potuerit
961 4963 995 5006 ac
1031 4943 1089 5006 lem
1106 4961 1168 5005 tion
1188 4944 1268 5021 esse,
1289 4943 1339 5010 hic
1359 4946 1491 5025 proferto
1510 4949 1733 5026 promissionem
1745 4947 1804 5008 im·
1841 4991 1844 4997 ,

225 5017 369 5085 debuerit
392 5025 558 5098 praevidere
574 5026 795 5089 mutationem.
824 5020 996 5087 Secundum
1031 5021 1114 5099 plere
1131 5042 1192 5085 non
1213 5042 1358 5105 tenerur,
1376 5048 1411 5092 ut
1427 5029 1519 5095 docet
1535 5029 1563 5091 S.
1576 5028 1715 5094 Thomas
1731 5044 1761 5087 ι.
1773 5043 1801 5083 2·

223 5120 306 5169 vero
333 5099 552 5191 DrThomaui
570 5125 599 5165 a.
628 5123 658 5164 a.
701 5104 777 5183 uest.
795 5120 863 5167 rio.
888 5111 946 5169 ars.
967 5115 994 5180 3·
1028 5101 1126 5183 qums·
1145 5120 1212 5168 sio·
1240 5116 1298 5172 m.
1320 5121 1349 5186 3.
1376 5108 1419 5173 ed
1437 5128 1465 5186 5.
1491 5108 1565 5175 durii
1595 5108 1633 5174 de
1657 5101 1805 5173 similibus

310 5181 405 5264 lastis.
423 5179 524 5252 Theos.
542 5180 653 5248 Mores.
706 5199 768 5248 om.
787 5179 843 5246 ΠΙ.
1437 5188 1457 5251 S
1610 5198 1612 5203 '
1696 5202 1766 5263 pso·
