4425 6000
626 513 829 589 Tusce.
855 535 920 586 ne
948 510 1278 585 Conantem
1304 509 1422 584 Car.
1451 509 1500 583 sl.
1714 512 1782 609 185

260 625 296 675 re
313 612 484 688 periculum
507 608 579 675 vitii
604 613 734 689 occulti,
754 610 865 688 siquid
889 610 1029 687 habeat,
1063 611 1168 673 videat
1197 625 1368 686 emptorem
1396 612 1428 670 in
1455 607 1509 672 sua
1532 605 1756 687 simplicitate,
1783 611 1834 676 vel

262 705 342 755 tunc
357 688 499 754 censetur
519 706 639 766 emptor
657 711 725 754 eam
750 709 850 755 emere
869 687 923 756 suo
950 690 1028 767 peri·
1063 689 1321 765 inadvertentia,
1344 685 1395 753 seu
1423 679 1613 752 distraslione
1640 687 1766 765 decipi,
1796 709 1834 755 ac

259 768 353 847 culo,
368 770 403 835 δι
423 768 529 844 siquid
551 773 622 833 vitii
651 771 682 832 in
703 768 852 846 polletum
872 768 956 849 inea
976 769 1029 832 dc·
1064 789 1127 834 rem
1146 789 1239 845 qnam
1258 773 1351 845 emit,
1370 765 1421 830 sibi
1438 768 1581 832 inutilem
1599 764 1686 844 fore,
1706 768 1778 832 licet
1799 788 1835 834 a·

260 861 380 926 tegat,
406 846 554 913 adsonem
574 848 691 914 nullam
711 847 818 913 habere
845 848 940 925 potesi
957 869 1031 914 con·
1062 850 1112 913 liis
1132 869 1193 912 non
1214 844 1320 918 sutura
1339 849 1415 911 cilet
1437 847 1554 911 inutilis
1578 893 1585 910 .
1613 846 1715 910 Nemo
1739 848 1836 926 igitur

259 943 312 990 tra
328 929 537 995 venditorem:
554 928 700 992 venditor
716 946 842 1007 tamen,
860 945 896 992 ut
911 932 1034 1007 opinor,
1063 947 1129 993 non
1158 928 1244 993 videt
1273 927 1397 991 minime
1421 929 1559 992 excusari
1589 926 1670 1005 posse
1695 945 1713 989 a
1737 927 1831 1003 culpa

258 1014 296 1077 in
317 1009 417 1086 pretio
432 1006 541 1071 saltem
557 1008 749 1084 aliquantum
768 1005 929 1076 descendat
947 1010 1031 1085 ,quia
1063 1026 1172 1074 contra
1191 1005 1336 1073 iustitiam
1355 1027 1426 1083 eos,
1443 1012 1493 1082 qui
1515 1006 1626 1072 nedum
1646 1024 1706 1074 non
1727 1004 1833 1072 adstro-

260 1089 394 1170 imponit
410 1090 540 1163 emptori
557 1106 634 1151 onus
645 1084 788 1151 subeundi
806 1085 1031 1165 periculi,quod
1064 1108 1140 1153 nent
1161 1107 1330 1162 emptorem
1350 1087 1387 1150 de
1404 1089 1508 1164 vitio,
1523 1089 1586 1151 imo
1599 1107 1748 1162 quantum
1765 1083 1835 1150 fieri

259 1170 305 1237 esi
325 1169 437 1245 praetio
452 1164 647 1231 aestimabile.
1064 1165 1162 1245 potest
1177 1216 1186 1245 ,
1205 1166 1280 1233 illud
1294 1166 1497 1232 etiamcelare
1514 1164 1655 1243 sludent,
1675 1166 1724 1234 vel
1746 1185 1834 1241 quae·

303 1247 398 1327 Quod
419 1244 569 1311 srvitium
585 1250 629 1310 rei
651 1249 698 1310 ita
715 1243 906 1311 manifestum
927 1246 1029 1325 sit,ut
1065 1247 1159 1311 rendo
1179 1245 1324 1325 angulos.
1348 1245 1382 1310 δι
1406 1244 1563 1322 tenebras,
1584 1246 1633 1310 vel
1656 1269 1701 1313 res
1722 1247 1767 1309 ita
1788 1248 1836 1307 in·

205 1303 354 1420 fiacile
377 1324 560 1404 deprehendi
581 1342 674 1402 queat
696 1373 706 1402 ,
736 1325 758 1388 li
779 1346 842 1391 non
864 1330 1031 1406 interroge-
1065 1326 1234 1403 vertendo,
1252 1326 1286 1392 δι
1304 1325 1533 1404 componendo,
1554 1346 1593 1389 ne
1620 1329 1734 1391 vitium
1751 1320 1833 1388 dese·

205 1428 337 1488 untur,
355 1402 476 1470 nonest
495 1403 644 1469 obnoxius
669 1406 706 1469 ad
726 1407 791 1470 eius
808 1399 1030 1471 manisellatio·
1063 1404 1183 1480 sitisque
1201 1406 1360 1486 detegatur
1380 1453 1388 1483 ,
1415 1404 1467 1470 vel
1493 1408 1538 1469 ita
1557 1402 1687 1471 consule
1709 1407 1752 1469 rei
1769 1401 1832 1468 suae

205 1501 234 1548 o.
263 1509 334 1554 nem
385 1484 419 1549 ἃ
450 1486 601 1560 praecipue
626 1485 747 1562 quando
775 1506 879 1550 emens
897 1482 1031 1551 scientiae
1064 1482 1193 1551 desedlus
1208 1503 1390 1564 exponunt,
1408 1501 1443 1548 ut
1464 1488 1569 1562 potius
1590 1483 1743 1551 insinuent
1768 1503 1836 1549 rem

218 1571 246 1610 ⁸·
261 1566 325 1634 suae
343 1534 439 1629 sidens
459 1562 534 1626 nihil
554 1562 591 1629 de
607 1570 650 1628 rei
668 1564 819 1640 qualitate
840 1568 1031 1645 interrogans
1064 1565 1149 1632 suam
1162 1569 1245 1629 omni
1267 1568 1347 1630 vitio
1362 1583 1483 1628 carere.
1894 1628 1902 1642 ‚

205 1635 221 1674 ³
261 1642 402 1726 eligitde
421 1644 569 1708 mercibus
590 1644 640 1706 libi
660 1643 775 1709 oblatis
802 1665 869 1722 quae
896 1648 991 1724 magis
1008 1648 1032 1705 i·
1104 1646 1135 1709 Si
1152 1664 1257 1711 autem
1283 1648 1398 1710 vitium
1419 1645 1462 1706 rei
1483 1661 1545 1708 non
1566 1644 1671 1713 reddat
1692 1667 1757 1711 rem
1777 1662 1833 1708 no·
1849 1628 1922 1696 ΨΜ
1941 1628 1976 1683 ⁴⁸

262 1725 304 1806 psi
322 1725 513 1802 placuerint.
530 1723 579 1787 Sic
605 1722 645 1786 D.
663 1722 726 1787 Th.
747 1745 773 1802 q.
791 1745 837 1804 ῃ.
856 1724 922 1789 loco
943 1727 1031 1804 hipra
1065 1728 1172 1801 xiam,
1192 1746 1248 1790 nec
1270 1719 1488 1801 periculosam,
1505 1743 1561 1787 nec
1582 1725 1760 1815 notabiliter
1777 1726 1836 1787 mi·-
1851 1710 1948 1808 ’ἔξω

262 1811 318 1872 cit.
331 1852 340 1883 ,
354 1803 389 1869 dt
408 1806 474 1867 eins
492 1800 623 1866 doslrina
649 1801 686 1867 ab
705 1804 844 1869 omnibus
862 1808 1031 1868 communi·
1065 1828 1121 1872 nus
1142 1806 1270 1883 utilem,
1289 1824 1382 1882 quam
1399 1822 1523 1881 emptor
1543 1805 1768 1874 rationabiliter
1783 1824 1838 1867 ex·
1857 1834 1909 1871 non
1921 1835 1963 1884 pe.

261 1903 312 1950 ter
332 1881 495 1959 recipitur.
515 1882 547 1944 Si
565 1884 678 1947 vitium
699 1882 736 1947 srt
758 1880 1031 1972 manifestorum·
1064 1902 1186 1966 optet,
1214 1905 1277 1950 non
1302 1900 1425 1950 tenetur
1446 1881 1591 1947 venditor
1612 1888 1725 1949 vitium
1739 1885 1837 1949 etiam
1854 1882 1981 1937 siculotae

262 1984 295 2029 ta
309 1984 383 2028 cum
404 1981 497 2036 equus
517 1959 559 2026 est
577 1963 773 2039 monoculus,
791 1963 825 2029 δι
851 1963 871 2025 h
890 1964 1032 2029 venditor
1065 1966 1220 2032 occultum
1241 1965 1388 2041 aperire,
1413 1959 1467 2024 nisi
1492 1964 1724 2042 interrogetur,
1747 1964 1835 2028 dum·

282 2058 387 2120 ropter
404 2042 515 2106 vitium
530 2039 697 2106 huiusmodi
719 2043 860 2108 detrabat
881 2061 1032 2119 quantum
1066 2045 1159 2110 modo
1181 2047 1313 2120 pretium
1333 2043 1498 2113 imminuat
1519 2061 1573 2118 pro
1592 2048 1713 2109 ratione
1733 2045 1834 2108 vitii.

260 2067 300 2188 st
323 2121 360 2184 de
389 2121 520 2198 pretio,
545 2140 606 2186 non
639 2140 764 2187 tenetur
792 2123 829 2185 ad
859 2124 1030 2187 vitiumrei
1065 2126 1115 2189 Sic
1134 2125 1172 2187 D.
1197 2119 1258 2187 Th.
1289 2141 1355 2186 tum
1376 2122 1443 2185 loco
1469 2123 1523 2185 cit.
1550 2138 1615 2185 tum
1636 2120 1782 2199 Qrodlib.
1807 2140 1835 2185 2.

261 2196 538 2278 manifestandum,
565 2204 635 2277 quia
666 2199 766 2267 forsan
783 2200 821 2268 ob
838 2203 902 2267 tale
918 2205 1033 2269 virium
1047 2235 1050 2248 =
1065 2217 1125 2268 ort.
1147 2223 1175 2264 2.
1197 2203 1229 2267 Si
1249 2201 1361 2267 titium
1382 2204 1392 2276 (
1413 2203 1458 2264 ait
1478 2200 1490 2275 )
1507 2222 1563 2263 nou
1578 2199 1676 2279 faciat
1696 2223 1760 2266 rem
1778 2201 1836 2263 mi·

261 2296 382 2359 emptor
400 2278 498 2344 vellet
515 2281 585 2359 plus
600 2277 733 2346 subtrahi
750 2282 788 2346 de
807 2285 1031 2361 pretio,quam
1046 2255 1052 2346 l
1066 2306 1123 2349 nus
1138 2285 1240 2349 valere
1255 2281 1375 2360 emptori
1395 2301 1483 2358 quam
1500 2280 1631 2368 pretium
1652 2282 1835 2362 impofitum.

262 2360 337 2426 esset
359 2356 612 2424 subtrahendum.
638 2360 791 2502 Qflocirca
811 2361 953 2428 venditor
970 2362 1032 2428 lici-
1138 2374 1208 2428 lunc
1223 2384 1279 2428 non
1294 2359 1835 2441 peccaiumsvur'um,&ex1„eg.

260 2459 298 2505 tc
315 2439 510 2502 indemnitati
527 2437 588 2503 suae
610 2459 667 2504 con
693 2440 768 2505 isere
784 2439 901 2518 potest,
919 2443 1031 2507 vitium
1067 2446 1127 2508 iam
1147 2442 1222 2508 alias
1241 2446 1296 2509 cir.
1316 2438 1426 2510 Laideo
1447 2446 1474 2506 5.
1489 2439 1614 2517 proinde
1630 2437 1660 2505 ff.
1678 2440 1837 2507 deaediiit.

261 2522 307 2585 rei
322 2517 461 2592 silendo,
481 2522 554 2594 quia
573 2523 604 2583 in
625 2520 680 2584 tali
700 2517 772 2585 casu
792 2521 939 2586 venditor
965 2541 1029 2587 non
1065 2523 1152 2589 cdiii.
1167 2520 1202 2588 ἃ
1221 2521 1366 2586 Doslores
1382 2523 1607 2599 communiter,
1624 2520 1742 2586 etiamsi
1763 2541 1837 2584 ven·

261 2599 377 2676 decipit
401 2616 568 2675 emptorem
593 2599 645 2664 vel
669 2618 708 2662 ex
740 2618 824 2677 parte
845 2603 968 2678 pretii,
997 2619 1032 2667 ut
1066 2605 1146 2668 ditor
1167 2601 1260 2681 probe
1281 2598 1357 2670 sciat
1388 2619 1455 2663 rein
1479 2597 1518 2663 ab
1539 2617 1675 2677 emptore
1699 2619 1838 2676 emptam

262 2677 460 2755 supponitur,
482 2678 532 2743 vel
552 2697 591 2742 ex
609 2697 694 2755 parte
711 2682 781 2744 vitii
801 2728 812 2758 ,
835 2680 950 2757 dequo
970 2702 1032 2747 non
1066 2704 1128 2747 non
1152 2685 1190 2744 iri
1213 2730 1222 2757 ‚
1253 2678 1276 2743 sr
1296 2683 1338 2745 rei
1366 2682 1479 2744 vitium
1495 2676 1689 2759 agnosceret,
1713 2683 1786 2757 quia·
1802 2684 1835 2742 in

263 2758 420 2833 loqsu'tur,
436 2760 586 2833 quianon
607 2773 727 2822 tenetur
742 2777 842 2837 partes
859 2781 948 2837 agere
968 2780 1031 2825 em·
1066 2762 1124 2826 tali
1144 2757 1212 2824 casu
1234 2760 1317 2825 nulla
1334 2760 1466 2836 iniuria,
1484 2756 1515 2819 ἃ
1538 2758 1681 2822 damnum
1706 2778 1781 2824 tunc
1797 2758 1835 2823 sit

261 2839 359 2918 ptoris
382 2856 419 2901 ea
438 2834 646 2914 ostendendo,
666 2858 735 2913 quae
764 2834 865 2915 perse
897 2855 1031 2917 patent,
1065 2842 1216 2917 emptori,
1234 2836 1439 2903 aliasservari
1462 2856 1524 2900 non
1547 2839 1665 2912 pollent
1686 2858 1836 2902 commer·
1912 2856 1917 2864 ·

262 2936 387 2994 quaeque
407 2914 466 2991 ipse
486 2913 575 2981 facile
599 2915 772 2994 dignoscere
792 2917 908 2996 potest,
938 2915 959 2979 si
979 2919 1030 2982 de·
1065 2923 1115 2994 cia
1136 2916 1368 3005 inRepubnca,
1384 2916 1418 2981 ὰ
1442 2918 1611 2994 negotiatio
1629 2915 1747 2995 prorsus
1764 2936 1834 2983 rue·

260 2996 358 3062 hiram
373 2993 513 3061 adhibeat
534 2995 740 3074 diligentiam,
759 3017 813 3061 aut
836 3000 866 3059 in
887 2995 956 3063 casu
978 3001 1031 3065 du·
1066 3004 1136 3079 ret,
1156 2998 1178 3061 si
1199 2993 1329 3063 desedlus
1360 3017 1466 3062 omnes
1483 3015 1544 3061 non
1565 2996 1716 3063 notabiles
1738 3000 1771 3061 in
1792 2996 1842 3074 se,

263 3077 303 3140 bii
321 3081 506 3156 interroget.
533 3076 646 3140 Verum
668 3076 690 3138 ss
706 3081 849 3143 venditor
864 3078 1031 3156 deprehen·
1066 3100 1123 3144 nee
1139 3080 1237 3145 relate
1255 3075 1292 3143 ad
1312 3075 1396 3142 usum
1413 3078 1557 3153 emptoris
1575 3096 1651 3154 opus
1666 3079 1741 3143 esset
1763 3097 1834 3154 ape·

262 3159 344 3220 deret
366 3174 535 3233 emptorem
552 3176 611 3220 non
625 3154 787 3223 advertere
804 3158 935 3235 vitium,
958 3159 1030 3225 licet
1065 3163 1136 3225 riri.
1158 3158 1242 3224 Nam
1262 3175 1449 3223 mercatores
1468 3173 1620 3232 coguntur
1639 3176 1740 3222 emere
1755 3178 1834 3221 mer·

262 3233 452 3320 manifestum
479 3283 488 3315 ,
515 3236 568 3299 vel
591 3235 629 3300 ob
656 3239 766 3317 ingenii
788 3237 1030 3319 hebetudinem,
1062 3261 1114 3305 ces
1130 3237 1274 3314 cuiusque
1290 3240 1424 3316 generis,
1449 3254 1503 3302 ant
1525 3238 1702 3312 qualitatis,
1722 3256 1778 3302 nec
1796 3259 1833 3301 o·

263 3318 312 3379 vel
330 3316 370 3378 ob
386 3316 467 3378 visus
486 3312 693 3395 debilitatem,
713 3319 763 3383 vel
792 3317 833 3381 ob
853 3321 967 3383 mentis·
986 3320 1031 3382 di·
1064 3340 1151 3383 mnes
1165 3316 1277 3395 semper
1297 3314 1479 3382 conservare
1498 3315 1622 3392 possunt
1637 3333 1673 3381 ut
1691 3316 1833 3393 vellent,

262 3393 470 3472 massionem,
486 3412 539 3459 aut
560 3395 823 3463 inadvertentiam
836 3446 845 3475 ,
859 3397 893 3463 ἃ
915 3401 1030 3464 vitium
1062 3401 1096 3466 δι
1118 3395 1170 3475 ipsi
1195 3417 1317 3474 quoque
1344 3395 1561 3474 decipiuntur,
1579 3396 1651 3460 dum
1667 3416 1778 3461 merces
1793 3417 1829 3461 a·

263 3473 460 3552 periculosum
475 3473 548 3538 esset
569 3481 724 3553 emptori,
740 3496 815 3541 tunc
835 3498 906 3543 eum
926 3500 1028 3543 osone·
1063 3477 1165 3545 liunde
1194 3474 1377 3542 accersunt:
1407 3475 1488 3539 unde
1511 3471 1533 3535 sr
1561 3473 1681 3540 nonnisi
1709 3496 1829 3541 merce»

263 3574 295 3617 re
316 3571 464 3630 tenetur,
482 3573 544 3638 non
565 3551 649 3618 secus
670 3576 704 3619 ac
730 3562 851 3620 terietur
866 3577 937 3621 enm
961 3580 1027 3623 mo·
1061 3553 1279 3625 indesedluosas
1298 3553 1429 3622 vendere
1450 3552 1611 3630 deberent,
1632 3551 1750 3633 prorsus
1773 3556 1826 3621 de·
1911 3579 1913 3583 ·

262 3653 335 3698 nere
354 3633 391 3697 de
407 3636 488 3697 vitio
507 3634 647 3711 occulto,
662 3638 872 3710 quamvis-non
893 3641 1028 3703 interro·
1060 3639 1198 3705 riderent
1218 3636 1256 3700 ab
1276 3656 1384 3701 eorum
1404 3631 1631 3712 sortuna,quia
1650 3634 1701 3699 vel
1710 3653 1832 3711 empto·

257 3731 372 3791 ¹tetur.
392 3710 442 3776 ita
465 3714 689 3791 communicem
709 3716 779 3788 quia
803 3732 878 3778 tunc
898 3718 960 3781 tale
982 3719 1028 3780 vi·
1061 3738 1107 3783 res
1129 3715 1166 3782 ab
1185 3715 1312 3780 emendo
1338 3714 1566 3779 deterrerentur
1588 3762 1597 3791 ,
1621 3714 1673 3779 vel
1692 3717 1839 3790 pretium·

261 3797 359 3869 tium,
381 3791 451 3855 licet
473 3792 506 3851 in
527 3787 556 3850 se
579 3787 801 3869 maniseslum,
826 3795 958 3870 rclptilu
976 3814 1025 3862 ta·
1060 3797 1140 3861 iulio
1164 3801 1264 3859 minua
1288 3792 1467 3861 offerrent.
1500 3792 1616 3856 Verum
1641 3793 1761 3869 quidem
1783 3792 1828 3858 cst

258 3893 332 3936 men
353 3870 426 3934 talis
441 3865 574 3946 personae
592 3887 665 3934 tunc
685 3869 728 3933 est
747 3871 921 3951 occultum;
939 3875 1027 3941 idcir·
1059 3876 1138 3956 quod
1158 3892 1277 3951 emptor
1296 3878 1389 3947 etiem
1404 3876 1528 3938 minuto
1548 3875 1646 3949 pretio
1667 3893 1729 3938 non
1747 3893 1831 3939 eme«

260 3972 298 4015 co
323 3969 410 4014 error
437 3948 490 4013 dat
518 3948 654 4013 caussam
674 3950 873 4016 contraslni.
903 3953 1026 4031 insuper
1059 3976 1126 4035 ret,
1147 3954 1379 4035 srcognosoecet
1400 3950 1549 4018 defectum
1568 3951 1686 4019 etiarnsi
1707 3973 1771 4018 non
1788 3953 1827 4015 sr-

259 4030 338 4096 hona
359 4027 434 4092 fides
453 4027 609 4118 debitatin
626 4030 828 4097 contrashibus
845 4035 888 4096 ita
908 4038 1027 4114 exigit,
1058 4036 1087 4101 bi
1109 4033 1333 4113 periculosum,
1350 4032 1384 4101 ἃ
1404 4035 1549 4109 noxium,
1571 4052 1628 4098 nec
1651 4034 1750 4098 minus
1772 4030 1827 4096 sibi

259 4110 293 4177 ἃ
312 4109 415 4173 multo
435 4111 529 4188 magis
550 4110 571 4170 lr
593 4113 720 4186 vitium,
742 4129 777 4174 ut
796 4128 887 4176 notat
902 4135 971 4177 cnm
992 4135 1024 4178 a·
1059 4115 1189 4190 utilem,
1211 4112 1262 4180 sed
1283 4113 1340 4179 hoc
1367 4113 1611 4177 involuntarium
1630 4112 1825 4177 conditiona·
1887 4152 1891 4158 ,

261 4191 308 4253 liis
328 4189 492 4266 Valentia,
511 4207 681 4265 opponatur
700 4192 885 4269 intentioni,
904 4192 938 4258 dt
958 4191 1024 4268 fini,
1059 4214 1126 4261 tum
1140 4214 1208 4258 non·
1225 4193 1350 4274 impedit
1358 4193 1430 4268 quin
1450 4190 1625 4269 simpliciter
1638 4187 1827 4270 consentiat,

259 4290 348 4346 quem
363 4286 482 4349 emptor
498 4265 564 4333 astu
581 4267 672 4333 habet
690 4272 721 4332 in
740 4270 888 4350 emendo,
904 4271 1023 4338 tametsi
1057 4276 1134 4343 aliar
1153 4271 1175 4337 si
1195 4295 1243 4340 res
1264 4293 1326 4339 non
1349 4268 1441 4334 irase
1461 4270 1604 4344 haberet,
1618 4267 1729 4348 quisvis
1748 4290 1833 4344 cons

258 4369 299 4413 ex
318 4351 435 4414 incuria
460 4348 535 4413 illud
553 4367 616 4411 non
635 4348 802 4429 advertat,
819 4354 887 4427 quia
908 4355 1023 4419 incuria
1059 4355 1174 4422 trelius
1198 4350 1379 4428 flusiuaret,
1398 4348 1472 4414 idesl
1496 4353 1631 4415 incertus
1654 4349 1752 4418 esset·
1780 4350 1824 4417 Et

258 4431 404 4508 emptoris
434 4449 496 4493 non
519 4428 573 4491 dat
594 4428 690 4492 ullum
714 4432 759 4494 ius
781 4434 966 4512 venditori,
989 4433 1032 4500 ἃ·
1056 4437 1199 4513 quamuis
1223 4433 1303 4498 bona
1327 4430 1399 4495 sides
1430 4428 1507 4496 velit
1533 4431 1659 4507 nequis
1687 4429 1824 4495 alterum

261 4529 370 4575 rerum
389 4508 432 4572 eil
448 4508 529 4584 qnod
549 4527 670 4586 emptor
685 4530 752 4573 non
766 4508 907 4577 obstante
915 4509 967 4579 sua
979 4517 1023 4579 in·
1056 4515 1300 4590 circumveniat,
1320 4510 1376 4576 hoc
1399 4528 1505 4575 tamen-
1514 4507 1748 4586 intelligendum
1775 4510 1822 4575 esi

260 4593 345 4653 curia
362 4609 427 4653 non
451 4589 521 4652 vult
548 4608 605 4652 nec
629 4589 762 4653 intendit
789 4611 853 4654 rem
879 4614 949 4656 cum
967 4595 1023 4659 tali
1056 4593 1270 4671 cumben-lgna
1282 4591 1560 4669 interpretatione,
1576 4588 1718 4655 videlicet
1729 4609 1822 4667 quan·

262 4672 343 4733 vitio
362 4688 482 4733 emere.
503 4669 535 4733 Ρ.
552 4669 715 4747 Anroine‚
730 4668 945 4736 Tourneleius.
958 4672 1025 4739 lmo
1059 4692 1127 4740 tum
1145 4676 1261 4751 patitur
1275 4668 1704 4745 conservationegoriationia
1719 4674 1751 4732 in
1761 4670 1826 4732 Re·
1869 4698 1871 4705 ·

262 4748 352 4814 notat
374 4747 497 4830 Sylvius
520 4769 591 4811 curn
611 4745 730 4826 Lcslio,
749 4748 784 4814 δι
807 4750 972 4831 Valentia,
992 4777 1024 4819 a·
1059 4753 1282 4833 publica,quae
1300 4746 1430 4828 profesio
1451 4745 1605 4814 subsillere
1622 4768 1683 4814 raon
1701 4748 1798 4827 posset
1813 4795 1829 4828 ,.
1917 4754 1933 4777 ''

263 4824 568 4908 liisve,ttiamsrnon
584 4825 659 4893 esset
678 4845 790 4893 contra
806 4828 1024 4901 iustitiamnon
1059 4832 1180 4911 quando
1198 4827 1332 4897 desesiua
1359 4849 1465 4894 omnes
1490 4826 1611 4893 tametsi
1634 4831 1744 4905 leves,
1767 4848 1825 4892 nec
1855 4836 1861 4841 '
1918 4870 1924 4877 -
1955 4826 1960 4837 '

260 4928 386 4974 monere
405 4925 598 4986 emptorem,
624 4909 697 4971 dum
720 4910 834 4974 iudicio
855 4908 910 4977 sno
934 4911 1002 4977 fidit
1018 4961 1034 4992 ,.
1062 4912 1237 4990 periculofi,
1253 4930 1288 4975 ac
1307 4909 1569 4987 noxii-aperiendi
1590 4905 1713 4972 ellenr-
1738 4906 1825 4973 Adde

260 4988 356 5064 posset
377 4988 438 5053 elle
454 4991 658 5065 tamen,imo
677 4988 744 5054 dico
767 4989 846 5065 quod
868 4990 941 5056 ellet
996 5015 1029 5058 c·
1063 4993 1209 5058 silentem·
1222 5011 1285 5054 non
1307 4989 1443 5068 decipere
1463 5010 1502 5054 to
1528 4988 1607 5066 quod
1629 5008 1691 5051 non
1716 4986 1830 5064 semper

258 5086 362 5137 aarum
378 5088 472 5148 graue
486 5067 816 5151 contracharitattm,
844 5068 867 5133 si
888 5091 927 5147 ue
971 5074 1031 5141 'tor
1062 5068 1387 5149 concurratobligatio
1403 5067 1562 5147 loquendi.
1578 5063 1665 5134 Hinc
1686 5068 1830 5209 parefiiu·
