4425 6000
393 533 450 609 94
615 500 1610 581 'ranennrlriurriata&eciam

340 609 459 690 potest,
477 606 635 672 dominum
653 603 799 668 eiusmodi
827 619 927 665 rerum
955 620 1016 664 non
1041 598 1102 664 elle
1136 618 1206 677 uae,
1226 618 1335 665 contra
1360 601 1583 677 quomodolibet
1602 601 1752 669 auxilium
1766 602 1903 672 infideli·

342 687 569 754 rationabiliter
585 687 738 761 invitum,
753 704 822 748 cum
838 680 883 743 illi
899 678 1018 758 nonnisi
1035 684 1102 745 evi·
1135 679 1190 743 but
1217 698 1328 744 contra
1350 681 1535 745 Christianos
1559 681 1726 747 tribuentes
1743 729 1754 759 ,
1776 682 1902 751 exctrsa·

342 770 433 833 tandi
455 765 558 833 caussa
583 767 706 828 maioris
731 763 803 827 mali
829 761 857 823 id
878 758 996 825 saciant
1020 761 1101 838 quod
1137 777 1242 822 rentur
1263 764 1383 837 captivi
1404 760 1565 837 Christiani
1585 761 1606 824 li
1624 766 1810 841 remigarent
1829 783 1900 829 cott-

341 849 403 911 iam
419 848 457 912 de
482 844 512 910 se
537 865 598 909 non
621 844 664 907 eli
686 843 818 916 malum,
838 860 894 905 nec
914 838 1105 906 subserviant
1140 856 1189 903 tra
1205 836 1408 918 Christianos,
1428 842 1466 904 sic
1482 839 1548 906 iussa
1571 840 1714 906 aTurcit
1733 864 1806 908 cum
1822 862 1900 909 mot·

341 926 396 991 taisi
413 926 474 1005 poll
495 918 862 1001 indumentumque
880 922 993 996 praedas
1009 920 1101 985 veba-
1135 923 1174 982 tit
1191 921 1385 984 minitatione
1401 919 1421 983 fi
1444 941 1573 986 renuant
1588 968 1596 998 ,
1611 921 1753 999 quidquid
1777 925 1812 986 ita
1830 943 1901 988 cott-

343 1027 394 1083 re,
412 1029 483 1072 tum
510 1008 566 1070 hoc
594 1005 749 1068 dominum
774 1021 836 1063 non
865 999 957 1064 laedat
981 1000 1035 1064 nili
1061 1022 1104 1064 ex
1142 1002 1267 1062 trarium
1288 1000 1389 1066 dicant
1413 1002 1453 1064 ali
1476 1004 1534 1078 ui;
1565 1005 1637 1076 quia
1664 999 1753 1066 sicuti
1779 1001 1833 1065 alii
1859 1002 1901 1066 di·

342 1090 447 1164 iniqua
474 1085 607 1149 militum
639 1084 840 1146 intentione.
874 1081 957 1143 Nam
989 1081 1100 1144 vehere
1134 1095 1210 1141 tunt
1234 1098 1420 1156 preceptum
1492 1078 1686 1145 cleliallieum
1707 1099 1770 1143 non
1786 1080 1852 1144 obli
1872 1096 1902 1147 tt

341 1167 476 1245 ptaedam
496 1163 614 1229 firttum
637 1179 700 1225 nott
727 1158 821 1235 facit,
846 1156 1101 1238 sedsassumsup
1136 1156 1210 1245 ipsos
1226 1160 1256 1218 in
1279 1159 1333 1221 tali
1350 1156 1433 1222 slatu
1448 1159 1647 1232 constitutos,
1667 1163 1738 1237 quia
1757 1160 1840 1239 leget
1889 1189 1902 1210 ·

342 1250 446 1325 ponit,
466 1266 522 1309 nee
543 1248 574 1306 in
596 1243 641 1306 hit
657 1242 793 1305 dominus
810 1238 906 1316 potesl
926 1238 988 1304 elle
1005 1243 1101 1303 ratio·
1134 1235 1303 1302 clestaslicae
1319 1258 1381 1303 non
1397 1238 1532 1317 obligant
1549 1261 1618 1303 cum
1635 1255 1725 1304 tanto
1738 1239 1902 1305 incarneo·

341 1324 484 1391 nabilitet
505 1326 652 1401 invitus,
678 1340 733 1384 nee
758 1320 892 1399 legitime
917 1323 1037 1399 exigere
1064 1338 1101 1383 ut
1134 1314 1202 1392 do,
1224 1314 1259 1379 ἃ
1284 1319 1437 1397 periculo,
1458 1319 1492 1385 dt
1520 1320 1622 1384 multo
1648 1322 1744 1394 magia
1775 1321 1849 1394 quit
1868 1335 1902 1384 ut

344 1406 424 1471 alter
443 1408 508 1469 eiua
528 1403 615 1467 bonit
637 1398 777 1466 consulat
797 1420 869 1463 tum
895 1404 1024 1476 propriae
1054 1403 1101 1463 vi·
1135 1399 1195 1458 iam
1211 1396 1341 1460 diximus
1357 1395 1541 1464 excusantur
1565 1402 1597 1461 itt
1619 1398 1674 1461 tali
1694 1401 1747 1460 sua
1776 1399 1905 1477 remise·

341 1503 386 1549 tae
411 1484 578 1560 dispendio.
601 1482 673 1546 Non
697 1479 803 1543 eodem
826 1480 916 1543 modo
938 1497 1042 1543 tamen
1061 1477 1101 1543 ob
1135 1478 1219 1538 tione
1246 1477 1398 1567 a'culpa,
1412 1475 1474 1543 stne
1493 1500 1554 1557 qna
1578 1498 1640 1541 nou
1659 1478 1833 1541 incurritur
1851 1496 1905 1542 en·

340 1583 458 1637 metum
479 1564 624 1629 videntur
644 1556 780 1625 excusari
798 1557 879 1633 posse
896 1557 917 1620 li
937 1559 1041 1623 domos
1056 1555 1100 1622 es
1133 1563 1391 1621 communicatio.

340 1640 494 1723 fringent,
518 1663 571 1717 pet
599 1638 744 1705 fenestrae
763 1641 906 1715 intrent,
924 1658 1061 1704 armenta
1081 1659 1099 1703 e
1175 1634 1262 1698 Nota
1283 1637 1364 1711 quod
1386 1641 1605 1715 participantes
1625 1638 1660 1698 in
1686 1636 1820 1700 crimine
1847 1653 1905 1701 um
1918 1645 1950 1698 Ιι

339 1722 462 1787 stabulis
482 1723 652 1799 abducant·;
672 1724 743 1795 quia
759 1719 792 1780 itt
809 1717 891 1781 bisse
903 1736 1100 1798 gerunttam·
1133 1733 1238 1777 omnes
1256 1712 1410 1780 subiacent
1425 1718 1527 1781 eidem
1546 1717 1658 1793 regula
1672 1760 1683 1777 .
1696 1717 1781 1780 Nam
1791 1715 1846 1789 qui
1863 1718 1905 1781 itt
1919 1723 1951 1758 Ι·

339 1821 429 1879 quam
447 1801 624 1878 principales
636 1800 750 1875 eauslae
772 1800 908 1861 iniuriae.
924 1797 1038 1861 Gravis
1056 1818 1099 1861 te
1135 1796 1300 1868 participat
1319 1844 1328 1870 ‚
1356 1814 1391 1859 ut
1408 1798 1474 1861 altit
1492 1797 1527 1861 lit
1549 1795 1661 1861 author
1680 1795 1829 1861 maleficii
1845 1789 1951 1882 t'pse'''⁸

338 1900 447 1946 manet
464 1879 632 1944 difficultas
649 1883 688 1943 an
710 1878 795 1939 licite
820 1877 891 1940 dum
915 1895 998 1941 mort
1019 1875 1099 1941 asio-
1135 1890 1260 1936 tenetur
1281 1890 1441 1948 tamquam
1462 1875 1635 1953 principalis
1656 1922 1668 1950 ,
1690 1873 1725 1940 ἅ
1744 1879 1855 1942 taeters
1874 1880 1904 1940 sn
1919 1901 1951 1951 ,ᾗ

338 1964 413 2037 quin
432 1961 491 2023 illie
511 1964 705 2034 intentatur,
730 1955 860 2033 praebere
882 1958 1011 2020 valeant
1040 1954 1100 2019 sca·
1133 1952 1199 2013 eius
1228 1950 1401 2016 desedlum.
1420 1952 1549 2030 Quodsi
1569 1974 1675 2018 omnes
1693 1954 1730 2019 de
1751 1959 1904 2021 commui
1917 1962 1951 2015 ul

340 2042 402 2114 las,
424 2042 532 2103 iuvate
549 2055 584 2102 ut
602 2037 788 2113 ascendant,
812 2036 1012 2100 inlitumeota
1028 2036 1100 2098 date
1133 2023 1534 2111 consentientemque,
1551 2035 1631 2098 idest
1660 2042 1831 2110 cooperari:
1842 2033 1950 2103 fiam

338 2120 375 2183 ad
397 2116 479 2182 soret
496 2116 696 2199 effringendas
715 2157 733 2179 ,ι
755 2112 870 2179 Lesliut
888 2133 980 2180 tenet
1003 2118 1100 2179 etiam
1137 2111 1450 2192 indamnificatione,
1465 2134 1578 2179 natatuo
1594 2114 1951 2220 s'eadruvanteataurffl

338 2198 404 2262 haec
432 2197 532 2263 facere
554 2218 609 2262 eos
631 2195 737 2273 posse,
765 2192 1050 2271 eoquianonstnt
1070 2217 1100 2257 a·
1134 2212 1227 2266 quam
1251 2213 1315 2255 una
1336 2214 1444 2276 manus
1468 2195 1612 2256 iniuslam
1641 2190 1790 2259 altionem
1822 2192 1914 2273 petb-

338 2278 458 2342 stiones
475 2297 528 2355 pet
548 2278 577 2341 se
596 2277 711 2340 malae.
726 2274 834 2355 Sylvio
853 2291 958 2356 tamen
978 2273 1100 2337 difficile
1134 2275 1244 2359 tienst
1271 2271 1375 2349 singuli
1403 2292 1492 2348 aeque
1520 2293 1667 2338 tenentur
1695 2279 1726 2336 in
1749 2276 1878 2341 solidum
1899 2323 1916 2355 ,,

336 2358 463 2421 ridetur
478 2357 558 2432 quod
578 2359 611 2419 in
636 2356 683 2419 his
703 2351 848 2419 excttsari·‘
864 2352 1002 2431 potiore
1030 2356 1103 2426 quia
1133 2354 1205 2490 bun
1222 2351 1328 2429 singuli
1346 2351 1416 2415 sunt
1442 2359 1543 2415 catilla
1564 2351 1621 2416 seu
1641 2356 1802 2419 concaussa
1829 2359 1907 2424 inite

337 2436 471 2500 allionet
491 2432 658 2501 liuiusmodi
679 2435 726 2498 hit
742 2431 778 2499 dc
793 2453 874 2497 nunc
891 2454 911 2498 a
929 2434 1038 2497 talibus
1054 2430 1100 2498 sa·
1162 2450 1187 2491 ae
1208 2427 1337 2493 aslionis
1364 2432 1472 2495 damni
1496 2435 1588 2495 sectati
1607 2477 1621 2494 .
1649 2436 1698 2497 Sie
1726 2435 1907 2501 Dominieut

337 2514 363 2579 sl
410 2513 478 2579 sunt
494 2519 727 2594 cooperationes
752 2514 788 2577 ad
807 2517 950 2588 rapinae..
1095 2582 1101 2588 .,
1133 2508 1546 2583 Sot0‚Catet.Covattut⁹.
1564 2534 1636 2577 etun
1651 2514 1741 2577 aliia·
1763 2515 1905 2591 lli-equ·

365 2533 545 2658 {laetitiam
564 2597 688 2672 captivs·
705 2595 782 2670 apud
800 2590 919 2672 Turcas
938 2594 975 2654 itt
994 2583 1104 2655 eonlnt
1135 2594 1288 2651 communi
1301 2587 1430 2654 consilio·
1443 2593 1566 2656 vitream
1580 2596 1739 2668 expuliant
1752 2596 1888 2659 alienata

338 2674 514 2739 triremibus
533 2723 542 2752 ‚
561 2693 619 2739 aut
643 2674 775 2739 aliorum
794 2672 965 2735 infidelium
991 2688 1102 2735 contra
1136 2668 1248 2730 militet
1267 2672 1319 2745 qui
1340 2673 1372 2732 in
1388 2671 1473 2735 bello
1500 2671 1613 2735 iniusso
1632 2675 1808 2737 Civitatem
1829 2722 1839 2752 ,
1859 2629 1905 2739 ves

336 2753 626 2818 Christianos-metu
647 2757 759 2818 mortis
778 2754 980 2829 remigantes,
995 2772 1016 2814 a
1034 2770 1101 2828 pto
1135 2748 1281 2823 oppidum
1307 2750 1562 2830 depopulantur3
1587 2750 1692 2831 singtili
1725 2758 1758 2814 in
1779 2752 1905 2818 solidum

335 2853 426 2911 cato,
445 2831 482 2898 dc
499 2853 596 2899 onere
612 2832 818 2896 restitutionis
835 2835 990 2894 immunes<
1007 2827 1100 2894 sunt.
1136 2844 1283 2892 tenentur
1303 2852 1316 2906 ς
1336 2852 1409 2895 tum
1436 2854 1541 2895 omnes
1559 2849 1715 2908 tamquam
1744 2830 1819 2897 socii
1830 2879 1840 2911 ,
1855 2833 1906 2897 alil

335 2912 505 2990 Nequeunt
517 2933 597 2978 vero
610 2910 683 2976 iussit
698 2912 829 2989 ptaeliari
843 2959 855 2985 ,
869 2927 1026 2974 tormenta
1040 2910 1100 2973 bel·
1137 2929 1232 2970 tinam
1249 2928 1386 2988 partem,
1408 2912 1460 2974 alii
1478 2914 1607 2976 alteram
1627 2910 1861 2976 damnificantes
1875 2907 1908 2974 fi·

337 2992 397 3057 lica
413 2991 600 3073 explodere,
611 2993 763 3057 militaret
777 2990 938 3055 machinae
954 2990 1105 3071 guberna·
1137 2986 1204 3050 mul
1227 3009 1415 3054 concurrunt
1440 2992 1477 3056 ad
1501 2998 1620 3055 crimen
1648 2992 1835 3070 patrandum
1862 2989 1909 3057 da·

338 3092 389 3149 re,
407 3074 531 3151 navigia
546 3093 584 3136 eo
603 3073 694 3136 modo
713 3070 917 3147 constituere,
937 3091 973 3134 ut
993 3072 1102 3133 melina
1137 3088 1304 3143 mnumque
1318 3067 1528 3148 mittendum,-¹
1546 3072 1624 3135 unde
1635 3097 1646 3148 ,-
1667 3092 1775 3135 omnes
1797 3091 1910 3137 utcon-

335 3149 459 3228 toofligi
476 3170 584 3226 queat.
606 3152 688 3213 Nam
712 3149 803 3215 sicuti
819 3149 931 3213 bellum
956 3166 1106 3226 exparte
1136 3146 1246 3209 caussae
1272 3148 1346 3210 talis·
1363 3151 1483 3215 iniuslae
1505 3151 1627 3216 astionis
1648 3155 1679 3213 in
1701 3151 1832 3215 solidum
1848 3151 1914 3215 illa·-

335 3229 504 3292 itifidelium
538 3229 586 3294 ess·
612 3228 783 3304 iniustum,
816 3228 1036 3293 siciniusium
1060 3227 1105 3291 esl
1143 3242 1210 3288 tum
1228 3226 1371 3290 damnum
1387 3231 1581 3309 compensate
1598 3226 1909 3307 tenenturptametfi

336 3329 460 3386 quoque
477 3313 520 3374 eis
535 3311 695 3388 cooperati
711 3313 749 3371 itt.
764 3310 820 3372 tali
841 3307 930 3373 bello
948 3309 1030 3385 quod
1048 3307 1104 3370 fie·
1138 3325 1190 3380 per
1219 3308 1434 3380 impotentiam
1459 3314 1562 3374 minus
1588 3331 1668 3374 uuus·
1686 3360 1696 3386 ‚
1714 3329 1808 3387 quam
1834 3312 1909 3373 alter

335 3407 389 3452 tet
404 3389 580 3469 pugnando,
597 3405 751 3453 tormenta
771 3387 878 3452 bellica
896 3388 1113 3466 explodendo‚.
1137 3384 1284 3449 damnum
1302 3388 1476 3453 intulerit?
1488 3391 1518 3453 Si
1541 3410 1645 3454 autem
1667 3391 1773 3466 pluteo
1791 3392 1917 3454 vinean-

337 3468 397 3532 alia
421 3488 465 3532 ue·
490 3469 664 3544 sopradisla·
687 3467 827 3545 agendo.
867 3469 977 3545 Neque
1009 3464 1104 3531 refert
1138 3464 1379 3542 expolient‚sed
1397 3473 1664 3534 nondetommuni
1686 3463 1917 3534 mutuoconsr·

336 3491 423 3624 qnod·
437 3551 574 3613 motatio
588 3555 789 3615 intentetur..
804 3546 890 3611 Nam
904 3547 1105 3612 debentmor·
1139 3544 1182 3608 lio
1193 3593 1208 3623 ,
1219 3561 1293 3608 tunc
1312 3549 1600 3627 attendendumtll'‚
1612 3548 1828 3625 numquiliBet
1839 3543 1926 3624 ἐρίφ-

335 3645 400 3691 tem
417 3631 525 3707 potiue·
539 3628 653 3705 subite,
677 3650 766 3704 quam
795 3630 831 3692 ad
853 3628 999 3692 iniuslam
1014 3626 1103 3690 chri·
1140 3645 1214 3689 rum-
1236 3624 1352 3690 viderit
1375 3630 1455 3693 alios
1480 3632 1600 3693 multos·
1623 3630 1762 3708 singulm
1779 3625 1909 3707 singtilat

335 3705 504 3772 titanorum
536 3713 698 3786 perniciem
725 3708 841 3772 Turris·
867 3709 1078 3785 obtemperate
1095 3750 1111 3764 .·
1140 3724 1246 3782 partes.
1262 3710 1401 3784 accipere
1418 3759 1430 3786 ,
1449 3711 1485 3774 ἀ
1504 3708 1544 3773 fic
1568 3730 1711 3788 magnum
1739 3705 1919 3771 secuturum

335 3786 512 3865 Numquam
548 3792 632 3853 enlm
653 3791 730 3852 licet
754 3809 852 3865 opem
869 3789 1020 3864 praeslate·
1051 3785 1111 3849 ni·-
1138 3785 1301 3861 damnum,
1319 3793 1388 3862 quia
1407 3809 1484 3854 tunc
1503 3789 1607 3868 singuli
1628 3785 1912 3852 mortalitetdelin·

335 3887 424 3940 quem
438 3871 632 3945 opprimere,
652 3869 703 3930 vel
718 3866 858 3932 occidere
880 3870 1016 3932 volenti.
1036 3865 1105 3928 Un·
1139 3884 1255 3942 quunt,
1278 3865 1312 3932 dt
1345 3868 1399 3932 sub
1415 3873 1507 3947 gravi·
1521 3868 1565 3932 sin
1586 3870 1636 3934 uli*
1650 3884 1809 3931 tenentur·
1827 3862 1916 3947 tells·

336 3946 374 4006 de
399 3943 420 4007 li
442 3946 578 4012 latrones
603 3950 750 4014 volentes>
773 3949 911 4023 aliquem.
927 3947 1113 4011 interficere·
1140 3965 1226 4011 tuere
1240 3943 1460 4025 suam-partem.
1473 3893 1591 4013 tametb
1612 3947 1706 4011 suerit
1728 3949 1865 4027 exigua.
1880 3940 1917 4009 &1

335 4045 375 4087 ae
394 4027 426 4087 in
447 4027 598 4090 auxilium
617 4030 697 4091 duos·
710 4044 770 4091 aut·
783 4046 845 4091 tttt
866 4047 1105 4092 vocarentmor·
1140 4029 1222 4090 tatio
1245 4027 1293 4090 esl
1319 4032 1388 4103 quia
1419 4027 1625 4106 unusquisque·
1642 4027 1919 4104 uidentmagnum

338 4122 412 4167 tem·
431 4109 481 4167 eit
503 4109 703 4183 minitando,
734 4107 753 4168 li
786 4111 901 4171 venire·
920 4123 1113 4183 renuerent,-
1138 4107 1283 4171 damnum
1312 4107 1495 4171 secuturum·
1508 4154 1527 4189 ,.
1545 4109 1711 4172 tenebatur·
1737 4099 1915 4171 adunald·-

334 4203 398 4246 non
420 4183 526 4249 liceret
545 4189 593 4249 eie
611 4187 681 4250 tale<
708 4187 859 4251 auxilium
879 4187 1020 4264 praebere
1039 4189 1266 4252 non-tatione
1297 4186 1571 4262 qualicumquese
1609 4185 1789 4270 abllinete.
1821 4187 1916 4249 Licet‘

335 4261 433 4326 solum
450 4265 671 4342 percutiendo,
692 4265 817 4331 sednee
835 4269 926 4332 aliter
942 4269 1078 4333 iuvando
1092 4289 1113 4342 ;.
1139 4270 1228 4331 enim
1251 4263 1362 4345 singuli-
1390 4289 1456 4330 nott
1472 4265 1534 4333 line
1559 4271 1667 4332 cautla
1690 4265 1821 4330 astionis
1847 4262 1916 4325 illo··

334 4343 418 4406 unde
443 4362 500 4406 uec
522 4343 706 4408 Christianis
732 4346 812 4413 licet*
836 4368 965 4427 pugnare
996 4366 1104 4415 tonna
1140 4368 1209 4410 rum
1221 4344 1377 4423 ,scienter
1398 4366 1511 4411 tamen
1534 4364 1743 4424 cooperantur¹
1763 4346 1807 4408 ad
1825 4358 1913 4406 nota·

334 4419 524 4486 Christianos
550 4429 581 4486 in
601 4424 682 4488 bello
707 4424 879 4491 Turearum
891 4470 910 4490 ..
923 4429 1038 4504 Neque
1051 4447 1105 4502 par
1139 4426 1232 4491 bilem
1253 4430 1387 4504 proximi
1419 4426 1572 4491 laesionem
1600 4425 1650 4490 sua
1679 4417 1918 4498 propriando

334 4505 411 4564 riter
439 4506 483 4564 eis
505 4501 770 4581 liceretsurripere
791 4507 824 4571 dt
837 4507 983 4584 praedari,
1000 4509 1104 4572 velin-
1130 4526 1199 4570 ne.
1222 4502 1297 4569 l'taS
1321 4508 1400 4570 lvlus
1420 4530 1490 4571 cum
1505 4509 1652 4581 Mediana,
1674 4496 1917 4577 Nauarum-Co·

335 4579 444 4643 cendio
473 4581 549 4646 bona
583 4583 830 4649 Clttislianorum:
842 4587 1037 4665 consumere,
1059 4605 1110 4650 ta-
1139 4604 1252 4652 vatter.
1320 4603 1322 4606 ·
1347 4588 1491 4649 είὲῐε..8ἱ-
1516 4606 1621 4652 autem
1651 4584 1760 4664 singuli
1781 4601 1920 4668 eorum..

332 4660 422 4724 mersa
443 4662 776 4735 compellanturmern·
790 4671 896 4731 mortis
909 4670 1105 4745 ,aleugrapis
1125 4669 1189 4740 ¹qui
1211 4665 1323 4742 aliquid
1341 4671 1629 4747 exiguum-capiunt
1657 4685 1705 4729 ete·
1732 4620 1920 4751 vitrea-nihlb

334 4739 465 4820 laefionit
482 4787 490 4801 .
514 4743 562 4805 Sit
591 4743 720 4826 Sylvius
735 4765 804 4809 cum
827 4747 1009 4813 Turtiano..
1022 4747 1107 4827 Qia
1130 4743 1291 4826 sciantde
1320 4746 1419 4810 altero
1436 4797 1453 4824 ‚.
1468 4767 1541 4811 uon·
1554 4763 1681 4823 peccant
1699 4741 1891 4808 mortaliter.
1905 4782 1921 4813 ,

335 4817 452 4914 ditasse·
469 4822 594 4899 praedari
617 4826 859 4889 autinte'ndcte
875 4829 1007 4892 aliorum
1027 4827 1107 4915 botta⁴
1127 4845 1197 4903 :nee
1219 4823 1488 4893 st-matetialevia·
1501 4823 1550 4890 est
1564 4844 1719 4891 tenentur
1739 4823 1782 4886 ad*
1795 4817 1918 4911 restitut·

335 4899 481 4964 miuslom
497 4899 609 4979 eslf&
629 4906 988 4986 contra-'legtmnatutae
1005 4956 1015 4987 ,
1039 4907 1107 4971 ideo
1130 4907 1280 4983 ›tionem3
1301 4910 1380 4982 quia·
1394 4928 1499 4984 neque
1512 4906 1644 4970 scienter.-
1655 4921 1866 4979 cooperantur
1879 4895 1918 4961 ad

340 4979 428 5046 atillo
445 4999 532 5045 metu
551 4983 608 5047 hoc
629 4983 896 5066 exterieri-potest.
1134 5004 1238 5064 'grave
1259 4989 1411 5049 'damnum
1476 4984 1537 5049 lita
1568 4982 1741 5049 secuturum
1770 5031 1779 5059 ,
1816 4995 1918 5055 neqte'

376 5059 551 5127 Cireavem
568 5069 921 5133 excommunicationem
930 5067 1028 5134 Bulla
1037 5068 1115 5134 θα·
1141 5065 1242 5132 caussa
1266 5065 1336 5131 sunt
1356 5068 1400 5131 ini
1449 5085 1476 5132 ae
1501 5067 1688 5145 acceptionis
1710 5068 1754 5129 rei
1776 5063 1887 5154 alienae
1902 5099 1917 5119 .

1836 5160 1888 5205 ut·
