4425 6000
463 520 540 598 286
703 518 1674 595 Tracr.oeC0rraiiacr‘.Car.XVlll.

415 621 461 687 ita
476 616 630 699 suppletur
645 637 697 696 per
712 617 840 684 Notarii
865 616 1118 694 inslrumentum,
1138 636 1176 684 ut
1229 617 1262 681 rii
1280 619 1391 697 restem.
1412 634 1459 707 ιοτ
1470 616 1507 697 ffi
1530 615 1582 695 qur·
1611 620 1778 698 testamenta
1797 618 1900 702 facere
1915 620 1973 705 pis·

414 699 534 767 nonsit
551 700 716 766 necessaria
732 700 796 765 alia·
811 696 974 762 insinuatio
992 699 1072 776 apu'd
1094 698 1177 764 ludi·
1206 641 1306 779 sarit,
1333 716 1430 772 neque
1450 716 1476 758 is
1495 704 1546 772 qui
1568 696 1611 760 esl
1629 701 1661 762 in
1677 701 1830 778 poteslate
1850 699 1970 768 tellam

415 801 510 858 cerri,
537 800 592 845 uec
614 801 666 856 per
681 779 738 844 hoe
761 782 854 844 cellar
870 776 929 841 esse
944 778 1177 845 Testamentum
1213 783 1276 854 ris,
1296 777 1348 840 vel
1368 775 1513 853 liaeredis,
1530 798 1565 841 ac
1583 776 1650 842 ideo
1669 798 1726 844 nec
1748 799 1837 858 pater
1848 784 1918 846 eius
1927 784 1970 859 qni

414 864 662 936 nuncupativum
679 882 689 937 ;
709 858 742 924 ὅ(
761 857 934 923 Canoriillae
958 859 1064 924 dicunt
1092 881 1181 923 com··
1213 879 1286 922 eum
1306 855 1398 921 habet
1420 858 1450 917 in
1472 855 1650 935 potestate,
1673 880 1770 937 neque
1792 857 1906 926 fratres
1924 867 1969 940 qui

415 943 549 1005 munitet
568 961 640 1004 cum
656 938 830 1004 Dodloribus
846 937 983 1003 validum
1007 936 1068 1003 else
1088 940 1178 1003 tesia·
1214 942 1245 1000 in
1265 933 1395 1000 eiusdem
1416 939 1510 1010 patria
1527 935 1676 1011 potest-ate
1697 938 1766 1026 l'urrt
1784 948 1811 1007 S·
1835 940 1868 1005 t'ir
1884 941 1971 1022 testib.

415 1038 555 1084 mentum
579 1022 842 1096 nuncupativum,
867 1017 890 1080 si
910 1018 1099 1097 tabellione,
1125 1020 1175 1083 vel
1213 1035 1242 1094 9.
1265 1016 1297 1079 ἀ
1316 1014 1404 1077 alibi.
1426 1017 1537 1105 Ceteri
1556 1034 1660 1079 autem
1678 1021 1896 1100 consanguinei
1917 1043 1972 1099 ,ac

415 1101 476 1164 alio
500 1104 610 1177 quovis
637 1102 847 1177 interrogante
874 1098 1053 1163 testatorem
1073 1119 1178 1162 coram
1215 1094 1320 1159 affines
1338 1093 1490 1185 tellatoris
1512 1143 1523 1174 ,
1543 1093 1591 1159 seu
1611 1094 1773 1178 haeredes,
1797 1121 1922 1167 necnon
1937 1100 1976 1170 sa·

415 1180 500 1242 aruis
518 1178 640 1243 testibus
658 1199 696 1241 an
722 1180 800 1242 velit
827 1178 920 1241 taleni
942 1178 1097 1254 personam
1115 1177 1178 1241 hae-
1214 1176 1312 1252 muli,
1329 1173 1496 1251 ollrciales,
1512 1174 1640 1238 minislri
1661 1199 1696 1242 ac
1717 1178 1876 1245 domeslici
1896 1184 1978 1259 ,imo

414 1260 521 1325 eedem
540 1257 718 1334 instituere,
737 1257 801 1332 iple
816 1261 862 1321 ita
884 1258 1016 1323 affirmet
1042 1278 1082 1322 ex
1105 1258 1179 1336 Leg.
1215 1256 1313 1332 plures
1333 1258 1430 1318 etiam
1453 1273 1494 1317 eir
1509 1254 1616 1318 eadem
1635 1255 1727 1342 dumo
1755 1260 1831 1324 licet
1854 1257 1977 1329 consau·

415 1336 547 1403 iubemus
567 1341 627 1402 cod.
657 1341 763 1421 testam.
790 1336 829 1401 Et
854 1335 1029 1403 Canonislae
1050 1340 1100 1414 qui
1123 1339 1179 1400 hoc
1215 1337 1343 1414 guinei,
1371 1331 1432 1397 dcc.
1455 1333 1578 1411 possunt
1594 1336 1653 1398 elle
1666 1338 1703 1401 ad
1724 1337 1752 1401 id
1773 1342 1839 1403 eius
1861 1339 1976 1420 telles,

416 1420 588 1482 admittunt
613 1436 740 1496 agentes
766 1415 853 1493 super
879 1436 1052 1495 caparrum
1074 1417 1127 1478 iili
1143 1418 1181 1480 de
1214 1419 1278 1479 imo
1305 1416 1401 1477 etiam
1423 1409 1535 1477 sratres
1553 1418 1613 1477 iam
1634 1420 1850 1497 emancipati,
1879 1420 1915 1486 dt
1932 1444 1975 1501 pa-

417 1499 525 1579 testam.
543 1497 656 1561 addunt
677 1496 759 1572 quod·
784 1497 854 1583 licet
877 1519 937 1560 nou
964 1498 1099 1561 declaret
1122 1496 1182 1560 hae·
1216 1513 1265 1559 ter
1287 1496 1319 1555 in
1336 1491 1522 1557 testamento
1539 1493 1594 1586 lilii
1612 1500 1795 1575 emancipati
1818 1547 1828 1574 ,
1855 1505 1978 1568 maritus

416 1577 536 1653 redem,
558 1596 654 1653 neque
682 1579 801 1656 legata,
821 1577 870 1639 sed
898 1578 1051 1642 duntaxat
1079 1597 1181 1641 coram
1217 1579 1248 1636 in
1267 1573 1452 1663 testamento
1470 1595 1572 1666 uxoris
1593 1622 1602 1650 ,
1627 1580 1704 1651 quia
1728 1582 1759 1639 in
1781 1579 1829 1643 bis
1842 1583 1978 1648 omnibus

417 1655 502 1720 ditiis
518 1655 643 1720 testibus
659 1656 844 1720 ostendendo
869 1653 1004 1721 schedam
1027 1657 1182 1734 declaret,
1216 1651 1309 1717 cessat
1329 1671 1411 1714 ratio
1431 1653 1522 1730 legis,
1540 1655 1700 1721 vinculum
1718 1655 1834 1722 scilicet
1851 1666 1978 1727 unitatis

416 1734 454 1801 at·
471 1735 654 1813 protestetur
676 1738 708 1799 in
730 1737 838 1800 eadem
853 1739 1005 1800 contineri
1024 1736 1108 1799 suum
1119 1736 1182 1799 Te·
1217 1755 1254 1796 ex
1277 1736 1377 1811 patria
1397 1730 1547 1807 potestate
1565 1738 1766 1809 proveniens:
1787 1759 1860 1802 nam
1873 1743 1924 1806 lert
1943 1763 1978 1807 ex

415 1816 625 1893 ilementum,
656 1810 812 1893 sufficiat,
844 1818 905 1878 imo
924 1820 1021 1880 etiam
1046 1817 1118 1879 saris
1145 1817 1182 1879 sit
1218 1814 1273 1899 hac
1294 1828 1380 1891 parte
1400 1830 1451 1874 eos
1470 1808 1660 1878 solummodo
1687 1817 1855 1898 excludit,
1882 1824 1979 1898 quiin

418 1897 499 1971 quod
516 1915 573 1959 nec
590 1894 727 1958 schedam
741 1895 925 1960 oslendendo
943 1895 972 1959 se
992 1914 1130 1973 reportet
1147 1896 1184 1960 ad
1218 1896 1283 1957 eius
1303 1888 1454 1970 potestate
1471 1890 1566 1966 (idell
1577 1892 1735 1984 haeredis)
1752 1895 1824 1960 sunt
1844 1948 1853 1976 ,
1874 1921 1979 1977 nempe

418 1973 563 2038 schedam
575 1973 789 2039 determinatae
807 1972 939 2052 persooae
956 1976 1184 2054 consignatam,
1218 1993 1291 2049 quos
1317 1971 1475 2034 vinculum
1504 1990 1613 2047 patria:
1637 1975 1800 2057 potestatis
1820 1982 1892 2042 unit
1913 2002 1979 2044 cuni

420 2075 455 2116 ac
468 2074 572 2117 coram
591 2052 674 2118 didlis
690 2053 819 2119 testibus
843 2054 1029 2132 protesletur
1048 2057 1184 2120 eamdem
1219 2051 1358 2125 haerede,
1377 2051 1428 2143 vel
1445 2048 1592 2115 testatore
1612 2100 1621 2129 ‚
1646 2051 1681 2118 dc
1701 2059 1732 2118 in
1748 2056 1809 2121 tali
1828 2054 1918 2124 sensu
1933 2061 1981 2124 leit

419 2131 507 2197 suuni
522 2137 683 2198 continere
698 2135 936 2213 tellamerrtum3
956 2136 1003 2198 sed
1020 2139 1100 2200 circa
1119 2137 1183 2200 liaec
1219 2132 1386 2197 excludens
1400 2132 1597 2209 intelligenda
1616 2132 1678 2196 ell.

419 2216 524 2276 omnia
539 2211 675 2298 llaridiim
691 2213 735 2278 est
752 2214 926 2294 approbatis
942 2218 1100 2292 regionum
1108 2237 1183 2280 con·
1257 2208 1394 2276 Tatrretsi
1416 2212 1454 2275 de
1474 2214 1572 2298 rigore
1584 2211 1662 2277 luris
1678 2217 1817 2280 canonici
1827 2217 1983 2284 liciteoon
1997 2209 2038 2259 0¹⁰

358 2363 366 2379 .
420 2291 651 2358 suetudinibust
1220 2289 1332 2370 poffint
1351 2307 1441 2354 extra
1462 2294 1567 2356 calum·
1592 2291 1777 2358 necessitatis
1805 2299 1869 2362 elle
1898 2295 1986 2363 cesses
1999 2287 2038 2385 ³⁸}

278 2364 380 2421 ⁶⁰⁸⁴st
458 2373 540 2436 Hinc
568 2375 649 2438 cirta
678 2371 891 2441 solemnitates
916 2397 934 2439 a
962 2377 1076 2439 lurein
1094 2374 1185 2440 tella·
1220 2377 1253 2434 in
1274 2369 1464 2435 testamentis
1483 2419 1491 2448 ‚
1511 2369 1548 2435 &
1566 2370 1772 2438 instrumentis
1794 2374 1983 2443 saetuhribus
2013 2398 2038 2451 ‘il

278 2443 380 2553 remi.
418 2455 532 2515 mentis
552 2471 608 2528 pro
629 2473 734 2535 eorum
755 2455 919 2520 validitate
944 2454 1098 2543 requisitis·
1110 2476 1183 2520 eon·
1220 2446 1514 2543 faciendis,·aliisve
1529 2449 1655 2544 caussis,
1674 2451 1708 2517 ἃ
1724 2454 1982 2522 contraflibusri·
1996 2417 2032 2516 sa

278 2561 405 2608 mm,
418 2531 472 2594 suli
494 2529 627 2609 debent,
645 2530 818 2599 &attendi
840 2535 919 2614 leges
936 2583 949 2614 ,.
966 2556 1002 2599 ac
1023 2540 1185 2600 consuetu·
1221 2532 1335 2596 vilibus
1355 2530 1501 2621 laieorum
1519 2531 1630 2594 Clerici
1647 2529 1709 2596 stne
1730 2532 1871 2613 Episcopi
1894 2539 1983 2601 licen·
1996 2526 2038 2592 Μ

277 2619 405 2694 ιοιεωις.
421 2613 507 2675 dines
522 2612 681 2675 locorums
697 2612 815 2678 Verum
833 2615 882 2678 ubi
900 2618 1004 2693 viget,
1023 2613 1075 2680 seu
1089 2612 1185 2679 obser·
1221 2613 1264 2675 tia
1283 2659 1291 2688 ,
1316 2612 1456 2701 Religioli
1474 2614 1525 2674 leu
1545 2610 1689 2675 Monachi
1707 2610 1769 2677 sine
1794 2615 1987 2703 ⁸penuiffrnue
2001 2607 2038 2706 ‘m

278 2677 515 2755 '‘wbvatur
534 2692 579 2753 ius
601 2692 807 2772 Romanum,
828 2693 904 2758 idest
921 2695 1093 2763 Caesareum
1112 2744 1120 2770 ,
1148 2694 1185 2758 ad
1222 2692 1341 2777 litorum
1351 2690 1567 2783 superiorum,
1583 2694 1654 2784 <ruia
1667 2695 1771 2781 clerici
1783 2695 1910 2761 subsunt
1920 2690 1986 2772 Epi·
1999 2718 2037 2772 rii.

420 2772 558 2836 valorem
584 2771 761 2838 reslameuti
788 2775 927 2840 solemnis
955 2777 1057 2853 scripti
1073 2793 1103 2851 r.
1136 2795 1184 2841 rer
1222 2768 1529 2848 emmerammus
1550 2771 1690 2849 Religioli
1711 2772 1986 2840 lenMoiiaeliisuo

418 2851 577 2928 quiritur,
607 2871 643 2916 ut
671 2855 736 2916 iarn
754 2872 846 2918 antea
874 2861 1051 2922 notavimus
1075 2906 1083 2933 ,
1107 2854 1184 2931 quod
1210 2853 1382 2926 'Praelato,
1401 2851 1597 2941 uilulomr'nus
1618 2852 1805 2916 validumeir
1822 2872 1983 2920 eortimte·
2020 2921 2022 2925 .

417 2929 566 2998 claris&
581 2931 723 3009 expressis
745 2935 844 2998 verbis
860 2935 1037 3003 iuilituatur
1060 2936 1156 3001 haeres
1178 2981 1186 3012 ‚
1221 2932 1394 2995 stimonium
1419 2974 1435 3007 ‚·
1450 2928 1568 2994 etiamsi
1589 2929 1657 2994 sine·
1673 2933 1826 3008 licentia,
1853 2934 1888 3002 ἀ
1911 2956 1985 3013 prz-
2029 2956 2032 2962 '

417 3010 554 3076 eiusdem
570 3032 681 3085 nomen
701 3011 848 3079 scribatur
858 3022 979 3093 propria
996 3037 1091 3081 manu
1108 3035 1184 3080 ate·
1223 3012 1333 3089 scripto
1346 3013 1539 3087 Superiorrnn
1561 3009 1691 3100 teslcsin
1702 3012 1985 3095 supradidllsagant,

417 3087 550 3168 slatore,
570 3094 990 3167 qiiaeiniiirutioireceuaria
1009 3097 1053 3161 eh
1074 3097 1111 3160 ad
1129 3116 1184 3159 va·
1223 3091 1321 3158 Abbas
1352 3097 1383 3154 in
1400 3113 1466 3167 cap.
1497 3112 1565 3154 cuin
1596 3112 1721 3155 nunrrur
1740 3116 1822 3158 num.
1842 3106 1868 3174 3'.
1899 3094 1988 3175 (9¹4-

420 3163 518 3233 sorem
538 3170 751 3250 cuiuscumque
768 3171 942 3239 restaurati
958 3219 972 3255 ,-
985 3176 1104 3242 tametsi
1127 3177 1184 3251 pri·
1221 3174 1330 3248 aliique
1346 3191 1381 3235 ut
1402 3171 1596 3236 Farinaecius
1606 3218 1615 3249 ,
1632 3174 1771 3237 Lezzana
1787 3176 1987 3252 ‚quialieen-

420 3251 584 3329 vilegiati.-
613 3267 640 3312 a.
659 3250 704 3316 Ut
722 3251 758 3316 sit
780 3257 811 3315 iu
832 3253 1012 3333 scripturam
1032 3254 1184 3320 redaslum
1221 3255 1269 3319 tia·
1284 3253 1457 3329 Superioris
1469 3248 1511 3314 esl
1528 3251 1601 3328 quid
1623 3256 1814 3316 accidentale
1832 3303 1841 3331 ,
1858 3275 1921 3320 non
1938 3275 1992 3319 ari*

419 3329 472 3394 vel
486 3349 579 3394 manu
595 3328 690 3416 ipsius·
704 3332 884 3412 tellatoris,
913 3337 964 3399 vel
994 3357 1087 3401 manu
1108 3335 1185 3399 alte·
1222 3350 1286 3397 tem
1303 3330 1339 3396 de
1364 3329 1527 3396 substantia
1549 3330 1632 3397 adius
1661 3332 1856 3413 tellunouii,
1884 3354 1943 3415 cap.
1961 3354 1985 3398 1·

417 3414 481 3493 rius
501 3411 538 3472 de
553 3410 694 3489 expresso
712 3417 779 3476 eius
799 3416 969 3494 mandato,
998 3419 1049 3480 cui
1079 3428 1183 3481 tameo
1220 3414 1258 3479 dt
1277 3412 1365 3492 testis.
1388 3430 1454 3476 tuni
1482 3414 1553 3488 quia
1578 3411 1676 3477 multa
1697 3415 1993 3491 fieriprohiberitutr

417 3486 508 3553 debet
531 3488 658 3555 cessator
678 3496 800 3571 propria
820 3514 914 3558 manu
938 3492 1121 3561 subscribere
1132 3515 1183 3560 co·
1220 3493 1329 3573 quaesr
1357 3490 1438 3557 sassa
1453 3488 1568 3556 suerint
1597 3493 1711 3558 roboris
1736 3495 1920 3559 firmitatem
1934 3492 1985 3559 ob·

417 3588 484 3637 ram
505 3567 646 3657 tellibus,
669 3572 720 3638 vel
741 3571 884 3638 oslavutri
906 3575 1185 3653 teslemadhrbere,
1221 3580 1346 3650 tinent,
1361 3595 1426 3652 cap·
1448 3573 1490 3638 ad
1506 3574 1701 3653 Apostolum
1721 3575 1760 3637 de
1776 3571 1989 3655 Regularr'birr,

436 3650 472 3710 ui·
488 3648 560 3714 loco
578 3650 613 3715 dc
639 3654 874 3729 nomineipfiui
894 3654 1082 3736 subscribat,
1111 3661 1181 3734 Leg.
1223 3672 1291 3718 tum
1315 3657 1389 3730 quia-
1409 3653 1517 3717 nullibi
1547 3660 1724 3732 reperitur,
1753 3656 1818 3721 tale
1850 3654 1990 3720 testimo*

455 3750 506 3804 pra
530 3734 583 3795 cit.
607 3730 735 3797 haccod
756 3735 879 3798 eodem.
915 3737 989 3801 Non
1017 3740 1185 3816 requiritur
1222 3739 1306 3799 nium
1327 3733 1643 3798 irritrun·declararr'.·
1698 3756 1707 3768 ··

419 3823 524 3875 tamen
551 3810 633 3887 quod
656 3810 783 3878 testator
811 3812 955 3894 scriptum
980 3818 1115 3896 perlegat
1137 3836 1184 3881 te·
1211 3819 1214 3825 ’
1260 3814 1308 3879 Ad
1324 3814 1464 3878 valorem
1484 3811 1743 3879 veroteslanienti
1759 3813 1902 3880 solemnis
1912 3833 1987 3879 niro·

446 3907 632 3975 amentum,
653 3893 705 3955 vel
724 3911 864 3957 tenorem
881 3894 962 3960 illius
984 3894 1185 3970 nraniseslec,
1221 3897 1544 3972 cupativirequirltur
1569 3943 1578 3971 ,
1601 3899 1721 3960 utiam
1747 3915 1840 3960 antea
1864 3896 1993 3961 notavi*

418 3964 470 4030 sed
487 3973 559 4033 laris
575 3970 644 4049 esi,
669 3973 748 4049 quod
769 3971 949 4052 scripturam
970 3975 1104 4041 clausam
1130 3991 1184 4039 aut
1222 3996 1316 4052 mus,
1345 3973 1428 4051 quod
1447 3972 1578 4040 rellator
1604 3995 1708 4039 coram
1733 3973 1849 4053 septem
1867 3973 1989 4040 testibus

419 4048 622 4125 convolutam
641 4051 780 4117 ostendat
798 4053 923 4119 teslibus
943 4056 1115 4121 diceudoin
1128 4055 1185 4137 ,illa
1221 4058 1355 4133 rogatis,
1376 4054 1514 4130 idoneis,
1534 4051 1609 4116 idest
1625 4077 1696 4120 curn
1717 4055 1821 4119 iisdem
1841 4052 1986 4136 requisitis

419 4122 504 4190 flium
525 4125 744 4195 teslamentitm
754 4137 928 4211 contineri,
944 4139 997 4200 eit.
1015 4137 1097 4216 Lege
1112 4136 1183 4200 bar.
1222 4157 1258 4200 ac
1277 4137 1311 4196 in
1330 4133 1531 4198 Testamento
1539 4130 1664 4198 solemni
1684 4134 1821 4214 scripto,
1836 4133 1990 4200 simulatio

410 4222 449 4284 3.
468 4206 650 4283 Requirirur
668 4229 704 4275 ut
723 4213 924 4279 adhibeantur
944 4212 1059 4293 septem
1074 4215 1183 4290 telles,
1222 4215 1387 4291 eodemque
1407 4230 1552 4295 tempore*
1561 4216 1704 4294 ultimam
1733 4216 1818 4280 luam
1843 4217 1989 4281 volunta·

419 4289 469 4362 qui
486 4286 572 4350 simul
593 4289 650 4352 sint
668 4293 830 4367 praesentes
848 4299 968 4375 rogati,
986 4294 1187 4372 seu'invieari,
1225 4315 1287 4360 rem
1309 4313 1375 4358 carri
1397 4298 1479 4362 circa
1500 4294 1626 4359 haeredi’s
1651 4296 1879 4360 institutionem
1902 4313 1995 4373 quam·

419 4362 562 4445 masculi,
578 4371 700 4446 puberes
721 4414 735 4451 ,·
751 4375 853 4440 idonei
872 4420 888 4454 ,
908 4375 967 4441 hoc
988 4376 1030 4439 est
1052 4393 1113 4441 non
1135 4397 1187 4439 eir·
1222 4379 1303 4440 circa
1333 4375 1444 4457 legata
1467 4376 1569 4455 palam
1594 4381 1805 4455 pronunciet,
1832 4374 1886 4439 seu
1913 4369 1990 4438 suffi-

418 4445 584 4512 cludantur
607 4454 729 4532 aiure,
749 4473 785 4518 ut
805 4457 874 4520 sunt
896 4453 998 4522 suriosi
1019 4506 1029 4536 ‚
1048 4456 1185 4522 damnati
1222 4458 1344 4520 cienter·
1370 4458 1528 4535 explicet,
1558 4473 1593 4519 iit
1625 4458 1755 4534 intelligi
1788 4454 1905 4534 poll'it.
1944 4452 1992 4516 lta

419 4524 459 4587 ob
478 4526 598 4602 aliquod
620 4535 757 4610 crimen„
778 4539 857 4601 muti
867 4585 882 4614 ,.
893 4536 970 4618 surdi
984 4586 998 4617 ,.
1013 4537 1131 4614 adquos
1142 4556 1188 4600 re·
1223 4541 1430 4602 communiter
1445 4559 1484 4601 ex
1505 4544 1533 4602 §-
1552 4535 1609 4615 sed
1623 4536 1685 4600 haer
1706 4535 1800 4617 instit.
1826 4537 1863 4600 de
1882 4536 1989 4615 testam·

420 4603 576 4671 ducuntur
592 4614 688 4676 etiam
704 4618 798 4692 caeci,
819 4620 886 4692 qui,
907 4617 986 4682 sicut
1003 4621 1186 4694 requiritur,
1222 4615 1378 4683 ordirrarrd.
1399 4616 1488 4681 Unde
1509 4618 1629 4680 coullat
1643 4614 1990 4695 pauciorersoleirinita·

421 4683 640 4753 testamentum
662 4692 766 4756 videre
787 4715 848 4759 non
869 4700 1010 4775 possunt.
1028 4699 1187 4763 Hosenim
1224 4714 1270 4762 tes
1291 4702 1407 4775 requiri·
1426 4699 1463 4761 ad
1487 4696 1709 4762 testamentum
1726 4704 1990 4789 nuncupativum,

419 4786 527 4850 omues
546 4770 687 4837 excludit
704 4775 749 4836 ius
772 4779 933 4853 egerenda
952 4782 1025 4843 vice·
1038 4779 1122 4843 tellis
1139 4794 1187 4842 te·
1223 4800 1313 4855 quam
1334 4781 1370 4843 ad
1392 4776 1611 4844 testamentum
1627 4779 1796 4854 scriptums
1816 4776 1930 4842 idcirco
1944 4793 1990 4837 iu·

420 4846 637 4929 slameutari'r,
667 4856 721 4917 cit.
741 4855 810 4935 Leg.
833 4863 898 4924 Hac
925 4860 986 4925 cod.
1006 4856 1067 4924 codss
1096 4857 1141 4925 (T
1160 4863 1185 4921 9.
1225 4879 1272 4924 ter
1288 4858 1318 4924 se
1333 4858 1483 4923 differunt
1501 4874 1528 4922 ι’.
1546 4859 1665 4935 quodin
1683 4856 1990 4929 testamentoscripto

420 4928 502 5008 tester
515 4942 630 4995 autem.
661 4932 748 4997 Item·
770 4957 840 5001 cuin
861 4939 952 5004 telles
978 4938 1111 5006 debeant
1127 4938 1187 5003 esl‘e
1223 4958 1260 5005 ut
1290 4940 1456 5017 plurimum
1479 4940 1600 5004 celatur
1622 4937 1735 5002 ultima
1760 4938 1920 5003 tellatoris
1938 4950 1988 4997 ro·

288 5040 294 5048 ·
396 5021 504 5073 rerrata
528 5030 656 5075 ornnem
667 5009 890 5096 suspicionem,
918 5037 980 5083 non
1006 5019 1108 5096 potest
1125 5022 1187 5085 elle
1225 5019 1398 5097 luntas,&
1416 5012 1988 5094 intermittimus,quantuscum-

423 5084 507 5151 tellis
523 5091 555 5154 in
572 5090 763 5159 testamento
785 5096 888 5162 haeres·
902 5096 1080 5178 iudicetur,
1113 5105 1186 5181 Leg-
1214 5101 1262 5173 ‚da
1272 5096 1340 5166 sunt
1350 5103 1382 5164 in
1394 5099 1579 5167 taliamento
1589 5098 1827 5176 nuncupativo,
1845 5113 1883 5161 iit
1896 5093 1992 5158 sciant

1909 5191 1953 5237 te·
