4425 6000
585 467 1144 546 Tironiirinsmi
1174 461 1510 540 lui.Cai.11.
1732 493 1778 562 17

262 597 337 647 miii
355 573 585 653 quantitatem,
604 592 670 650 quae
693 567 844 633 sufficeret
864 566 954 629 alteri
980 585 1050 627 eie·
1068 561 1287 642 patrefamilias
1306 567 1472 644 recipiant,
1493 570 1595 632 itaut
1618 565 1640 630 fi
1672 569 1725 634 ille
1755 570 1830 637 deli·

265 677 412 730 craneo,
439 678 509 722 cum
533 650 747 733 paterfamilias
776 667 839 711 non
864 645 1031 709 credendus
1063 647 1150 724 ciat,
1165 643 1259 721 potesi
1280 644 1330 708 libi
1353 642 1469 710 sumere
1486 665 1553 723 quae
1570 649 1599 710 ei
1621 697 1629 727 ,
1648 648 1683 716 ἅ
1704 648 1830 717 familia:

262 738 306 804 sit
327 735 497 815 pmdenter
519 737 636 799 invitus
660 725 794 804 reipcttu
815 726 950 790 liliorum
968 771 977 801 ,
996 723 1031 790 dc
1066 747 1142 802 opus
1158 725 1227 789 sunt
1245 725 1280 786 ad
1299 723 1431 799 sisium,
1448 724 1655 791 devestitum.
1677 731 1707 793 si
1723 746 1828 796 tamen

266 820 394 894 uxoris,
413 815 501 881 sicuti
524 809 658 890 reipetiu
677 826 918 872 extraneorum.
945 799 1031 866 infit·
1067 804 1177 892 veleb
1196 807 1299 868 mariti
1320 807 1513 883 amentiam,
1539 806 1589 870 vei
1615 809 1739 888 longam
1759 812 1828 876 eius

264 918 323 979 per
342 897 495 976 pensanda
512 892 580 958 sunt
600 889 729 966 qualitas
751 890 791 949 rei
813 903 972 963 acceptat,
994 882 1015 945 fi
1067 884 1236 947 absentiam
1252 901 1357 970 teneat
1374 875 1415 948 rei
1436 883 1607 950 domesticae
1640 887 1828 956 adminillra-

265 981 317 1043 nis
354 976 538 1054 accipiendi,
565 971 712 1036 videlicet
730 987 804 1029 nuni
833 969 869 1029 ad
896 967 1032 1043 proprios
1066 967 1217 1042 tionem,
1247 983 1321 1029 tunc
1345 965 1515 1039 expendere
1542 970 1656 1043 poterit
1687 986 1777 1046 prout
1795 973 1828 1034 ei

266 1055 355 1137 usus,
373 1072 427 1120 aut
448 1055 486 1119 ad
503 1051 636 1117 daiiduni
660 1047 755 1123 aliis,
788 1067 827 1110 an
851 1042 1031 1122 confangiii·
1066 1044 1346 1121 meliusprudenria
1367 1043 1560 1124 suggesserit,
1576 1048 1824 1130 quandocumque

264 1139 353 1214 ateis,
375 1156 414 1198 an
435 1136 614 1207 extraneis,
629 1128 787 1201 conditio,
806 1122 840 1190 dc
856 1125 952 1190 slatus
969 1142 1032 1184 ma·
1066 1141 1208 1188 occurrat
1222 1123 1355 1187 occasio.

265 1219 340 1294 riti,
359 1236 399 1279 an
424 1214 529 1276 divitis
555 1209 669 1275 scilieet
691 1256 699 1283 ,
722 1207 774 1272 vel
806 1209 944 1283 pauperis
964 1250 973 1280 ,
990 1222 1031 1264 an
1107 1203 1199 1279 Quod
1218 1200 1242 1292 fi
1259 1205 1336 1267 sorie
1351 1207 1513 1285 contingat
1529 1207 1673 1271 maritum
1690 1207 1765 1276 adeo
1779 1227 1828 1278 te·

264 1296 430 1360 mediocris
449 1290 603 1367 fortunae,
623 1286 714 1368 ipsius
736 1284 830 1349 siatiis
848 1306 886 1348 aii
914 1281 1032 1370 nobilis,
1067 1300 1174 1348 narem
1189 1285 1269 1360 elle,
1286 1302 1320 1347 ut
1336 1285 1472 1359 expresse
1493 1285 1656 1351 interdicat
1678 1294 1767 1355 uxori
1788 1312 1823 1356 o·

271 1395 313 1442 an
331 1377 531 1449 mercatoris,
548 1373 599 1436 vel
629 1365 783 1442 artificis,
813 1369 932 1430 animus
956 1361 1032 1426 eius·
1067 1381 1169 1425 mnem
1190 1366 1310 1440 procliis
1327 1360 1447 1426 fiioriim
1467 1363 1616 1430 bonorum
1637 1368 1828 1439 administra·

262 1457 341 1519 dem
356 1471 396 1519 an
409 1453 563 1527 liberalis,
580 1471 619 1517 an
640 1467 752 1512 avarita
763 1493 772 1522 ,
785 1447 925 1509 eoiiditio
942 1439 1032 1505 fami·
1068 1446 1207 1522 tionem,
1222 1443 1310 1507 docet
1327 1443 1502 1509 Cuniliatiis
1524 1465 1594 1510 cum
1614 1446 1642 1509 S.
1667 1448 1828 1530 Raymun·

268 1535 344 1612 *liae,
364 1532 523 1596 anmuitic
550 1529 671 1595 filiabus
693 1525 877 1590 collocandis
906 1521 943 1585 sit
966 1541 1032 1611 per·
1068 1522 1351 1598 do,&Antnnino
1372 1523 1420 1586 lib.
1438 1543 1466 1588 2.
1484 1523 1532 1588 iii.
1564 1525 1602 1589 de
1621 1526 1721 1608 furtis
1749 1537 1775 1597 §.
1794 1547 1826 1610 9.

265 1632 419 1693 gravata,
436 1631 475 1676 an
492 1612 628 1689 pluribus
644 1606 715 1670 filiis
732 1607 828 1669 adhue
849 1603 982 1679 alendis,
998 1605 1032 1663 si·
1064 1604 1124 1667 hoc
1145 1613 1207 1668 ιιῡιι
1227 1601 1365 1667 obliante
1386 1607 1467 1680 polle
1488 1603 1575 1681 supra
1600 1607 1755 1673 recensitis
1775 1633 1831 1676 ca·

265 1713 310 1759 tie
330 1689 449 1770 frusto,
462 1689 497 1757 dc
514 1690 628 1768 aliquid
647 1685 728 1750 aliud
747 1682 875 1748 fortasse
899 1682 1031 1748 aniinad-
1068 1683 1143 1747 libus
1163 1682 1302 1748 debonis
1324 1687 1426 1748 mariti
1449 1683 1498 1746 libi
1517 1684 1633 1750 sumere
1650 1733 1658 1748 .
1683 1695 1766 1754 Uxor
1780 1694 1827 1757 ait

270 1775 357 1838 verti
376 1772 541 1848 oportebit,
552 1768 721 1848 priusquam
740 1767 820 1828 circa
843 1779 968 1840 accepta
994 1762 1032 1826 ab
1068 1763 1107 1826 ibi
1125 1763 1154 1824 S.
1175 1766 1325 1852 Antonin.
1348 1763 1411 1837 )de
1431 1759 1514 1827 rebus
1533 1766 1617 1843 viri,
1636 1768 1672 1831 de
1687 1768 1827 1847 paitcos.

272 1872 370 1918 uxore
385 1871 425 1915 ex
441 1850 526 1914 bouis
546 1851 651 1917 mariti
673 1847 811 1921 acceptio
836 1845 974 1908 mortalis
986 1846 1031 1926 iii·
1066 1865 1122 1922 iio,
1145 1843 1186 1910 (ἲ
1205 1844 1292 1918 aitis,
1314 1864 1380 1920 quae
1400 1843 1487 1921 bono,
1508 1842 1549 1911 (5
1568 1845 1716 1924 approbato
1744 1850 1826 1914 moda

264 1929 410 1995 dicetur.
430 1930 663 1994 Advertendum
683 1925 814 1989 ulteriiis
832 1943 960 1988 nitorem
981 1923 1014 1986 su
1061 1921 1156 2003 soleio
1173 1925 1216 2012 od
1234 1921 1445 2066 dtzpolitionem
1464 1928 1566 1987 uxoris
1577 1928 1728 2012 pertinere
1741 1977 1749 2004 ,
1762 1941 1827 2008 pot·

265 2009 466 2073 sientandam
484 2007 544 2072 esse
560 2031 576 2072 a
592 2011 703 2073 marito
719 2006 810 2068 iuxta
823 2006 1032 2069 conditionem
1066 2005 1130 2085 est,
1158 2015 1200 2070 Ψ
1227 2003 1262 2074 de
1281 2015 1309 2066 et
1322 2000 1421 2085 facere
1440 2005 1655 2087 eleemosynas,
1679 2009 1826 2073 moderate

276 2084 320 2150 soi
344 2087 440 2150 flatus
473 2107 546 2152 ciini
562 2089 629 2153 hoec
647 2088 685 2150 iii
706 2087 767 2148 viii
783 2084 890 2161 socia,
913 2105 948 2149 ac
976 2084 1029 2147 ad·
1066 2096 1163 2149 temen
1177 2081 1342 2163 secundum
1356 2084 1537 2162 facultatem
1558 2087 1644 2164 viri,
1668 2087 1710 2155 (7
1734 2088 1826 2152 moio-

265 2162 413 2230 eiiinillra
435 2135 579 2245 dmiiiae,
599 2187 660 2234 non
679 2161 795 2229 famula
814 2212 823 2241 ,
847 2183 903 2228 aut
918 2165 1030 2250 manci·
1066 2185 1148 2240 rem,
1168 2165 1222 2228 ors
1241 2163 1380 2227 minoren
1399 2165 1643 2243 multitudinem,
1670 2166 1712 2235 (9⁸
1730 2167 1826 2248 neces·

271 2247 386 2323 pium,
412 2246 487 2310 licet
512 2249 582 2317 viro
608 2246 829 2312 subordinate.
857 2244 976 2309 Idcirco
993 2262 1029 2305 ea
1059 2247 1180 2324 fitoteiti
1195 2261 1255 2322 peu
1275 2263 1376 2320 erum,
1401 2242 1436 2305 Φ
1455 2242 1537 2308 debet
1550 2246 1666 2325 semper
1682 2247 1739 2329 fili·
1758 2269 1828 2312 coit·

265 2322 424 2400 dispositio
442 2328 591 2401 competit
606 2330 694 2391 uxori
720 2320 807 2399 snper
829 2324 915 2388 bonis
941 2326 1030 2401 iiiii,
1057 2329 1182 2404 firmare
1198 2261 1398 2403 conscientiam
1413 2326 1491 2401 quod
1513 2347 1570 2389 iioii
1594 2326 1744 2469 dipsium
1760 2351 1825 2391 me·

266 2425 307 2468 ac
323 2399 446 2468 familiae
459 2451 468 2483 ,
483 2425 550 2481 quae
570 2410 695 2471 minime
715 2401 857 2481 famulis,
877 2402 912 2469 dc
931 2407 1030 2484 maior
1065 2406 1124 2469 rito
1140 2406 1172 2467 i'ii
1189 2405 1288 2478 corde,
1308 2402 1375 2467 licet
1395 2403 1551 2483 aliquando
1564 2424 1616 2484 pro
1637 2407 1744 2473 ibuerit
1762 2430 1821 2486 ore,

267 2503 364 2560 quarn
382 2481 472 2547 liliis.
1064 2483 1130 2554 &a
1148 2485 1280 2561 Qiando
1296 2501 1399 2547 tamen
1415 2487 1546 2550 maritus
1564 2490 1718 2567 expresse,
1737 2488 1826 2553 dese·

309 2561 367 2626 Sed
383 2558 466 2628 sadiia
483 2562 527 2627 his
557 2566 655 2633 etiam
680 2561 877 2645 prudentibus
894 2563 1029 2629 confide·
1067 2570 1113 2629 rio
1132 2565 1161 2627 id
1187 2577 1292 2641 vetet,
1319 2569 1445 2627 omnino
1463 2561 1614 2630 abstinere
1633 2567 1723 2634 debet
1746 2589 1826 2634 uxor

269 2641 442 2707 rationibus
470 2643 567 2710 adhuc
591 2666 679 2712 certa
699 2643 804 2722 regola
829 2644 945 2709 firmari
979 2664 1028 2722 qe·
1066 2666 1083 2708 a
1105 2643 1276 2720 sopradidiis
1299 2641 1568 2728 dispositionibus,
1596 2644 1692 2709 salvis
1719 2667 1827 2712 tamen

263 2725 335 2800 quit
351 2724 449 2797 quoad
467 2728 676 2800 quantitatem
694 2746 784 2808 quain
803 2723 1030 2800 inseiomariro,
1066 2727 1121 2810 iis,
1140 2743 1209 2797 qiiae
1227 2723 1392 2787 necessaria
1413 2719 1473 2784 sint
1499 2726 1536 2785 ad
1561 2719 1602 2786 fui
1633 2725 1826 2804 filiorumque

265 2797 345 2866 idest
364 2799 426 2865 fine
456 2806 592 2876 expressa
615 2804 669 2867 fua
687 2800 882 2866 consensione
906 2801 957 2863 sibi
983 2821 1030 2863 ar·
1065 2799 1331 2865 sustentationem.

269 2899 374 2959 rogare
394 2879 484 2958 possit
503 2902 582 2946 iiiior
598 2902 653 2958 pro
673 2879 835 2946 arbitrario
850 2878 904 2943 usu
921 2884 955 2942 i'n
975 2879 1029 2941 bo·
1100 2879 1134 2941 Si
1160 2897 1239 2942 iiiior
1265 2876 1344 2942 filios
1364 2876 1473 2943 habeat
1493 2900 1533 2945 eie
1556 2883 1647 2959 priori
1672 2884 1787 2949 marito
1815 2932 1828 2963 ,

267 2962 318 3026 riis
338 2963 463 3043 mauri,
480 2960 553 3027 duni
574 2961 705 3027 relative
720 2960 756 3024 ad
784 2979 888 3024 omnes
914 2978 1029 3023 memo·
1066 2958 1114 3023 vel
1136 2961 1289 3037 genitores
1310 2962 1446 3038 graviter
1466 2961 1662 3044 indigentes,
1695 2984 1752 3029 nee
1772 2964 1827 3031 lia·

268 3056 354 3108 ratas
371 3038 614 3113 eircimslanuas
634 3037 751 3119 pensari
772 3039 877 3103 debet.
900 3039 988 3103 Uxor
1003 3044 1027 3100 i·
1062 3040 1135 3103 beat
1156 3036 1236 3102 bona
1258 3041 1376 3116 propria
1398 3087 1407 3117 ,
1434 3038 1539 3114 quibus
1560 3062 1666 3107 eorum
1690 3044 1826 3123 indigen·

266 3120 358 3199 gitur
376 3114 479 3197 faeere
498 3119 595 3200 potest
612 3120 650 3184 de
673 3118 762 3187 bonis
780 3121 884 3184 mariti
915 3119 1029 3195 aliquas
1064 3121 1116 3183 tiae
1132 3116 1301 3195 succurrat,
1320 3118 1332 3195 l
1351 3122 1422 3195 quia
1452 3117 1471 3181 si
1501 3118 1633 3201 habeat,
1649 3123 1728 3191 bona
1746 3145 1820 3201 pro·

269 3200 361 3263 mode
412 3202 447 3273 Ja's
468 3196 694 3281 eleemosynas,
721 3199 905 3263 donationes
929 3219 1028 3262 reniti·
1064 3201 1149 3276 pria,
1167 3217 1228 3261 iion
1245 3199 1348 3260 mariti
1368 3197 1541 3274 impendere
1556 3202 1667 3282 debet,
1691 3202 1826 3284 iseroga·

268 3281 473 3361 neratotitt(
495 3300 566 3345 nani
589 3284 669 3345 circa
686 3281 867 3344 donationes
888 3279 1028 3342 mere'li·
1064 3298 1095 3340 re
1111 3280 1226 3354 poterit
1241 3275 1471 3354 consanguineis
1489 3281 1718 3364 eleemosynas,
1746 3303 1824 3358 quae

268 3354 386 3422 beriles
401 3362 527 3424 ctutiiia
544 3356 693 3443 segetem
712 3358 803 3422 debet
824 3361 836 3434 l
855 3379 972 3422 necnon
994 3380 1027 3422 a·
1063 3356 1101 3419 de
1117 3354 1282 3431 prudenter
1302 3360 1406 3421 mariti
1430 3359 1610 3438 praesumpta
1630 3361 1825 3429 consensione

266 3436 367 3515 liquat
383 3434 528 3505 discretas
544 3439 686 3514 expensas
714 3438 778 3503 sive
798 3458 854 3516 pro
877 3437 935 3513 se,
965 3435 1027 3500 sive
1063 3432 1163 3499 facere
1179 3433 1273 3512 solet,
1289 3431 1527 3517 consanguineos
1552 3441 1621 3505 aliis
1643 3443 1824 3520 pauperibus

263 3534 326 3659 ξω
343 3513 487 3597 familia,
510 3518 614 3584 habita
645 3520 759 3597 semper
788 3522 911 3584 ratione
929 3516 966 3581 ad
982 3516 1027 3579 di·
1064 3514 1296 3603 praeponendo.
1321 3516 1441 3581 Poterit
1463 3522 1579 3595 paritet
1599 3521 1664 3584 silio
1683 3525 1824 3586 viventis

295 3616 328 3659 as
338 3597 604 3674 circumstantias,
620 3599 655 3664 δι
679 3599 840 3663 secundum
859 3597 940 3674 qiiod
956 3597 1027 3661 iliae
1062 3597 1167 3658 mariti
1189 3595 1275 3657 milio
1295 3613 1313 3658 a
1336 3612 1422 3671 patre
1440 3596 1479 3661 ad
1498 3595 1666 3663 fludiotum
1687 3600 1825 3666 Univer-

266 3692 379 3738 uxores
398 3675 459 3740 sua:
485 3678 674 3743 conditionis
704 3677 803 3743 facere
827 3675 1023 3742 assuescunt.
1062 3672 1201 3750 fitatem,
1223 3673 1273 3737 vel
1292 3673 1330 3736 ad
1344 3670 1456 3739 telam
1470 3676 1596 3740 mittere
1610 3678 1647 3740 de
1662 3677 1748 3742 bonis
1759 3700 1826 3742 ma·

265 3753 348 3816 idaec
363 3746 607 3821 eiimlimieai
631 3757 797 3831 aecipiendi
818 3756 975 3820 moderate
996 3777 1026 3819 a·
1062 3755 1136 3828 riti,
1152 3773 1218 3830 qiiae
1236 3749 1288 3828 ipsi
1308 3773 1383 3830 opiis
1402 3752 1464 3817 esse
1484 3752 1594 3833 possint
1612 3757 1647 3820 id
1666 3756 1824 3822 honestam

267 3831 366 3906 liquid
387 3831 527 3896 debonis
548 3836 650 3897 mariti
671 3839 823 3913 praecipue
843 3835 1028 3899 adeleemo·
1062 3830 1315 3896 sustentationem
1355 3829 1417 3897 iia
1438 3848 1526 3908 patre
1541 3853 1602 3899 non
1625 3854 1773 3913 tutante,
1791 3858 1825 3902 a·

265 3908 378 4053 Pas,
394 3909 515 3988 aliaqiie
534 3915 582 3993 pia
596 3934 691 3990 opera
709 3912 752 3978 est
768 3934 829 3977 nna
845 3934 885 3976 eir
901 3916 937 3977 iis
957 3934 1026 3977 coii-
1062 3931 1160 3989 varo,
1179 3912 1213 3976 ἔ(
1241 3881 1352 3977 vitioso
1370 3929 1432 3975 non
1454 3908 1640 3980 sufficienter
1663 3917 1824 3994 providet·

286 3986 453 4071 itionibus,
468 4012 535 4068 qoae
558 3997 644 4057 iiiioti
661 3995 769 4059 uitali
791 3991 919 4055 debetur
935 3996 1028 4055 utdi·
1067 4010 1139 4068 tur,
1158 4012 1228 4054 etim
1246 3989 1311 4057 linc
1329 3986 1395 4055 filio
1415 3989 1473 4055 sint
1489 3990 1613 4058 debita.
1636 3996 1671 4059 In
1687 3995 1745 4062 hoc
1764 4016 1823 4064 ve·

264 4068 474 4147 silogoetuta
498 4069 718 4157 filiisfamiiias,
737 4069 938 4147 distimulo,
957 4093 1028 4136 crini
1061 4092 1114 4146 to,
1132 4070 1166 4135 dr
1183 4074 1214 4131 in
1236 4072 1332 4147 priori
1347 4066 1418 4163 casii
1435 4092 1506 4134 coni
1520 4072 1750 4155 consanguineis
1772 4096 1825 4141 ca·

264 4150 352 4213 enini
366 4152 495 4215 maritus
513 4172 582 4216 eam
606 4152 784 4233 cognoscere
804 4152 913 4216 debeat
934 4167 970 4215 ut
991 4174 1025 4214 u·
1064 4168 1137 4212 vere
1156 4149 1245 4215 debet
1265 4168 1305 4215 ne
1324 4152 1438 4213 ninius
1457 4170 1618 4218 ιιιιοιιιιιι
1637 4159 1669 4218 in
1690 4173 1822 4232 utraque

266 4246 373 4292 iiorein
407 4230 468 4293 esse
485 4252 547 4295 non
571 4231 659 4297 debet
671 4232 776 4310 'quoad
790 4230 928 4307 exposita
946 4234 1026 4294 invi·
1061 4226 1437 4305 largitioneadcncessum
1455 4230 1600 4297 inducat.
1621 4235 1824 4309 Aliquasmo·

266 4324 338 4370 tus.
392 4310 460 4372 ulto
480 4316 574 4391 magia
593 4318 706 4388 poterit
727 4332 804 4378 uxor
821 4314 962 4387 accipere
989 4310 1026 4373 de
1060 4307 1180 4371 deratas
1203 4302 1408 4387 eleemsynti
1439 4314 1552 4384 poterit
1584 4310 1751 4390 dispensare
1774 4328 1824 4376 et-

265 4384 353 4451 bonis
373 4392 476 4453 mariti
502 4411 557 4467 pro
579 4389 773 4457 distrahendo
793 4410 886 4470 grave
906 4390 1024 4466 aliquod
1061 4390 1121 4448 iam
1141 4388 1242 4451 invito
1275 4388 1387 4450 marito
1407 4387 1444 4451 ad
1469 4393 1691 4531 impetrandam
1718 4413 1737 4457 a
1756 4392 1823 4457 Deo

1526 4491 1533 4529 i
1553 4491 1561 4530 i

265 4466 383 4530 malum
399 4466 524 4534 l'aimiliae
542 4473 724 4551 imminens,
742 4471 830 4534 sicuti
850 4473 946 4534 etiam
967 4471 1025 4532 ali·
1061 4463 1149 4542 ipsius
1166 4464 1329 4529 sanitatem
1349 4485 1509 4545 acorpora
1570 4468 1822 4549 nfiimitate,qua

263 4565 321 4622 qua
341 4545 421 4610 clam
445 4550 635 4629 recondere,
656 4572 693 4616 ac
719 4549 875 4615 reservare
904 4570 959 4625 pro
978 4545 1025 4613 fa·
1060 4545 1195 4620 laborat,
1217 4543 1251 4608 δι
1271 4543 1431 4611 ιιιιιΙιοιιιι
1452 4550 1477 4611 it
1495 4550 1559 4612 ciiii
1578 4548 1822 4625 conversionem,

263 4624 359 4690 miliae
384 4626 639 4708 'suslentatione,
665 4626 833 4708 praesertim
854 4627 874 4713 si
898 4631 1024 4692 maritus
1059 4622 1079 4687 fi
1101 4622 1138 4687 sit
1155 4627 1199 4709 ita
1221 4623 1348 4716 perditis
1363 4630 1439 4691 mori
1509 4645 1577 4707 ,ut
1596 4650 1658 4692 nnn
1675 4649 1819 4707 appareat

261 4703 531 4777 comessationibus
546 4757 555 4786 ,
572 4709 650 4774 ludis
700 4710 824 4786 illisque
843 4708 1024 4772 inordinatis
1058 4720 1144 4767 certa
1160 4702 1222 4777 spes
1242 4722 1307 4767 eiut
1325 4701 1428 4769 salutis
1457 4722 1604 4773 eeternae.
1624 4709 1673 4773 Sic
1694 4710 1822 4773 Navar-

263 4784 359 4875 modis
380 4785 458 4853 bona
475 4787 637 4855 domeslica
652 4757 770 4866 diffipet
784 4811 855 4854 cum
874 4790 960 4869 gravi
980 4784 1024 4850 fa·
1059 4803 1108 4846 ius
1127 4801 1191 4857 cap.
1215 4800 1271 4862 ιι.Ι
1283 4804 1313 4846 ιι.
1336 4804 1350 4847 ι
1356 4802 1401 4864 54
1422 4804 1492 4850 euni
1508 4784 1577 4851 aiiii
1599 4785 1677 4852 liene
1694 4787 1820 4861 multis,

261 4866 587 4948 miliaedetriniento,
607 4868 641 4935 dt
670 4868 804 4947 periculo
825 4867 902 4947 qood
926 4866 1023 4930 eidem
1058 4861 1220 4949 dummodo
1242 4879 1344 4949 tamen
1365 4883 1445 4929 uxot
1468 4862 1584 4931 boc-eit
1614 4869 1738 4943 propriis
1762 4863 1817 4926 bo·

260 4943 426 5012 necessaria
440 4947 600 5014 deficiant.
620 4948 709 5015 Uxor
727 4951 830 5026 enim,
856 4968 891 5013 ac
908 4942 1022 5010 familia
1058 4944 1121 5014 nii,
1138 4942 1159 5000 si
1176 4938 1292 5006 habeat
1341 4938 1440 5007 facere
1463 4960 1526 5011 non
1547 4942 1816 5023 pomeriolum

257 5024 304 5090 ios
323 5022 453 5116 habent,
476 5045 513 5090 ut
533 5027 783 5095 sustentationem
803 5047 820 5092 a
842 5028 957 5090 marito
971 5023 1023 5104 ,δι
1059 5021 1142 5084 enlin
1161 5015 1284 5088 confert
1305 4988 1408 5089 decori
1435 5018 1590 5103 simlia,
1615 5022 1649 5092 dt
1669 5023 1821 5103 praecipue

337 5106 434 5185 liqsstt.
453 5108 551 5174 Theol-
573 5110 682 5175 Mores.
706 5107 798 5172 Tom.
822 5106 874 5172 111.
1455 5100 1480 5163 Β
1705 5120 1780 5167 ωῐῡ·
