4425 6000
253 495 325 544 *s
471 488 1616 594 'Tanemoal’amoerrreDaeraoorcamlllll.
1733 529 1806 605 401
1918 463 1928 479 ’

1015 632 1018 640 ·
1083 606 1327 685 srt,dunanodo
1343 622 1466 687 tamen,
1486 611 1533 676 ait
1553 612 1585 673 Ρ.
1606 605 1748 673 Antoine
1786 609 1854 675 eiua
1929 629 1931 634 ·

594 702 622 762 §-
662 692 744 757 vll„
1086 686 1246 764 publicitaa
1263 706 1329 752 non
1346 691 1509 766 proveniat
1530 656 1855 756 asacramentaiicou·

359 817 403 879 De
420 811 502 892 culpa
521 809 682 904 reuelantir
701 810 812 894 crimea
839 805 983 897 notarium
1086 763 1234 910 &fg-⁰⁰³⁸
1275 847 1282 860 ·
1441 846 1451 910 1
1490 848 1500 911 1
1628 848 1634 863 ·
1670 849 1677 864 ι
1741 844 1761 908 s
1812 850 1818 863 ·

463 904 633 959 ”mmm
649 902 764 955 “nm''
778 886 876 971 saffl·
1085 864 1218 989 saniiiits
1228 864 1461 1003 filiiicittiainvgll
1471 863 1859 993 ὃιξιῗιῐιοιιΙειῐιιῗίἲιιιῐςκίιιῖἔιιιιιεῗξζ

327 1006 473 1072 Sentiunt
481 1007 572 1072 multi
589 1025 747 1087 peccatum
761 1004 821 1070 elle
836 1003 968 1070 mortale
976 1022 1052 1069 con·
1085 1004 1210 1068 de'aliis
1229 1005 1405 1069 criminibus
1424 1051 1433 1083 ,
1453 1008 1507 1070 nisr
1533 1007 1587 1073 illa
1604 1007 1760 1072 ordinarie
1782 1028 1856 1072 con·

240 1125 243 1130 ·
286 1101 341 1151 tra
368 1086 516 1152 iullitiam
544 1107 653 1154 verum
687 1091 803 1153 crimen
822 1084 989 1164 ‚publicum
1018 1085 1051 1147 in
1086 1081 1347 1148 iundlasrntcum
1368 1089 1506 1164 graviori
1523 1087 1603 1164 quod
1622 1091 1682 1151 ianr
1699 1085 1852 1163 publicum

288 1185 354 1229 uno
370 1168 439 1231 loco
455 1166 635 1246 publicitate
653 1166 724 1235 faui
741 1166 899 1245 divulgare
920 1168 952 1227 iu
974 1163 1053 1242 alio,
1084 1161 1156 1242 est,
1184 1184 1256 1228 cum
1283 1184 1345 1229 non
1378 1163 1541 1231 censeatur
1567 1162 1690 1231 infamia
1718 1167 1857 1245 graviter

287 1264 351 1323 quo
376 1240 457 1311 fama
482 1265 543 1312 non
563 1267 635 1313 crat·
655 1263 862 1325 perventura,
881 1245 954 1320 quia
981 1262 1052 1306 reus
1087 1265 1126 1308 au
1181 1244 1212 1321 i,
1231 1247 1382 1321 praecipue
1402 1243 1423 1306 sr
1445 1244 1510 1311 brec
1526 1245 1587 1311 alia
1609 1244 1687 1312 liant
1703 1250 1733 1311 ei
1754 1250 1879 1311 mani·-

287 1344 343 1401 per
358 1329 504 1390 notitiam
521 1327 673 1402 publicam
695 1325 876 1405 publicitate
893 1319 980 1400 laeli,
999 1323 1050 1417 vel
1086 1262 1188 1416 feris,
1215 1327 1276 1417 qui
1293 1327 1355 1388 iam
1370 1321 1511 1389 conscius
1541 1324 1585 1390 est
1608 1327 1645 1389 de
1669 1326 1827 1404 principali
1846 1373 1856 1405 ,

321 1422 381 1468 mar
400 1401 445 1468 sui
465 1409 600 1470 criminis
620 1409 652 1470 in
668 1407 827 1483 unoloc0,
847 1407 892 1467 ius
908 1422 1054 1467 nouamr·
1087 1402 1184 1467 veluti
1205 1399 1227 1463 sr
1246 1402 1329 1467 dicas
1348 1402 1385 1466 de
1412 1404 1528 1468 ebrioso
1553 1404 1676 1481 publico
1695 1426 1767 1470 eum
1792 1426 1856 1471 non

288 1478 328 1546 fit
345 1482 384 1546 ad
402 1479 517 1547 lamam
533 1488 565 1549 in
585 1485 652 1551 aliis
677 1484 753 1550 locis
771 1532 781 1563 ,
800 1503 900 1560 neque
926 1478 1050 1546 censen·
1087 1478 1165 1545 rede
1193 1502 1301 1545 curare
1329 1502 1393 1546 rem
1419 1484 1629 1562 familiarem,
1659 1488 1755 1549 rixari
1783 1506 1855 1551 curo

287 1560 345 1626 dus
359 1558 404 1625 ell
424 1560 538 1630 famam
554 1564 658 1646 ,quoad
673 1565 726 1628 illa
749 1564 819 1628 loca
844 1563 995 1638 reiecisse,
1013 1580 1053 1634 eo
1088 1581 1202 1637 uxore,
1222 1559 1397 1626 scandalum
1418 1567 1542 1641 propriis
1561 1565 1632 1629 liliis
1657 1566 1781 1641 aliisque
1800 1566 1858 1629 do·

288 1641 343 1705 vel
364 1646 499 1709 maxime
514 1644 536 1706 sa
553 1644 689 1712 trundum
704 1662 755 1721 per
776 1640 926 1718 publicam
949 1640 1060 1729 antio,
1087 1640 1216 1705 mesticis
1232 1641 1390 1718 praebere.
1410 1640 1501 1706 Secus
1526 1664 1606 1708 vero
1625 1644 1702 1709 esset
1720 1645 1853 1709 mortale

287 1723 416 1785 ritatem
440 1725 471 1787 in
496 1744 619 1800 pmnam
642 1723 685 1788 lui
709 1725 845 1787 criminis
868 1723 943 1787 esset
971 1714 1053 1785 fama
1086 1719 1120 1786 δι
1140 1738 1250 1785 contra
1270 1717 1470 1800 iustitiam,sr
1492 1722 1637 1788 videlicet
1654 1723 1715 1788 alia
1729 1727 1856 1789 crimina

288 1797 454 1877 spoliatur..
477 1803 659 1869 Concedunt
684 1819 790 1868 tamen
820 1822 882 1866 non
908 1800 1054 1863 illicitum
1087 1820 1150 1864 non
1169 1799 1267 1864 essent
1293 1802 1445 1867 ordinarie
1466 1799 1627 1872 conimtla
1650 1825 1719 1868 cum
1743 1807 1856 1879 princi·

287 1878 350 1943 elle
366 1882 401 1946 ad
417 1903 576 1948 conrnune
595 1882 710 1947 bonum
724 1882 852 1946 crimina
869 1878 989 1956 publica
1004 1878 1054 1940 de·
1087 1881 1173 1959 pali,
1190 1880 1244 1945 vel
1264 1874 1287 1941 sr
1310 1882 1464 1946 reveletur
1490 1882 1655 1959 principale
1679 1886 1728 1947 coi
1758 1879 1858 1953 solum

285 1954 460 2026 fundorum
480 1965 512 2025 in
533 1961 662 2028 historiis
686 1980 851 2036 enarrare,
873 1960 949 2023 licet
977 1954 1055 2021 insa·
1088 1976 1163 2025 nota
1184 1954 1254 2024 sunt
1274 1961 1375 2024 minus
1391 1965 1498 2038 gravia
1513 1963 1609 2026 etiam
1629 1960 1762 2026 eiusdem
1790 1964 1856 2040 spe·
1946 2007 1948 2016 .

287 2041 350 2106 mia
368 2040 480 2105 adalia
501 2042 568 2107 loca
593 2036 767 2117 deleratur,
791 2038 825 2104 ἃ
845 2056 882 2104 ut
905 2037 1055 2101 habeatur
1087 2042 1144 2104 ciei
1162 2086 1172 2115 ,
1191 2054 1227 2103 ut
1250 2035 1272 2100 sr
1295 2038 1377 2103 dicar
1408 2040 1519 2104 Caium
1539 2038 1617 2105 sutri
1639 2043 1713 2105 uille
1742 2042 1825 2105 mille
1846 2091 1857 2122 ,

289 2121 405 2182 noticia
430 2139 531 2182 rerum
559 2119 674 2196 publice
697 2119 865 2198 gestarum,
889 2116 983 2181 &aut
1016 2119 1055 2181 ti·
1088 2139 1160 2183 cum
1189 2118 1270 2181 alter
1294 2116 1369 2182 lciat
1399 2116 1494 2183 solum
1522 2139 1583 2183 tres
1608 2062 1751 2202 limarum,
1771 2121 1859 2201 esse,

289 2216 359 2259 mor
380 2192 514 2262 infamiae
536 2215 685 2277 perpetuo
703 2199 856 2264 duraturae
878 2196 1055 2262 hominesa
1088 2201 1160 2274 quia
1181 2213 1255 2261 tunc
1296 2199 1414 2262 raviter
1432 2199 1466 2266 dc
1495 2198 1602 2264 iniuste
1633 2219 1763 2279 augetur
1791 2204 1857 2266 eius

288 2276 467 2341 criminibus
484 2294 625 2343 avertat.
1089 2272 1234 2342 infamia.
1285 2293 1375 2340 otum
1391 2294 1495 2342 tamen
1516 2277 1592 2354 hoc,
1613 2297 1706 2344 notat
1729 2281 1768 2345 de
1791 2282 1857 2345 Lu-

333 2355 455 2422 Notavi
477 2361 509 2420 in
530 2358 593 2433 alio
613 2359 683 2423 loco
711 2377 776 2423 non
799 2355 988 2438 elle‚contra
1008 2351 1054 2419 iu·
1088 2376 1144 2444 go,
1160 2353 1377 2420 desumendum
1395 2356 1457 2422 elle
1476 2378 1517 2421 ex
1537 2378 1623 2423 novo
1641 2360 1754 2424 damno
1773 2361 1854 2436 quod

288 2432 407 2499 ilitiam
434 2435 624 2501 manifestare
652 2434 853 2502 nescientibus
871 2437 984 2503 ericen
1009 2434 1055 2498 al·
1089 2445 1128 2498 iit
1142 2436 1223 2499 circa
1238 2432 1372 2512 famam,
1387 2455 1424 2501 ιιι
1445 2437 1558 2501 iudicio
1585 2427 1768 2513 prudentum
1791 2461 1855 2520 gra·

288 2519 387 2585 terius
407 2516 439 2577 in
467 2537 505 2580 eo
526 2518 595 2581 loco
615 2515 693 2595 „ubi
714 2519 775 2581 iarn
798 2510 963 2579 infamatur
985 2511 1054 2577 esi:
1090 2534 1130 2579 ve
1145 2511 1204 2594 srt,
1220 2513 1274 2579 vel
1294 2514 1384 2579 leve.
1410 2516 1475 2581 Imo
1490 2516 1587 2591 potell
1607 2518 1669 2582 elle
1684 2523 1787 2597 gravit
1808 2523 1855 2584 in·

289 2614 362 2659 raam
382 2598 498 2659 crimen
529 2599 561 2658 in
582 2596 715 2672 plurium
740 2591 898 2670 conspectu
913 2594 1055 2657 commit·
1091 2595 1169 2657 iuria
1189 2592 1332 2661 revelare
1347 2597 1476 2659 crimina
1499 2596 1704 2671 multiplicata
1726 2598 1857 2663 eiusdem

287 2673 383 2739 tendo
405 2675 455 2737 vel
476 2673 608 2750 pluribus
638 2675 714 2739 talia
734 2673 848 2738 indicia
877 2670 1055 2749 prebendo,
1088 2671 1214 2751 speciei,
1231 2688 1305 2751 puta
1325 2671 1346 2735 sr
1367 2673 1564 2751 publicumsrt
1582 2679 1680 2741 talem
1700 2675 1856 2742 faeminam

288 2756 337 2817 iut
358 2754 401 2821 ad¹
415 2750 545 2832 lamam,
561 2752 624 2819 sive
640 2752 747 2817 secreti
766 2756 799 2816 in
816 2752 884 2818 loco
903 2753 958 2816 illo
980 2754 1054 2814 ami·
1090 2755 1219 2830 patrasle
1239 2753 1445 2831 adulterium,
1470 2775 1529 2819 non
1550 2755 1619 2819 ideo
1650 2758 1769 2822 licitum
1795 2763 1855 2822 erit

289 2831 349 2896 srt.
377 2832 442 2896 lmo
460 2834 543 2900 addit
567 2833 603 2897 de
621 2835 711 2910 Lugo
729 2831 873 2907 expedire
895 2829 976 2895 bono
1003 2850 1055 2906 ptr·
1089 2833 1110 2894 li
1132 2835 1163 2895 in
1181 2831 1262 2895 aliud
1281 2834 1467 2897 adulterium
1483 2834 1643 2912 inciderit,
1664 2835 1699 2901 dc
1720 2836 1776 2901 hoc
1802 2858 1855 2901 oo·

288 2910 371 2977 blico
387 2929 420 2976 ut
441 2910 639 2991 unusquisque
656 2911 752 2989 qualis
770 2909 813 2975 est
834 2908 1053 2988 cognoscatur,
1088 2914 1208 2976 cultum
1225 2908 1280 2988 sit,
1301 2909 1378 2975 illud
1405 2915 1572 2989 revelare,
1598 2933 1670 2978 cum
1690 2913 1856 2981 reincider-

288 2989 324 3059 &
345 2992 416 3058 talis
437 2993 588 3059 revelatio
604 3013 665 3057 non
685 2988 727 3054 esl
747 3012 804 3057 nec
827 2991 921 3056 etiam
945 3007 1055 3082 contra
1090 2994 1135 3059 tia
1154 2996 1186 3054 in
1208 2992 1287 3055 idem
1305 2995 1422 3057 crimen
1439 2994 1527 3062 valde
1547 2988 1707 3061 infamiam
1722 3015 1852 3076 augeat.

285 3070 492 3150 charitatem,
507 3094 546 3138 eo
561 3071 640 3151 quod
655 3091 750 3151 grave
766 3070 911 3137 damnum
929 3091 969 3136 ex
993 3066 1054 3163 ipsa
1602 3110 1607 3119 ·
1782 3128 1785 3136 ,

287 3155 448 3297 iromus
472 3174 533 3296 mii
545 3156 705 3296 ἕειίιιιιδιί,
724 3169 835 3290 ιιιροιῗ
854 3153 905 3244 qui
929 3151 970 3244 ibi
994 3171 1054 3292 rabm
1372 3158 1406 3221 ς.
1446 3153 1558 3220 VIII,

305 3252 404 3297 auram
444 3251 514 3309 eper
535 3254 543 3294 r
565 3251 643 3310 erit,
718 3250 836 3295 nounrr
864 3248 1009 3294 irratione
1032 3251 1052 3289 r·
1328 3267 1333 3278 -
1415 3268 1420 3280 .
1514 3265 1549 3280 ·.
1726 3270 1731 3284 .
1769 3273 1775 3285 .
1840 3304 1842 3307 ι

287 3311 362 3375 liter
378 3312 415 3375 de
433 3311 488 3377 hoc
503 3317 646 3389 conqueri
663 3308 752 3388 pollrt
764 3357 772 3386 ,
786 3314 855 3386 quia
878 3312 944 3373 iure
962 3310 1053 3374 meri·
1128 3273 1171 3333 οἳ
1190 3263 1298 3350 “fibu'
1321 3287 1353 3412 ”J
1369 3264 1474 3359 qulbus
1495 3269 1612 3415 Palm
1632 3272 1669 3354 'st
1689 3292 1815 3338 ‘'mm'‘

287 3406 324 3455 to
338 3390 477 3457 aeslimari
497 3393 594 3468 potest
615 3391 669 3455 suo
687 3391 814 3454 crimine
834 3387 949 3467 publice
972 3409 1054 3452 com·
1319 3360 1442 3477 “fn'‘
1463 3368 1537 3414 ’Μ
1549 3370 1619 3415 m·

287 3470 378 3534 millo
396 3467 509 3536 lamam
530 3476 560 3533 in
579 3471 635 3534 tali
665 3470 732 3535 loco
755 3467 924 3532 abiecisse.
953 3467 982 3529 Si
1005 3485 1052 3530 ta·
1128 3460 1309 3528 Notandum
1338 3462 1386 3530 hic
1418 3486 1572 3541 nunquam
1600 3467 1693 3531 licere
1726 3468 1854 3531 alteriue

287 3570 358 3614 men
372 3552 489 3614 crimen
515 3570 622 3613 verum
642 3545 750 3612 iniulle
771 3542 883 3611 farrum
901 3543 938 3608 srt
959 3545 1053 3622 publi·
1086 3545 1213 3607 crimina
1229 3543 1386 3620 revelare,
1401 3542 1562 3609 srcrimina
1570 3567 1624 3624 per
1643 3547 1738 3610 lolam
1757 3547 1854 3611 sacra·

287 3651 387 3704 cum,
417 3645 490 3706 puta
520 3628 541 3689 sr
568 3628 640 3690 dum
664 3643 734 3690 erat
761 3621 934 3696 secretum,
956 3624 1052 3698 aliqui
1087 3621 1255 3685 mentalem
1269 3618 1486 3686 conseslionem
1506 3622 1699 3690 innotescant
1720 3673 1730 3702 ,
1750 3625 1801 3689 vel
1831 3622 1854 3687 st

286 3710 393 3774 multis
415 3707 489 3770 illud
505 3702 712 3781 revelassent,
736 3701 756 3764 si
776 3703 920 3766 audiatur
939 3698 976 3764 de
993 3702 1054 3765 Lu·
1087 3720 1128 3764 ea
1145 3699 1202 3762 tali
1220 3700 1411 3764 revelatione
1432 3701 1581 3778 publicum
1601 3703 1742 3779 sequatur
1758 3704 1855 3768 detri-

286 3810 346 3868 go,
366 3807 426 3851 non
451 3803 592 3863 peccaret
613 3800 725 3848 contra
752 3780 900 3846 iustitiam
924 3779 979 3841 ille
1003 3782 1052 3856 qui
1083 3796 1245 3844 mentum.
1266 3778 1358 3844 Hisce
1370 3799 1478 3845 autem
1498 3782 1612 3846 talibus
1628 3785 1761 3856 exceptis
1772 3804 1855 3846 corn·

284 3868 368 3930 idem
388 3865 544 3945 detegeret
561 3865 628 3928 aliis
647 3861 780 3927 eiusdem
803 3860 863 3924 loci
890 3855 1052 3924 nescienti·
1087 3863 1222 3923 munirer
1243 3854 1379 3934 sentiuut
1401 3861 1536 3941 rbeologi
1559 3861 1747 3926 manil'ellari
1772 3860 1855 3938 polle

284 3946 360 4013 bus.
385 3944 476 4009 Tunc
492 3947 573 4009 eninr
590 3940 776 4007 solummodo
791 3932 995 4005 manifestatio
1010 3939 1053 4004 al·
1087 3938 1120 4004 δι
1137 3935 1247 4002 debere
1262 3940 1417 4003 occultum
1433 3942 1571 4019 crimen,
1589 3943 1710 4019 quando
1727 3943 1783 4006 boc
1800 3961 1852 4005 ne·

284 4027 385 4091 terius
405 4027 539 4090 criminis
559 4021 601 4086 esl
628 4021 740 4086 iniusta
759 4068 768 4098 ,
787 4019 910 4097 quando
933 4019 985 4082 ille
1006 4023 1052 4083 ius
1085 4016 1244 4086 cellarium
1263 4017 1300 4081 srt
1318 4017 1354 4082 ad
1372 4022 1693 4104 removendumgrave
1713 4024 1854 4087 damnum

285 4103 437 4180 habetne
453 4102 637 4185 infametur,
654 4101 736 4180 quod
754 4117 858 4164 tamen
879 4098 1052 4188 nomhabet
1086 4100 1180 4164 etiam
1201 4100 1366 4177 temporale
1385 4099 1529 4163 iniullum
1545 4106 1759 4182 communitati
1772 4149 1782 4178 ,
1796 4119 1852 4166 aut

285 4185 343 4249 ille
361 4185 399 4249 de
414 4205 479 4260 quo
495 4184 650 4261 loquimur
678 4187 710 4244 in
733 4176 804 4244 casu
823 4176 950 4243 nostro.
984 4176 1014 4239 T
1016 4199 1052 4242 o·
1087 4181 1212 4256 privato
1226 4181 1386 4242 innocenti
1401 4182 1577 4244 imminens.
1601 4183 1724 4247 Etenim
1740 4199 1853 4246 noctur

286 4280 356 4330 tum
380 4269 462 4328 enim
490 4265 537 4327 ius
558 4264 684 4338 proximi
712 4255 856 4324 fundatur
886 4259 917 4320 iu
937 4256 1048 4334 duplici
1087 4264 1132 4322 ius
1153 4256 1323 4321 nonhabet
1352 4278 1391 4321 ne
1411 4263 1474 4323 eius
1495 4257 1577 4325 fama
1605 4262 1736 4331 laedatur
1756 4281 1854 4338 quan·

286 4345 414 4421 titulo,
441 4343 492 4408 vel
514 4345 584 4420 quia
607 4346 749 4405 innocens
770 4336 808 4404 sit
828 4358 846 4405 a
876 4338 931 4400 tali
951 4341 1052 4401 crimi-
1086 4339 1126 4400 do
1149 4335 1260 4400 salvari
1281 4339 1388 4412 nequir
1406 4336 1466 4401 sine
1480 4344 1569 4418 gravi
1591 4341 1853 4416 alteriusdamno,

284 4443 346 4502 oe,
367 4424 417 4487 vel
435 4427 504 4500 quia
522 4425 636 4485 crimen
657 4415 785 4496 abipso
806 4415 993 4482 commillum
1013 4415 1050 4482 srt
1087 4417 1167 4494 quod
1193 4414 1263 4479 inde
1288 4417 1489 4494 procederet,
1515 4441 1589 4484 curn
1614 4438 1778 4485 commune
1801 4419 1853 4484 bo·

284 4503 468 4569 occultum.
490 4503 573 4566 Prior
597 4500 648 4564 dar
668 4502 716 4564 iur
734 4495 900 4573 absolute,
927 4494 963 4560 dt
984 4501 1053 4558 nni·
1087 4517 1180 4571 num,
1200 4494 1234 4560 dc
1255 4500 1410 4573 privatum
1436 4500 1608 4569 innocentis
1621 4496 1667 4571 ¹srt
1689 4492 1853 4575 praeferen-

283 4581 465 4661 verlaliter,
485 4580 567 4647 alter
586 4600 663 4646 vero
678 4595 715 4643 ut
734 4575 796 4640 sane
812 4574 1050 4641 necellrtatesal·
1087 4576 1161 4641 dom
1173 4575 1255 4638 bono
1275 4579 1398 4653 privato
1413 4581 1573 4656 nocentir;
1592 4572 1632 4645 ’ἀ
1653 4598 1692 4642 eo
1709 4579 1760 4643 vel
1787 4600 1853 4643 ma·

285 4679 352 4727 tem
380 4683 441 4728 oon
469 4655 704 4726 manifestetur.
732 4657 763 4719 si
793 4673 919 4732 uterque
944 4656 1053 4720 titulus
1087 4659 1169 4720 xime
1199 4655 1277 4731 quod
1303 4656 1438 4720 charitas
1466 4657 1606 4736 obligat,
1635 4660 1757 4735 quando
1785 4658 1854 4721 lieri

285 4742 399 4819 telier,
419 4741 540 4807 nullum
563 4758 666 4804 manet
685 4742 748 4801 ius:
776 4738 854 4799 unde
868 4733 1054 4811 quandocri·
1088 4735 1208 4814 poteli,
1228 4734 1372 4811 impedire
1392 4733 1535 4800 damnum
1563 4738 1714 4821 publicum
1733 4735 1767 4803 ἀ
1793 4740 1854 4813 pri·

284 4841 358 4887 men
380 4842 485 4887 verum
501 4819 564 4884 sive
583 4817 657 4884 iusle
678 4817 741 4881 srve
757 4812 867 4880 iniuste
886 4811 1052 4879 sadrunest
1089 4832 1198 4880 vatum
1218 4816 1406 4890 innocentis,
1427 4836 1480 4881 nec
1505 4834 1580 4881 runc
1604 4818 1683 4884 alter
1712 4811 1854 4879 censetur

284 4901 442 4981 publicum
463 4949 473 4978 ,
494 4901 597 4964 deficit
626 4916 718 4962 omne
746 4891 979 4959 fundamentum
1008 4903 1054 4959 iu·
1088 4892 1316 4959 rationabiliter
1331 4897 1472 4970 invitus,
1489 4917 1561 4961 cum
1576 4894 1653 4962 iulia
1672 4894 1748 4961 adsit
1766 4891 1855 4959 caui

284 4983 327 5045 ria
354 4980 547 5058 impedientis
567 4999 607 5042 ne
631 4974 721 5042 fusius
751 4975 939 5052 reveletur,
963 4974 1054 5040 uode·
1089 4970 1120 5040 sa
1136 4974 1215 5053 uude
1238 4977 1301 5049 pari
1319 4971 1429 5037 debeat
1445 4971 1535 5040 samae
1550 4974 1715 5042 iadiuram.
1743 5040 1747 5049 ,

283 5079 415 5140 cumque
447 5059 632 5138 provenerit
654 5054 734 5134 quod
778 5053 913 5119 oblicum
942 5049 1053 5129 sailum
1127 5050 1295 5133 Revelatio
1310 5053 1437 5121 alterius
1451 5056 1586 5121 criminis
1604 5055 1720 5125 occulti
1735 5048 1856 5124 nonest

356 5141 468 5225 ,basia
487 5139 585 5208 Tbevl.
607 5137 718 5205 Maras.
771 5130 894 5202 omlll.
1076 5170 1089 5201 ι
1516 5132 1568 5201 Cc
1767 5134 1818 5203 de·
