4425 6000
545 499 1569 582 ,TnacmnaSsruisunisCanUrrr'c‘.
1697 497 1789 604 ¹4‘87

279 603 375 691 [113.
396 625 424 684 q.
446 623 474 670 2.
490 604 597 682 Quare
614 627 676 670 non
690 604 823 672 secusac
854 596 1043 671 domicilium
1078 606 1147 681 quis
1166 605 1506 683 cupitconllrueresibi
1529 604 1765 684 sepulcrum&
1786 595 1842 683 poe'

283 692 439 770 proprium
456 689 565 752 liabens
585 699 617 752 i'n
643 687 774 764 politicis
801 688 847 748 ius
877 699 983 762 tenet,
1006 701 1041 749 ut
1078 682 1162 748 lieris
1181 683 1242 752 suae
1263 683 1405 751 familiae.
1427 683 1479 751 lus
1496 708 1570 753 vero
1585 684 1812 751 consliuendis
1837 699 1842 710 ·

280 766 335 833 nisi
354 765 416 844 ipso
434 767 644 832 consen-iente
662 767 746 832 suum
764 765 950 828 domicilium
968 765 1043 830 alius
1080 763 1234 838 pulturain
1248 762 1382 831 conserti
1399 768 1487 831 debet
1509 767 1545 831 ab
1565 767 1731 842 Episcopo,
1753 784 1789 829 ut
1801 778 1843 830 eis

280 850 498 926 ingrediatur:
522 851 559 912 sic
582 849 693 912 liabens
714 843 899 921 sepulturam
918 865 975 924 pro
994 843 1044 923 se,
1077 843 1168 909 Eulla
1184 846 1269 910 &Pii
1280 847 1318 908 V.
1339 868 1407 921 quae
1429 850 1537 923 incipit
1558 853 1633 913 Curii
1650 847 1765 925 pridem
1779 845 1844 907 edi·

282 932 332 1001 ius
351 927 442 992 babet
463 927 544 1002 quad
563 928 663 992 nutius
679 927 776 999 alius,
817 926 847 988 ui
863 944 926 988 nori
943 922 1045 989 sitsal·
1079 941 1113 987 ta
1130 946 1212 993 anim
1230 929 1318 1005 15⁶6.
1334 928 1474 991 Habetur
1495 930 1578 992 enim
1602 931 1633 989 in
1662 925 1740 989 dista
1768 923 1843 987 Bus-

226 947 813 1095 ,mmewmmst

281 1090 404 1166 propria
423 1086 474 1152 sua
494 1087 647 1163 sepultura
664 1083 828 1174 brunerus,
842 1081 875 1149 dc
892 1085 950 1149 lioc
973 1086 1047 1163 legi·
1081 1079 1235 1159 profundis
1254 1083 1336 1153 infra
1356 1104 1470 1152 terram
1498 1086 1675 1151 collocanda
1702 1080 1794 1161 sunt,
1809 1082 1845 1149 &

281 1169 359 1234 time
378 1167 522 1242 impedire
543 1166 639 1240 norell
664 1168 684 1228 l.
706 1185 733 1225 a.
760 1176 802 1231 ss·
824 1163 1046 1244 usumfructum
1080 1159 1238 1230 funerandi
1260 1172 1325 1245 ius,
1347 1188 1383 1231 ac
1402 1167 1593 1232 construendi
1616 1162 1785 1239 sepulturas
1805 1162 1844 1228 ad

275 1237 314 1341 s'
333 1246 372 1312 de
389 1244 520 1326 Religios.
543 1245 583 1313 sa*
597 1249 706 1324 sumpt.
722 1243 827 1325 furter.
847 1247 918 1318 quia
944 1249 1045 1309 utitur
1081 1243 1241 1322 Episcopus
1258 1252 1430 1325 periinere;
1452 1245 1721 1323 idcircosequitur,
1742 1244 1845 1308 Cano·

282 1346 351 1390 iure
366 1325 435 1392 suo.
460 1325 620 1403 Episcopus
651 1345 755 1391 tamen
771 1369 781 1401 ‚
800 1343 835 1387 iit
854 1321 964 1389 Reslor
992 1325 1046 1386 Ec·
1081 1330 1164 1389 nicos
1185 1327 1264 1393 lianc
1285 1323 1467 1391 facultatem
1484 1346 1545 1390 non
1566 1323 1849 1404 poss‘econcedere3¹

280 1403 561 1485 cleiiaedispensaie
582 1405 699 1483 potest,
720 1425 756 1469 ut
777 1409 808 1467 iii
829 1399 899 1490 casu
924 1400 1046 1468 necessi·
1081 1425 1265 1483 quamquam
1280 1408 1389 1471 alicubi
1407 1407 1581 1482 Canonici,
1603 1406 1846 1473 acetiamParo·
1899 1439 1901 1444 ·

284 1489 362 1550 tatis
384 1489 497 1562 quirin
515 1486 641 1549 alterius
669 1485 823 1561 sepultura
853 1483 1016 1562 sepeliatur
1037 1532 1044 1561 ,
1081 1488 1129 1549 clii
1150 1489 1181 1549 in
1201 1491 1252 1551 sua
1268 1487 1438 1552 Parochiali
1463 1487 1632 1551 concedere
1648 1487 1784 1563 soleant,
1806 1505 1842 1547 ac

281 1569 379 1632 etiam
395 1583 527 1642 patrono
539 1561 601 1644 ipso
609 1565 824 1629 dissentiente:
841 1564 874 1628 dt
892 1563 975 1629 ratio
985 1562 1048 1641 cll,
1081 1564 1273 1645 concedant,
1294 1565 1327 1632 dc
1338 1570 1395 1631 sinc
1411 1571 1520 1631 iamin
1542 1565 1597 1629 usu
1617 1564 1844 1651 receptiimell.

281 1645 353 1723 quia
368 1647 520 1708 Patronus
539 1651 573 1707 in
594 1646 649 1709 tali
671 1661 791 1708 eventu
810 1648 952 1711 censetur
968 1647 1045 1707 irra·
1082 1646 1160 1710 Cum
1179 1650 1261 1708 enim
1278 1648 1481 1711 Parocliusius
1502 1646 1612 1710 lrabeat
1634 1646 1795 1721 sepeliendi
1814 1648 1852 1705 in'*

283 1724 475 1790 tionabiliter
495 1727 630 1789 invitus.
649 1723 697 1788 lta
712 1724 799 1806 Sylv.
832 1725 984 1792 Bonacina
1013 1720 1049 1790 δι
1082 1725 1298 1805 suaEcclesia,·
1318 1728 1428 1792 idcirco
1446 1726 1855 1792 videtursiabcreetiamius·

285 1805 355 1868 alii.
372 1804 402 1866 Si
429 1824 506 1869 vero
525 1823 587 1869 non
609 1803 683 1868 adsit
699 1802 911 1883 dispensatio,
939 1802 973 1868 ἀ
992 1805 1049 1867 Pa·
1082 1805 1281 1872 concedendae
1313 1807 1495 1886 sepulturae.
1518 1807 1565 1869 Sic
1590 1805 1746 1869 Bonacina
1774 1819 1849 1867 cum·

286 1899 393 1946 tronus
410 1880 446 1948 sit
464 1883 689 1947 rationabiliter
706 1887 823 1947 invitus
858 1885 974 1964 sepeliri
997 1904 1049 1946 ne·
1083 1887 1150 1951 aliis
1179 1929 1188 1948 .
1220 1887 1344 1950 Habens
1381 1884 1545 1950 Ecclesiam
1577 1889 1608 1948 in
1636 1885 1848 1948 commendam

283 1966 373 2039 quit3
393 1968 454 2027 imo
468 1966 518 2038 qiii
534 1965 667 2027 cadaver
692 1982 732 2026 eii
749 1984 812 2027 uno
841 1964 911 2031 loco
938 1965 971 2026 in
1001 1964 1047 2026 lo·
1083 1968 1281 2041 temporalem
1311 1987 1373 2029 non
1404 1964 1503 2042 potest
1537 1964 1702 2029 concedere
1736 1966 1767 2025 in
1800 1963 1847 2026 di·

283 2059 353 2104 eum
370 2042 496 2107 alterius
519 2042 676 2106 translulit
692 2044 796 2107 inv'ito
819 2046 977 2118 Patrono,
996 2062 1048 2107 co-
1081 2045 1133 2111 ἂι
1159 2045 1288 2110 Ecclesia
1318 2041 1496 2112 facultatem
1516 2042 1723 2108 construenda
1751 2040 1849 2120 sepul·

283 2124 313 2207 {i
343 2119 439 2197 potest
465 2122 542 2186 illud
573 2119 711 2200 auferte,
737 2143 791 2186 aut
815 2121 874 2188 ioci
905 2124 1048 2198 nraetium
1083 2144 1188 2203 turn,
1206 2145 1245 2190 eo
1265 2128 1337 2203 quia
1354 2123 1390 2189 sit
1407 2129 1508 2203 potius
1520 2140 1719 2201 procurator,
1739 2120 1773 2188 dt
1796 2141 1848 2185 cii·

284 2198 456 2266 solvereut
476 2201 551 2266 eris
572 2199 636 2278 quir
657 2201 940 2284 iniustissime
967 2200 1049 2273 Reli·
1082 2204 1143 2268 llos
1171 2206 1251 2270 illius
1287 2203 1458 2284 Ecclesiae,
1480 2224 1570 2281 quam
1595 2201 1767 2267 Praelatus.
1799 2201 1859 2265 lta·

280 2279 420 2366 ginden
455 2280 605 2346 Extinslis
639 2303 715 2346 vero
737 2283 889 2361 Domino,
910 2285 942 2349 bt
966 2282 1048 2346 illius
1083 2287 1224 2350 Ducit.
1745 2291 1747 2298 '
1907 2351 1910 2356 ,

285 2360 536 2424 descendentibus
561 2360 753 2440 extinguitur
782 2365 845 2426 tale
879 2370 952 2439 ius;
976 2382 1049 2424 nam
1123 2363 1331 2430 Provincialcs
1355 2361 1555 2442 Regularium
1582 2364 1749 2428 concedere
1784 2355 1850 2438 pos·

285 2437 422 2504 extinsio
443 2438 563 2504 usuario
588 2437 657 2504 usus
674 2444 724 2504 ille
745 2441 843 2506 reddit
859 2445 895 2507 ad
917 2442 1049 2518 proprie·
1083 2443 1154 2510 sunt
1176 2449 1208 2509 iii
1224 2443 1277 2509 sua
1298 2443 1429 2508 Ecclesia
1462 2439 1645 2506 facultatem
1670 2440 1856 2507 consitum·-

285 2523 399 2584 taiium
421 2518 533 2608 libere,
547 2519 569 2583 l.
585 2521 698 2597 penult.
720 2524 789 2585 cod.
808 2521 845 2586 de
860 2521 992 2602 ususrnc.
1014 2519 1048 2586 ἀ
1083 2525 1129 2591 dae
1147 2522 1310 2601 sepulturae
1330 2546 1338 2587 :
1361 2524 1390 2585 hi
1406 2526 1488 2587 enirn
1508 2521 1577 2585 s'uiit
1595 2523 1719 2588 Piaslati
1737 2521 1851 2583 habun-

285 2601 351 2682 ιβ
382 2598 525 2663 hahitatio
553 2606 577 2665 s.
591 2604 648 2677 fiii.
676 2601 712 2664 de
734 2601 789 2680 usu
813 2651 821 2677 ,
849 2603 890 2669 (φ
920 2601 1047 2666 salita.
1084 2625 1131 2671 tes
1149 2604 1380 2669 iucil'dissionem
1396 2601 1477 2678 quasi
1495 2601 1703 2680 Epistopalem
1725 2598 1850 2663 intrali·
1927 2645 1931 2652 .

287 2677 378 2743 Unde
393 2680 598 2754 Conventus,
626 2681 677 2742 vel
707 2681 778 2758 alii,
798 2682 835 2745 ad
852 2703 924 2759 quos
941 2679 1049 2758 speslat
1083 2690 1173 2749 mites
1194 2683 1313 2749 suorum
1346 2683 1602 2761 privilegiorum
1628 2697 1663 2747 ut
1688 2681 1739 2744 hic
1757 2694 1850 2744 notat

286 2761 335 2822 ius
365 2757 534 2899 &iiefiae’
564 2758 751 2836 sepulturam
782 2762 873 2826 alteri
902 2762 1049 2827 concede·
1083 2770 1138 2831 cit.
1159 2763 1338 2829 Boiiacina.

286 2856 413 2915 tepore
450 2881 457 2898 .

327 2922 422 2981 Arma
442 2914 493 2980 seu
508 2913 632 2996 infignia
650 2919 680 2979 in
699 2913 917 2999 Ecclesia,vel
942 2915 1049 2998 Capel·
1401 2925 1430 2987 s.
1473 2917 1530 2984 11.

288 2998 315 3060 la
338 3017 391 3062 aut
409 2996 563 3073 sepultura
586 2998 679 3075 posita
703 3021 720 3063 a
740 3001 919 3065 fundatore
941 3004 1050 3078 prima·
1854 3016 1862 3025 ·

287 3085 354 3155 iio,
375 3078 462 3143 nullo
482 3080 573 3142 modo
593 3084 728 3142 amoveri
751 3082 890 3157 possunt,
909 3099 964 3144 aut
982 3101 1050 3144 mu·
1106 3080 1154 3142 De
1174 3074 1219 3140 bis
1240 3073 1292 3154 qui
1306 3071 1471 3155 sepeliendi
1484 3069 1557 3157 sitiit
1577 3071 1609 3151 sir
1629 3075 1688 3137 lo'co
1703 3070 1804 3151 sacro.
1852 3090 1854 3095 ·

287 3161 367 3234 tari,
387 3178 427 3221 ne
443 3158 562 3235 quidem
579 3157 617 3223 ab
630 3162 694 3222 eius
716 3159 903 3239 heredibus,
925 3158 973 3223 sed
998 3179 1049 3223 ea·
1776 3174 1783 3185 ·
1841 3227 1851 3245 ,

287 3238 358 3300 dein
383 3237 422 3302 ibi
453 3257 601 3316 perpetuo
626 3258 782 3303 remanere
805 3240 916 3304 debent
934 3243 965 3302 in
985 3243 1050 3302 eius
1124 3233 1161 3298 ln
1189 3236 1258 3300 loco
1282 3229 1366 3300 sacro
1398 3232 1557 3310 sepeliendi
1590 3227 1661 3297 sunt
1696 3228 1860 3296 Catholici¹

285 3321 479 3381 memoriam.
501 3317 604 3382 Potesl
625 3318 745 3395 quidem
761 3338 860 3383 novus
878 3318 974 3383 baeres
1005 3319 1049 3382 al·
1083 3336 1220 3390 omnes,
1247 3314 1299 3378 nisi
1324 3314 1402 3378 iulla
1422 3315 1461 3378 de
1479 3312 1578 3378 caussa
1604 3310 1822 3389 prohibeantur
1847 3355 1857 3385 ,

286 3400 384 3459 terius
399 3392 522 3462 familia:
543 3397 603 3461 suae
625 3400 718 3462 etiam
741 3420 824 3464 arma
841 3444 860 3481 ‚1
872 3399 906 3464 dt
924 3398 1049 3478 insignia
1085 3401 1157 3471 cuia
1173 3393 1330 3472 sepultura
1348 3392 1554 3459 Ecclesiastica
1574 3391 1713 3456 inslituta
1730 3388 1774 3453 ess
1799 3410 1862 3468 pro

288 3476 325 3539 ibi
348 3493 498 3552 reponere
516 3476 600 3539 simul
621 3478 766 3542 cumillis
791 3481 878 3556 primi
905 3477 1049 3542 fundato-
1085 3473 1197 3539 Chrisli
1214 3473 1368 3538 fidelibus.
1393 3474 1432 3537 Et
1453 3472 1492 3537 sic
1516 3471 1647 3535 liabetur
1673 3475 1709 3557 in
1733 3487 1792 3547 cap.
1817 3468 1864 3555 δεῇ

287 3558 347 3629 ris,
367 3559 453 3618 cuius
474 3576 593 3633 quoque
614 3556 769 3630 inscriptio
799 3577 975 3630 permanere
1001 3559 1051 3620 de·
1085 3557 1175 3620 Eccle.
1200 3553 1327 3633 consecr.
1350 3552 1460 3615 Clitisli
1482 3551 1673 3616 enimfideles
1690 3549 1864 3623 sepeliendi·

286 3633 339 3697 bet
372 3649 542 3709 perpetuo.
573 3636 611 3698 L.
637 3635 687 3712 qui
702 3634 832 3701 liberabit
862 3643 889 3702 §-
913 3656 966 3701 nec
987 3636 1050 3700 eius
1087 3636 1205 3698 suntin
1227 3634 1297 3697 loco
1317 3631 1411 3709 sacro,
1429 3635 1500 3707 quia
1515 3648 1709 3708 magnumex
1726 3627 1781 3691 boc
1791 3646 1865 3704 per-r

284 3712 402 3777 nomint
417 3714 452 3793 ff
470 3712 506 3777 de
522 3716 650 3791 optusus
661 3713 770 3793 pullis.
1086 3717 1204 3789 cipiunt
1224 3709 1541 3797 emolumentum&
1557 3706 1865 3772 nonlevedamnum-
1894 3718 1899 3729 “
1997 3732 2011 3755 ·-

325 3790 375 3857 lus
405 3793 576 3869 Sepultuiae
604 3799 761 3858 amittitur
786 3812 836 3872 per
865 3794 1049 3870 simoniam,
1086 3792 1275 3858 existimatur
1293 3790 1433 3867 fidelibus⁴
1450 3790 1599 3853 resultare
1614 3809 1654 3850 ex
1674 3789 1855 3861 privatione

284 3892 339 3950 per
355 3870 489 3936 Resioiis
505 3869 705 3950 occisionem,
723 3895 776 3951 per
802 3879 930 3955 crimina
958 3876 1053 3939 haere·
1086 3871 1224 3938 beneficii
1240 3869 1446 3934 ecclesiasticas
1456 3867 1638 3947 sepulturae.
1662 3868 1744 3931 Nam
1753 3870 1863 3941 primo

284 3951 340 4029 sis,
361 3950 395 4017 ἃ
416 3951 495 4017 laesae
516 3953 683 4018 maiestatis
719 3952 812 4018 autsi
841 3958 935 4018 vivus
951 3958 982 4017 in
1012 3974 1051 4018 ea
1086 3946 1583 4032 magnamesfugiuntinsamiam,
1604 3967 1662 4024 qua
1682 3963 1857 4027 gravantur

286 4030 473 4111 sepeliatur,
492 4030 527 4097 ἃ
546 4035 611 4105 aliis
633 4002 777 4097 eiusmodi
800 4036 879 4111 viis,
900 4034 1053 4111 dequibus
1086 4028 1197 4099 exclusi
1215 4031 1250 4095 ab
1259 4027 1462 4094 Ecclesiastiea
1479 4026 1655 4105 sepultura.
1674 4046 1702 4088 ι.
1720 4026 1856 4119 Νριινε·

287 4110 475 4176 Lamberrin.
505 4113 541 4175 de
567 4116 755 4192 iurepation.
784 4114 804 4177 l.
835 4130 864 4194 3.
889 4137 916 4191 q.
941 4115 969 4177 8.
992 4129 1051 4179 art.
1087 4129 1202 4177 riantur
1230 4131 1246 4173 a
1271 4110 1411 4188 malignis
1439 4108 1605 4183 spiritibus.
1629 4122 1658 4187 3.
1689 4109 1856 4182 Participes

286 4208 314 4251 2.
336 4190 470 4256 Barbosa
487 4190 623 4257 lococit.
641 4214 671 4256 n.
693 4206 742 4272 39.
1087 4193 1168 4256 fiunt
1191 4186 1400 4268 suffragiorum
1422 4236 1431 4266 ,
1454 4210 1488 4253 ac
1513 4190 1713 4258 orationum,
1732 4206 1800 4262 quae
1817 4198 1864 4247 eo·

225 4282 269 4321 Μ
326 4271 501 4336 Violatores
509 4273 699 4352 Sepultiirae,
717 4294 771 4351 pro
790 4272 896 4349 quibus
904 4276 1054 4348 veniunt,
1087 4276 1119 4335 in
1141 4272 1209 4336 loco
1230 4268 1311 4334 siunt
1340 4289 1396 4347 pio
1414 4264 1560 4331 desunsiis
1577 4267 1618 4328 ibi
1634 4265 1869 4329 exilientibus«

228 4352 245 4449 ζ
289 4354 339 4419 tui
356 4351 533 4426 Sepulcrum
552 4372 614 4434 non
636 4370 760 4420 tantum
782 4352 985 4428 violant,sed
1002 4357 1047 4416 in·
1087 4344 1719 4435 4.luvanturinrertesfioneSansiorutn,
1741 4348 1858 4418 inquo·
1977 4404 1979 4409 .

233 4412 270 4516 ᾖ·
285 4431 322 4493 de
342 4435 439 4495 etiam
457 4451 679 4510 monumenta,
694 4435 743 4497 vel
767 4434 828 4497 alia
855 4431 956 4498 aufert
978 4433 1053 4507 ,vel
1091 4453 1160 4496 rum
1190 4432 1335 4495 bonorem
1359 4428 1426 4491 Deo
1455 4427 1507 4489 ille
1534 4428 1617 4489 sacer
1642 4426 1723 4487 locus
1739 4423 1865 4487 dicatus·

285 4509 445 4575 Cadavera
462 4508 589 4588 effodit,
609 4535 644 4578 ac
664 4513 791 4592 spoliat,
814 4516 830 4577 1.
838 4514 866 4594 fi
885 4516 1053 4592 Sepulcrum
1087 4510 1149 4588 ess,
1169 4510 1202 4575 dt
1219 4528 1346 4587 quorum
1367 4508 1504 4586 reliquiae
1526 4505 1566 4569 ibi
1589 4503 1748 4593 quiescunt
1769 4548 1777 4564 .
1806 4502 1857 4566 lta

287 4613 314 4652 2.
332 4590 353 4677 s.
377 4594 507 4670 Praeier,
523 4597 577 4656 cit.
595 4594 630 4658 dc
651 4595 922 4674 Sepulrrovi'olirto,
945 4612 1054 4670 praeter
1088 4593 1117 4655 S.
1136 4589 1262 4669 Aiigiisl.
1282 4589 1301 4650 1.
1325 4586 1363 4653 dt
1376 4606 1447 4651 curu
1466 4605 1516 4672 pro
1538 4599 1682 4678 morisim
1707 4583 1741 4650 ὅ(
1764 4583 1867 4648 baber-

286 4674 465 4751 insamiam,
483 4694 576 4748 quam
597 4677 759 4738 incurrunt
782 4673 801 4737 l.
823 4694 848 4736 ι.
868 4675 899 4754 ff.
927 4696 961 4738 tii
985 4673 1050 4738 cod.
1090 4692 1142 4737 tur
1162 4692 1226 4749 cap.
1248 4682 1293 4749 13.
1314 4690 1343 4745 q.
1366 4688 1394 4730 2.
1412 4668 1534 4757 aliisque
1551 4685 1582 4727 in
1604 4667 1693 4727 locis·

249 4828 254 4835 ι
284 4751 472 4831 puniuntur,
494 4772 584 4830 poena
608 4754 810 4819 mulsiantur.
1130 4750 1202 4814 Dixi
1220 4769 1317 4813 omnes
1338 4749 1499 4820 Cassusiri,
1519 4747 1555 4807 ad
1570 4742 1776 4836 exclusionem
1804 4760 1857 4805 eo·

329 4831 374 4895 Ex
392 4836 452 4895 iam
472 4833 554 4897 dislis
576 4828 668 4900 facile
688 4835 791 4912 colligi
821 4830 918 4912 potest
945 4834 1053 4908 quibus
1090 4854 1177 4909 rum,
1197 4835 1247 4907 qui
1265 4826 1335 4892 sunt
1352 4847 1441 4894 extra
1464 4824 1625 4915 Ecclesiam
1652 4844 1724 4888 cum
1747 4822 1777 4883 sn
1804 4842 1859 4901 ptr

285 4931 444 4996 competat
462 4917 508 4978 ius
529 4913 714 4979 concedendi
736 4913 850 4993 situm,
869 4918 922 4979 seii
951 4915 1054 4978 locum
1088 4913 1189 4976 sacros
1210 4928 1344 4974 canones
1362 4911 1399 4973 ab
1418 4903 1620 4972 ecclesiastica
1637 4900 1793 4996 sepultura
1805 4922 1860 4963 tx·

288 5015 341 5067 pro
369 4993 572 5058 conllriienda
602 4995 756 5075 sepultura
778 5045 786 5073 ,
811 5015 918 5073 nempe
938 4994 983 5072 his
1001 4990 1276 5119 qui'cludantiiu
1298 4992 1370 5064 qiiia
1389 4991 1438 5080 cui
1468 5006 1531 5050 non
1563 5000 1858 5050 communicavimus

284 5073 332 5139 ius
354 5073 466 5139 habent
489 5078 519 5139 in
541 5076 692 5158 Ecclesia,
715 5078 958 5142 velcoemeteiio
969 5123 980 5157 ,
999 5074 1050 5142 ubi
1089 5078 1190 5149 vivo,
1206 5089 1261 5145 net
1277 5087 1502 5210 commmslcffe
1534 5064 1677 5129 debemus
1694 5079 1828 5207 ffirktuo
1849 5084 1869 5120 ,ι

254 5168 259 5177 ·
1510 5167 1529 5224 4
1784 5164 1815 5203 ni

811 1025 851 1068 uo
880 1003 996 1069 assensu
1012 1008 1044 1066 in
1081 1003 1133 1080 la,
1152 1007 1231 1082 quod
1252 1027 1379 1083 corpora
1393 1005 1481 1083 supra
1491 1025 1608 1072 terram
1624 1005 1788 1070 existentia
1809 1008 1843 1067 in
