4425 6000
467 543 538 607 tra
744 514 1666 604 Tader-naflburracr.cir.iil.

415 646 487 695 turn
505 635 656 702 roratur,
678 623 760 690 aliud
780 628 984 705 particulare,
1007 624 1056 690 stu
1076 629 1192 690 extrin-
1226 627 1304 703 qiiod
1322 629 1473 704 reperitur
1493 632 1524 690 in
1548 641 1658 693 mutuo
1679 625 1809 706 speiiato
1830 626 1995 697 secundum

418 705 536 772 seeum·
555 706 725 771 Periculum
743 707 905 785 generale,
921 704 973 769 seu
989 703 1190 771 intrinsecum
1226 707 1337 785 finem,
1354 705 1389 771 ad
1405 727 1494 784 quem
1517 704 1576 772 suit
1601 730 1618 772 a
1642 709 1712 773 Deo
1729 711 1926 786 ordinatum,
1954 712 1997 773 id·

417 786 462 852 est
488 785 581 863 iliud,
606 787 684 861 quod
711 807 741 849 re
780 790 858 850 titur
891 791 921 849 in
948 789 1032 850 ouini
1062 796 1192 862 mut'iro,
1226 785 1268 850 est
1290 791 1325 850 ad
1344 807 1489 863 pauperes
1505 784 1844 868 sublevandumlgitur
1866 790 1942 852 nihii
1961 793 1996 852 li·

416 866 473 933 vel
494 865 658 930 secundum
689 864 717 929 se
755 864 892 946 pestate,
918 883 952 930 ut
973 866 1093 941 quando
1113 864 1190 928 bona
1224 881 1276 933 eet
1299 871 1482 943 ertigeteerr
1503 867 1705 932 mutuo-dato
1740 869 1920 945 pauperibus
1947 890 1996 932 ra·

415 943 521 1024 illius,
539 947 587 1012 cui
605 946 695 1011 datur
712 965 870 1024 mutuum,
895 949 990 1020 perire
1012 943 1124 1021 possint
1145 946 1191 1006 iu·
1227 948 1312 1011 tione
1338 945 1463 1021 periculi
1485 966 1524 1007 ex
1541 967 1646 1011 corum
1673 949 1797 1025 inopia,
1816 952 1887 1025 quia
1908 949 1993 1012 Deua

413 1025 545 1105 cendio,
563 1026 737 1099 alluvione,
754 1025 984 1101 devastatione,
1002 1021 1127 1099 aliisque
1139 1024 1192 1086 bu·
1227 1027 1438 1104 praecepitur
1467 1036 1608 1090 mutuum
1630 1029 1722 1105 gratis
1753 1031 1876 1105 pauperi
1906 1024 1994 1091 dare⁴

417 1103 581 1171 iuseemodi
603 1104 716 1169 talibus
736 1102 894 1182 fortuitis,
917 1104 968 1168 vei
993 1101 1127 1181 spatiato
1150 1100 1193 1165 se·
1227 1122 1294 1181 tur,
1317 1122 1352 1168 ut
1375 1101 1470 1174 Exodi
1492 1117 1541 1165 aa.
1562 1105 1592 1169 δι’
1609 1106 1766 1182 pecuniam
1785 1119 1887 1169 mutuo
1908 1107 1997 1171 dede·

419 1186 554 1252 cundum
578 1184 690 1261 finem,
722 1185 758 1248 ad
785 1206 877 1262 quem
901 1202 1042 1246 mutuum
1067 1185 1192 1246 ordioa⁶
1228 1183 1269 1246 ris
1289 1185 1387 1261 populo
1411 1184 1473 1247 irreo
1498 1186 1638 1263 pauperi,
1668 1186 1718 1261 qui
1745 1184 1857 1249 habitat
1882 1200 1995 1267 recurri,

419 1286 491 1331 tum
513 1262 572 1329 suit
594 1285 612 1328 a
634 1263 721 1340 Deo,
750 1284 856 1341 nempe
886 1265 1007 1339 quando
1036 1280 1193 1326 mutuata·
1226 1285 1283 1328 ron
1302 1260 1413 1341 urgebis
1430 1284 1498 1326 curri
1513 1266 1595 1345 quast
1612 1269 1745 1341 cratim,
1762 1286 1813 1330 nec
1832 1263 1931 1344 usuris
1953 1285 1999 1345 op·

417 1350 485 1411 rius
509 1344 546 1416 sit
570 1345 712 1419 paupei‘‚
743 1363 778 1407 ut
806 1341 1023 1409 fideinisionem
1053 1345 1192 1405 invenire
1225 1342 1349 1421 primes.
1373 1339 1464 1405 Unde
1490 1342 1510 1403 li
1530 1344 1570 1406 ob
1596 1346 1765 1422 periculum
1789 1345 1896 1423 lortii,
1916 1342 1996 1422 quod

402 1446 485 1490 >non
507 1421 612 1502 possit,
633 1424 693 1488 dte.
715 1424 841 1487 Certum
861 1423 902 1486 eli
925 1442 1029 1486 autem
1052 1440 1092 1484 ex
1115 1422 1192 1482 Scri·
1225 1422 1269 1486 cll
1291 1425 1322 1483 in
1347 1439 1457 1486 mutuo
1478 1419 1611 1496 spestato
1635 1420 1797 1488 secundum
1822 1423 1937 1498 finem,
1959 1425 1996 1489 ad

415 1505 521 1588 'pruris
538 1520 680 1567 mutuum
697 1503 879 1581 ingratiam
900 1501 932 1567 &
956 1504 1095 1566 levamen
1121 1519 1193 1576 pau*
1226 1520 1317 1577 quem
1343 1501 1425 1563 Deus
1451 1501 1527 1564 illud
1555 1504 1732 1579 ordinarit,
1760 1500 1811 1567 seu
1831 1506 1995 1568 l'ecundiim

418 1580 1044 1663 periaptaecipueinliitutuuisuille‚ut
1069 1584 1191 1656 culpet
1228 1582 1366 1659 pauperis
1386 1597 1528 1643 mutuum
1550 1586 1684 1656 petentis
1703 1586 1852 1661 inopiam,
1883 1580 1996 1661 aliquid

421 1660 647 1747 eleemosynam
677 1659 849 1726 succurrere
878 1662 1048 1736 debemus,
1078 1659 1112 1724 dt
1140 1679 1192 1738 per
1227 1660 1315 1736 liipra
1331 1655 1447 1721 sortem
1468 1661 1573 1723 liceret
1592 1665 1727 1735 accipere
1741 1712 1748 1732 ,
1764 1679 1908 1727 mutuum
1931 1684 1996 1743 gra·

415 1762 566 1807 mutuum
584 1741 746 1819 aliquando
763 1739 920 1805 subsidium
942 1737 1090 1805 seramus.
1109 1740 1192 1801 Peri·
1229 1743 1267 1803 tia
1285 1739 1464 1816 pauperibus
1486 1760 1549 1801 oon
1571 1740 1709 1804 daretur.
1734 1741 1815 1806 Tale
1834 1746 1919 1806 enirn
1946 1762 1995 1819 pe·

419 1824 526 1889 culum
544 1827 630 1889 vero·
642 1821 846 1899 particulare,
866 1820 921 1883 seu
933 1820 1138 1884 extrinsecum
1155 1816 1192 1879 il·
1228 1818 1358 1882 titulum
1377 1815 1422 1881 est
1452 1817 1650 1883 intrinsecum
1681 1838 1789 1885 mutuo
1820 1826 1852 1885 iri
1883 1821 1995 1887 indivi-

419 1902 475 1966 iud
495 1899 557 1978 eii,
580 1901 659 1978 quod
683 1921 830 1966 amunio
861 1897 988 1978 separari
1011 1897 1126 1975 potest,
1155 1911 1191 1960 ut
1226 1899 1305 1971 duo,
1329 1893 1379 1959 scu
1403 1917 1442 1960 err
1467 1916 1581 1963 natura
1596 1895 1647 1963 sua
1666 1902 1720 1963 taii
1743 1919 1851 1966 mutuo
1867 1902 1995 1967 accello·

389 2011 393 2018 ·
421 1979 544 2058 quando
568 1982 659 2047 datur
686 1985 815 2058 pecunia
844 1979 958 2044 bomini
982 1978 1095 2043 nullius
1117 1996 1192 2041 con·
1232 1980 1327 2039 rium.
1348 1976 1556 2042 Acceilorinm
1585 1996 1689 2072 autqn
1727 2000 1872 2045 naturam
1901 1980 1995 2059 sequi·

421 2060 582 2139 scientiar,
601 2059 743 2139 prodigo,
763 2063 866 2142 litium
886 2061 1025 2135 amanti,
1046 2060 1193 2134 navigan·
1229 2075 1279 2119 tur
1301 2054 1345 2118 iiii
1366 2057 1556 2133 principalis,
1572 2079 1611 2121 eii
1633 2061 1738 2137 regula
1755 2080 1803 2141 ᾳ.
1820 2061 1896 2123 iuris
1912 2061 1945 2125 irr
1963 2064 1992 2123 6.

403 2180 404 2184 =
422 2141 449 2204 ti
468 2143 498 2203 in
518 2143 594 2203 mari
611 2136 795 2219 procelloso,
809 2140 1026 2205 commercium
1044 2136 1192 2213 periculo·
1228 2135 1323 2214 igitur
1338 2156 1409 2200 cum
1425 2136 1497 2199 nihil
1517 2136 1604 2215 possit
1621 2144 1698 2219 exigi
1717 2156 1772 2215 pro
1788 2142 1850 2216 ipso
1867 2160 1995 2219 mutuo,

420 2216 628 2284 sum-habenti
644 2268 653 2295 ,
671 2219 731 2285 ἀς.
1229 2219 1271 2278 ita
1287 2233 1421 2301 necpro
1438 2217 1492 2278 tali
1511 2218 1662 2297 periculo,
1684 2221 1759 2285 alias
1780 2225 1913 2284 maxime
1940 2242 1994 2297 op·

378 2324 382 2331 ·
464 2298 550 2364 Nota
567 2316 595 2360 2.
613 2298 779 2380 ‚aliudesse
799 2299 964 2375 periculum
984 2290 1083 2377 fabii,
1112 2293 1190 2359 aliud
1229 2296 1316 2371 primi
1345 2297 1466 2372 pollent
1491 2317 1651 2375 pauperet,
1681 2299 1775 2364 &eo
1797 2300 1922 2378 plusab
1950 2300 2008 2363 hit·

423 2379 591 2457 periculum
618 2378 692 2442 iuris
714 2413 730 2440 .·
752 2380 923 2443 Periculum
939 2378 1020 2461 sarii
1048 2375 1122 2438 illud
1149 2375 1190 2437 eli
1228 2376 1325 2452 exigi,
1341 2395 1462 2466 quanto
1483 2376 1547 2450 pius
1568 2376 1637 2442 sunt
1654 2381 1845 2457 egentiores.
1869 2382 1995 2443 Permit-

423 2458 544 2535 quando
571 2475 718 2524 mutuans
737 2476 799 2522 non
821 2456 941 2535 suscipit
965 2463 995 2519 in
1018 2455 1047 2519 se
1076 2456 1194 2530 pericu·
1229 2457 1268 2517 tit
1297 2452 1417 2528 quidem
1445 2454 1472 2514 S.
1502 2455 1726 2536 Congregatio,
1749 2477 1784 2523 ut
1807 2459 1990 2536 videbimus,

423 2535 489 2603 ium
511 2538 615 2615 soreii,
628 2536 678 2602 sed
689 2550 826 2602 remanet
844 2538 922 2614 apud
940 2538 1125 2611 debitorem,
1141 2534 1192 2597 leti
1229 2530 1341 2610 aliquid
1352 2529 1449 2624 ‘supra
1466 2530 1577 2598 sortem
1593 2542 1684 2614 recipi
1707 2560 1747 2602 ex
1767 2558 1878 2602 mutuo
1900 2542 1994 2603 ratio·

422 2623 666 2696 mutuatariiim,
682 2632 831 2694 quatenus
847 2617 897 2681 hic
914 2630 1037 2682 tenetur
1046 2631 1085 2679 ex
1096 2616 1192 2678 omoi-
1229 2633 1248 2675 n
1296 2612 1444 2689 periculi,
1467 2612 1514 2676 led
1541 2617 1690 2695 intelligit
1719 2620 1756 2681 de
1785 2617 1924 2695 periculo
1942 2639 1995 2682 ex·

419 2695 479 2762 biis
501 2695 560 2761 luis
581 2696 665 2762 boola
685 2698 716 2758 iri
738 2714 928 2775 quocumque
955 2709 1073 2761 eventu
1098 2696 1193 2757 etiam
1229 2632 1374 2783 tdnleco,
1397 2710 1470 2755 orto
1489 2712 1551 2785 non
1567 2715 1606 2759 ex
1624 2699 1746 2776 inopia,
1767 2697 1815 2763 sed
1830 2718 1871 2762 ex
1888 2698 1994 2779 culpa,

420 2776 535 2842 emissae
565 2775 672 2855 sortis,
688 2776 722 2842 &
745 2777 820 2840 lucri
843 2779 1035 2842 tantumdem
1052 2771 1177 2838 reliitue
1229 2770 1433 2849 infidelitate,
1449 2770 1482 2838 ἀ
1500 2774 1647 2838 iniustitia
1668 2781 1867 2843 mutuatariii

422 2870 479 2920 re.
509 2855 685 2921 Periculum
701 2854 783 2919 'irrrr's
807 2856 953 2921 illudesi
979 2854 1100 2933 quando
1125 2867 1192 2916 mii·
1245 2851 1414 2919 ‚Mutuans
1431 2855 1597 2929 periculum
1627 2854 1713 2921 sortia
1742 2861 1772 2921 in
1798 2860 1828 2922 se
1843 2860 1990 2935 recipient

419 2952 514 3004 tuane
531 2939 563 3000 in
584 2933 613 3001 se
629 2932 752 3013 suscipit
770 2929 939 3012 periculum
953 2932 1061 3013 sortis,
1082 2932 1191 2998 a‘cvel·
1230 2930 1326 3009 potell
1348 2930 1404 3026 hoc
1426 2934 1520 2996 titulo
1540 2935 1652 3013 aliquid
1673 2936 1758 3016 supra
1778 2935 1890 3003 sortem
1911 2941 2041 3014 atti-n..

422 3020 471 3079 uti
510 3031 625 3081 novum
654 3019 713 3079 luit
738 3015 930 3081 contrabium
954 3017 1025 3080 idest
1048 3017 1190 3079 allecura·
1230 3031 1320 3090 pete,
1340 3034 1408 3088 quia
1430 3034 1541 3090 praeter
1564 3016 1757 3082 contraitum
1784 3022 1886 3091 mutui
1908 3038 1988 3096 repe·-
2001 3026 2041 3092 pat

421 3097 518 3159 tionis
536 3142 543 3171 ‚
559 3114 621 3172 quo
637 3093 747 3159 sortem
764 3096 936 3173 assecurat;
958 3100 1003 3160 ita
1022 3107 1058 3158 ut
1084 3093 1104 3156 ii
1132 3090 1193 3157 sors
1229 3094 1306 3155 titur
1321 3096 1352 3154 in
1374 3093 1429 3157 hoc
1450 3090 1518 3157 casu
1534 3095 1705 3164 contradus
1734 3098 1987 3164 assecurationis-i
1999 3095 2039 3158 uqi

423 3193 617 3252 quocumque
644 3171 714 3238 casu
742 3173 849 3252 absque
877 3171 982 3240 fraude
1008 3222 1016 3250 ‚
1045 3173 1078 3238 ἃ
1105 3174 1193 3251 culpa
1230 3173 1334 3245 Quare
1353 3170 1429 3236 sieut
1444 3175 1573 3250 quilibet
1594 3181 1689 3256 alius,-
1713 3180 1763 3254 qui
1785 3179 1896 3243 sortem
1915 3169 2041 3268 alle-,⁹3¹2

420 3256 608 3317 mutuatarii
633 3257 788 3331 perierit,
819 3253 935 3331 ipsimet
966 3252 1110 3318 creditori
1142 3250 1192 3316 seri
1228 3256 1521 3330 curaretqrecipeie
1542 3260 1638 3333 pollet
1656 3257 1772 3334 aliquid
1790 3279 1844 3332 pro
1866 3258 1920 3323 lua
1947 3252 2041 3348 asem,

423 3336 596 3400 mutuaturi
613 3351 736 3411 pererit,
757 3345 791 3398 ut
814 3335 933 3399 nullum
950 3335 996 3399 iur
1016 3330 1128 3396 habeat
1146 3355 1192 3399 re·
1229 3327 1436 3410 secutatione,
1453 3337 1497 3397 ita
1519 3337 1615 3412 potest
1636 3354 1781 3402 mutuans
1798 3359 1852 3415 pro
1872 3335 1931 3403 islo
1947 3336 1990 3401 as·

417 3411 546 3490 petendi
566 3409 861 3489 compensationem,
1034 3427 1043 3441 ·
1229 3408 1427 3474 securationis
1443 3416 1604 3481 contraibo
1621 3417 1734 3493 aliquid
1754 3422 1905 3496 accipere.
1926 3417 1989 3481 [1ηὁ

467 3490 539 3557 Nou
565 3492 637 3558 iicet
665 3493 777 3570 aliquid
808 3496 944 3572 accipere
974 3490 1061 3570 supra
1081 3491 1193 3578 sortem
1228 3489 1265 3554 de
1285 3491 1304 3550 si
1322 3492 1505 3567 Apollonius
1521 3496 1653 3562 Aurelio
1667 3499 1811 3580 Smyrnae
1828 3500 1990 3577 naviganti

417 3574 547 3637 ‘ratione
572 3572 718 3651 periculi,
740 3573 818 3650 qlioii
848 3578 880 3637 in
908 3577 992 3639 omiti
1017 3587 1125 3638 mutuo
1148 3578 1192 3636 ie·
1228 3586 1338 3634 mutuo
1358 3568 1445 3635 daret
1462 3591 1570 3639 aureos
1590 3577 1697 3654 mille,
1728 3598 1801 3641 eoru
1854 3597 1895 3642 ue
1915 3581 1993 3656 peri·

422 3650 556 3717 cunduili
575 3649 605 3716 se
624 3651 753 3733 spedato
770 3656 939 3733 repetituri
957 3656 1024 3730 quia
1040 3674 1111 3715 cum
1132 3665 1192 3714 riori
1228 3652 1331 3714 culum
1352 3652 1382 3712 in
1400 3648 1429 3714 s'e
1448 3648 1626 3731 susciperet,
1645 3657 1741 3736 poil'tt
1763 3660 1799 3721 de'
1824 3661 1927 3734 alque
1948 3657 1994 3721 lu·

426 3733 519 3796 liceat
537 3736 672 3810 accipere
689 3732 772 3797 ultra
789 3731 899 3798 sortem
917 3752 972 3809 pro
990 3747 1029 3796 eo
1048 3731 1129 3812 quod
1150 3730 1191 3794 eli
1228 3750 1282 3794 cro
1302 3725 1426 3807 pacisci,
1449 3731 1524 3798 sicut
1543 3737 1671 3810 quilibet
1691 3737 1786 3800 aliust
1804 3727 1892 3801 'l‘alis
1911 3741 1992 3802 enim

424 3811 462 3874 cle
490 3813 658 3879 intrinibc'a
686 3816 805 3878 ratione'
833 3817 956 3899 mutui,¹
981 3812 1055 3876 alias
1075 3812 1193 3875 licitum
1228 3813 1384 3874 mutuatio
1409 3808 1451 3874 eli
1480 3815 1580 3890 potius
1603 3812 1775 3881 contraeios
1809 3816 1993 3895 societatis,

425 3889 504 3953 esset
524 3892 639 3970 aliquid
664 3895 799 3967 accipere
828 3890 914 3975 supla
940 3893 1052 3956 iortem
1074 3894 1104 3954 vi
1128 3911 1194 3955 mu·
1229 3910 1319 3965 quam
1335 3885 1461 3964 simplex
1477 3911 1639 3973 mutuuniq
1660 3917 1730 3960 cum
1749 3900 1781 3958 in
1793 3894 1920 3975 simplici
1930 3918 1993 3962 mu·

321 4007 330 4023 ·
424 3972 492 4046 tuit
509 3970 696 4038 idcircouon
717 3972 787 4036 licet
815 3976 948 4044 recipere
973 3974 1095 4036 ratione
1116 3972 1192 4046 peri·
1230 3981 1340 4033 tuoex
1368 3969 1546 4051 nulia-lege
1592 3974 1626 4040 dt
1647 3977 1735 4054 pratri
1756 3972 1840 4052 sors,
1865 3975 1917 4043 seu
1947 3997 1994 4044 rer

412 4049 486 4112 ''euil
503 4053 673 4129 generalis,
692 4055 762 4128 quia
780 4050 834 4115 hoc
850 4051 893 4113 eli
910 4050 947 4116 de
963 4047 1128 4115 intrinseca
1148 4057 1193 4111 ia·
1228 4060 1369 4114 mutuata
1389 4050 1526 4124 exposita
1547 4022 1584 4117 iit
1606 4056 1757 4134 periculo,
1778 4053 1867 4122 sicuti
1884 4061 1918 4121 in
1938 4057 1994 4123 boc

425 4133 513 4194 tione
532 4133 651 4194 mutuli
678 4131 814 4201 sienim
838 4131 943 4195 liceret
962 4133 1117 4195 mutuanti
1134 4129 1190 4192 ali·
1227 4125 1315 4191 casui
1342 4127 1498 4204 Quocirca
1527 4142 1640 4209 praeter
1660 4133 1856 4200 contradiuin
1880 4137 1995 4204 assecu-

420 4207 495 4286 'qiiid
523 4212 662 4285 accipere
690 4207 777 4285 supra
807 4209 919 4276 sortem
949 4225 987 4273 err
1015 4225 1125 4274 mutuo
1147 4226 1193 4272 ra·
1229 4210 1357 4270 rationis
1381 4207 1424 4272 eli
1444 4213 1539 4275 etiam
1563 4211 1645 4290 quasi
1667 4215 1844 4281 contradus
1867 4217 1994 4284 sociem*

424 4291 513 4353 tiorie
543 4290 668 4366 periculi
699 4287 853 4353 intritiseci
882 4287 1044 4354 seeundum
1073 4287 1103 4352 se
1131 4286 1193 4364 spe-
1230 4290 1286 4350 tis.
1304 4283 1427 4365 lnsupet'
1446 4288 1467 4350 sr
1488 4295 1533 4355 ita
1550 4306 1696 4358 mutuans
1720 4299 1882 4372 pecuniam
1902 4314 2016 4374 erpoi-

424 4366 516 4445 etati,
544 4370 678 4432 meliori!
710 4367 785 4432 elstt
806 4369 989 4433 conditionis
1014 4381 1107 4445 quam
1127 4383 1192 4430 mu·
1228 4366 1302 4431 litut
1321 4364 1364 4429 eil
1386 4372 1448 4441 pati
1470 4372 1993 4456 incommodimiuliumvrderm,

360 4504 363 4509 ⁴
424 4447 578 4510 buatarius
592 4496 600 4525 ‚
614 4447 693 4524 quod
707 4452 896 4512 contrarium
912 4449 955 4512 eli
970 4449 1144 4526 aequalitati
1160 4449 1192 4507 in
1229 4463 1264 4509 ut
1283 4447 1462 4524 participare
1482 4450 1577 4526 poilit,
1589 4457 1684 4516 etiarn
1704 4456 1742 4518 de
1757 4459 1919 4523 commodo
1928 4463 1997 4524 iux.

420 4527 507 4590 until
527 4526 684 4600 contraditi
709 4523 882 4592 serraudae‘r
915 4526 1035 4607 insuper
1066 4528 1122 4590 hoc
1142 4545 1192 4602 pe·
1228 4543 1261 4588 ta
1282 4524 1996 4613 illudcomtriuoeeffatum,quisentitcorrrrrr'o·

424 4604 557 4670 ticulum
578 4604 675 4673 subire
692 4606 787 4685 posset
807 4605 869 4684 ipse
889 4626 1054 4682 mutuans,
1074 4604 1191 4671 etiamsi
1223 4605 1298 4672 ,dunt
1313 4603 1395 4670 delei
1407 4606 1520 4686 sentire
1535 4607 1577 4676 (5
1592 4612 1823 4694 incommodum,
1838 4617 1874 4683 bt
1889 4641 1907 4684 e
1922 4631 1998 4686 cop.

378 4762 380 4766 .
424 4698 490 4750 rein
514 4693 624 4752 mutuo
646 4707 707 4751 non
728 4675 834 4764 daret,
857 4700 979 4753 tumea
997 4687 1075 4764 apud
1097 4684 1192 4761 ipsum
1228 4689 1607 4765 traicumoppositorum
1637 4694 1741 4758 eadem
1764 4694 1801 4763 sit
1823 4702 1932 4781 iatio,
1960 4700 1995 4769 ὣ

425 4784 545 4842 quoque
563 4768 659 4843 petire
683 4767 797 4841 raleat¹
812 4767 851 4831 ob
874 4770 1004 4844 aliquem
1026 4765 1192 4832 fortuitum
1227 4766 1349 4844 regula.
1367 4768 1436 4832 Nec
1452 4771 1538 4847 vaiet
1557 4772 1660 4840 dicere
1670 4810 1681 4855 3
1703 4776 1782 4855 quod
1798 4788 1946 4849 mutuans
1966 4783 1997 4848 se

421 4842 544 4921 casum,
568 4847 619 4918 qui
650 4846 808 4923 innumeri,
826 4839 923 4926 iuot,
951 4869 1014 4913 non
1046 4844 1128 4913 setus
1154 4866 1190 4910 ac
1226 4838 1415 4913 constituent
1437 4848 1656 4934 fideiussorem,
1684 4859 1759 4922 niliil
1791 4863 1891 4942 potest
1915 4863 1994 4930 acci·

331 4956 336 4963 ·
421 4923 503 5001 apud
518 4928 763 5011 mutuatariurn.
899 4991 908 5001 ,
1028 4996 1030 5001 ,
1226 4941 1315 5003 pere;
1336 4931 1495 5006 itaoeque
1515 4933 1590 4998 dum
1608 4933 1637 4999 se
1659 4937 1991 5012 assecuraeoremcou

462 5001 736 5080 illicitum'pariter
751 5006 794 5070 esi
811 5010 877 5072 iur'e
889 5004 999 5072 saitem
1008 5007 1122 5074 divino
1136 5004 1189 5074 aii·
1226 5004 1343 5071 stituit.
1363 5008 1445 5074 Nam
1466 5010 1541 5092 resp.
1560 5015 1657 5080 latam
1671 5019 1733 5085 elle
1756 5021 1988 5101 disparitaterui

419 5080 598 5162 quidforet
619 5079 731 5151 sortem
754 5090 874 5166 exigere
895 5089 1015 5155 ratione¹
1042 5090 1189 5169 periculi,
1224 5077 1299 5152 ideo
1317 5108 1382 5155 oon
1398 5091 1498 5170 potest
1516 5096 1988 5188 acciperemuruansfideruflof,

1880 5194 1954 5268 quia
