4425 6000
475 506 552 607 306
641 559 653 582 .
729 499 1691 587 Thaemuetouruaer.Car.XV1l1.

419 606 475 673 des
492 601 686 684 particulares
700 599 859 676 obiissent,
880 601 996 677 reliqua
1013 602 1110 666 etiam
1126 600 1190 665 hae·
1225 602 1322 665 etiam
1342 601 1424 664 ultra
1445 602 1524 664 vires
1542 599 1730 668 haereditatis
1750 603 1846 669 Anth.
1867 606 1905 672 de
1929 604 1997 676 lte·

424 685 539 751 reditas
560 686 621 759 illi,
635 684 803 748 accrelcere
823 678 1005 764 debetLep
1019 700 1045 743 1.
1065 687 1091 747 b.
1111 683 1190 761 fier
1227 680 1286 745 red.
1302 678 1336 745 dc
1351 680 1487 761 ,Falcidia
1507 687 1532 746 i.
1549 680 1697 761 sancimus
1718 687 1839 748 column.
1864 709 1892 749 1.

419 764 516 848 frando
532 765 563 846 ffi
580 765 616 829 de
636 762 744 828 lraercd
758 759 853 841 ,instra
1197 798 1201 803 -
1266 762 1375 826 Heres
1399 758 1528 826 defundli
1541 772 1676 827 'tenetur
1697 761 1816 828 solvere
1830 770 1936 831 omnia
1957 765 1995 828 il·
2013 747 2041 823 Ψ

465 846 575 910 Haeres
597 842 787 918 testamenti,
805 858 843 905 ut
864 841 926 903 iam
946 838 1059 906 dilium
1078 839 1141 918 eli,
1158 860 1201 905 a··
1227 838 1283 905 lius
1299 840 1401 920 debita
1421 841 1536 920 realia,
1551 847 1618 911 noh
1647 841 1835 923 personalia,·
1857 824 2041 930 succeditpf.u

423 926 483 990 lius
502 921 544 990 cll
562 924 743 997 necessarius
764 940 853 999 quem
874 918 1003 985 testator
1024 923 1190 992 omittere,
1225 924 1308 984 enim
1328 927 1358 985 in
1380 919 1493 984 iuribus
1512 920 1650 985 omnihus
1672 923 1809 988 realibus
1829 923 1963 991 defundli
1982 937 2041 1002 ,tu

423 1005 476 1069 seu
493 1003 657 1082 praeter'tre.
671 1006 796 1079 nequit,
816 997 867 1064 seu
882 1020 973 1076 quem
993 996 1190 1066 testatorsal·
1226 1021 1288 1064 non
1299 998 1513 1085 personalibus,
1533 1005 1602 1076 quia
1619 1001 1753 1067 extinlla
1775 1003 1901 1080 persona
1923 1008 2041 1073 haee&

422 1101 488 1151 tem
510 1087 543 1147 in
564 1086 702 1160 portione
716 1082 859 1161 ,legitima
878 1078 1190 1167 instituetecogitur,
1226 1086 1342 1160 pariter
1368 1085 1618 1160 extinguuntur.
1645 1082 1675 1145 st
1699 1084 1800 1160 plures
1828 1107 1906 1151 vero
1930 1079 2041 1153 ὑπ’*

423 1162 477 1228 nifr
495 1163 606 1230 habeat
623 1164 731 1227 iollam
749 1160 881 1232 caullam
901 1179 976 1246 eum¹
991 1159 1189 1226 exhaeredan·
1226 1160 1374 1234 haeredes,
1391 1181 1496 1226 munes
1518 1182 1573 1239 pro
1594 1179 1663 1225 rata
1681 1162 1879 1230 hereditaria
1900 1171 2002 1232 ratio·

422 1248 452 1307 di
473 1237 674 1323 ;'cuiufmodi
704 1238 775 1305 lunt
794 1259 899 1304 omnes
921 1239 1135 1305 delcendentes
1155 1238 1189 1305 dc
1226 1261 1264 1304 ne
1283 1240 1388 1305 eadem
1409 1242 1505 1305 realia
1525 1239 1629 1306 debita
1650 1240 1786 1307 defunfli
1810 1242 2001 1318 fulverete·

423 1322 619 1398 ascendentes
640 1326 671 1385 in
693 1322 773 1384 linea
793 1317 893 1396 refla;
910 1320 988 1384 alius
1009 1340 1070 1384 non
1090 1320 1189 1383 necel·
1226 1340 1357 1386 nentur.
1376 1321 1444 1385 Nec
1465 1318 1563 1386 folum
1578 1320 1681 1387 debita
1700 1323 1818 1401 realia,
1833 1323 1884 1389 sed
1900 1330 2002 1393 etiam

423 1405 535 1479 larius,
551 1400 605 1477 ,scu
622 1400 835 1478 voluntarius,
856 1418 947 1476 quem
977 1397 1107 1464 testator
1128 1420 1189 1463 non
1227 1400 1325 1479 legata
1345 1405 1449 1464 omnia
1468 1399 1503 1467 dt
1522 1400 1561 1465 ad
1581 1404 1645 1479 pias
1661 1403 1799 1482 caullas,
1817 1403 1851 1469 dt
1873 1407 2000 1481 propha-

419 1486 542 1562 cogitur
563 1481 717 1559 ¹haeredem
738 1480 915 1555 inllitucre,
935 1495 970 1543 ut
992 1475 1061 1544 sunt
1083 1500 1188 1544 omnes
1226 1477 1419 1544 uasdefunfli
1440 1478 1559 1546 solvere
1579 1500 1702 1545 tenetur
1723 1482 1840 1560 haeres,
1863 1481 1998 1552 frvehae.

421 1564 585 1640 extranei,
600 1564 662 1624 imo
682 1558 732 1637 ipfr
749 1554 984 1637 consanguinei,
998 1555 1056 1633 ,seu
1071 1558 1189 1638 sangni-
1227 1561 1330 1635 redes,
1348 1558 1396 1625 fed
1413 1563 1494 1639 prius
1511 1578 1618 1626 tamen
1638 1561 1783 1640 lolvenda
1801 1563 1997 1646 funtdebita,

421 1662 479 1720 ne,
501 1642 554 1706 vel
573 1634 1067 1729 ssirpeconiunflitellatori,led
1085 1642 1189 1703 nonin
1225 1637 1245 1701 fr
1278 1637 1548 1726 forte·‚dubitetur
1577 1639 1792 1716 haereditatem
1825 1644 1899 1707 latis
1933 1665 1997 1710 nou

422 1724 502 1788 linea
521 1743 536 1793 τ
553 1793 556 1799 ,
584 1741 613 1796 a,
632 1718 754 1785 acideo
774 1721 782 1779 i
806 1717 826 1779 fr
842 1713 951 1782 fratres
970 1723 1078 1795 etiam,
1093 1718 1127 1784 ἃ
1143 1718 1189 1782 fo·
1224 1720 1283 1783 elle
1301 1740 1355 1797 pro
1371 1721 1527 1797 utriulque
1548 1720 1720 1795 solutions,
1741 1743 1811 1787 cum
1839 1727 1922 1801 prius
1934 1726 1997 1794 >lol-

421 1822 503 1867 rores
520 1816 552 1864 te
581 1802 673 1865 acoris
690 1739 838 1862 defungi.
856 1797 963 1861 Haeres
980 1795 1101 1874 insuper
1111 1798 1189 1861 Suus
1225 1799 1324 1864 venda
1344 1797 1403 1864 sint
1424 1797 1525 1865 debita
1545 1796 1671 1864 onerosa
1696 1821 1735 1865 ex
1766 1800 1882 1867 iustitia
1905 1824 1997 1880 quam

420 1883 471 1947 ille
493 1880 622 1958 dicitur,
637 1880 687 1955 qui
709 1874 751 1941 cll
768 1880 924 1953 proximus
934 1876 1115 1941 descendens
1134 1897 1188 1940 ex·
1224 1881 1381 1957 gratuita3
1408 1878 1519 1944 idcirco
1539 1883 1620 1957 prius
1640 1881 1735 1943 etiam
1754 1878 1901 1947 solvenda
1922 1880 1994 1949 funt

421 1979 493 2032 tans
526 1962 558 2022 in
586 1957 738 2035 potestate
766 1954 918 2020 tellatoris
960 1975 1097 2037 tempore
1122 1959 1201 2022 eius'
1226 1976 1300 2020 vota
1318 1960 1417 2021 ,realia
1442 1954 1518 2024 faeta
1538 1980 1555 2024 a
1577 1956 1725 2024 testatore
1747 1982 1840 2037 quam
1858 1962 1991 2041 legata.

420 2040 545 2116 mortis,
563 2041 659 2104 etiam
667 2033 854 2115 pollhumus,
871 2038 967 2116 etiam
979 2038 1134 2117 ,naturalis
1142 2038 1186 2101 le·
1223 2038 1356 2114 Qrando
1372 2055 1476 2104 autem
1496 2038 1657 2103 hareditas
1679 2034 1806 2104 sufficiat
1832 2061 1887 2117 pro
1907 2048 1994 2107 omm

420 2122 579 2199 gitimatus
600 2138 652 2195 per
672 2113 847 2191 subsequens
867 2120 1098 2181 matrimonium
1115 2124 1140 2183 i.
1158 2137 1186 2179 2.
1222 2138 1315 2181 onere
1331 2115 1516 2193 supplendo,
1532 2134 1677 2181 tenentur
1698 2118 1831 2183 haeredes
1847 2121 1993 2187 submor-

419 2199 514 2282 Instir.
535 2199 570 2264 dr
586 2197 691 2262 lraered.
712 2196 874 2274 qualitate,
895 2196 978 2259 ⁴Suus
997 2196 1118 2272 quidem
1139 2196 1187 2281 hic
1223 2196 1280 2262 tali
1301 2195 1401 2260 statim
1417 2194 1589 2266 satisfacere
1613 2199 1664 2274 pia
1686 2198 1814 2277 legata,
1838 2203 1995 2282 precipue¹

420 2280 532 2345 dicitur
554 2278 667 2353 haeres,
689 2279 757 2353 quia
778 2275 821 2338 cll
851 2275 946 2339 haercs
975 2276 1186 2361 domesticus,
1223 2275 1324 2339 sisinn
1351 2277 1388 2338 de
1412 2276 1620 2348 celebratione
1639 2276 1823 2356 Millarum,
1843 2297 1879 2345 ut
1895 2283 1991 2346 eitius

419 2359 454 2426 dt
471 2362 542 2436 quia
559 2356 773 2439 hereditatem
791 2357 871 2431 prius
882 2356 1012 2429 quodam
1021 2357 1111 2420 modo
1125 2360 1186 2419 iam
1223 2376 1315 2431 quam
1335 2353 1399 2419 fieri
1422 2355 1519 2431 potest
1551 2354 1732 2433 suffragetur
1754 2362 1857 2423 anima
1887 2358 1994 2425 defun'·

419 2437 504 2506 fuam
527 2436 676 2502 obtinet.
699 2436 810 2498 Haeres
830 2454 893 2498 non
920 2436 996 2499 Suus
1021 2435 1133 2500 dicitnr
1152 2457 1186 2501 o·
1220 2434 1278 2510 dli,
1297 2433 1434 2502 &cauti
1456 2439 1550 2499 etiam
1569 2437 1629 2499 elie
1655 2435 1766 2501 debent
1786 2436 1839 2502 sub
1862 2441 1991 2505 mortali

418 2520 500 2583 mnis
516 2517 593 2583 alius
613 2518 710 2581 haeres
734 2515 796 2578 live
820 2511 858 2578 ab
877 2516 1046 2593 intestato,
1062 2513 1127 2580 frve
1146 2535 1185 2581 ert
1221 2519 1252 2578 in
1264 2513 1366 2599 ¹Missis
1380 2513 1597 2589 ‚distribuendis
1615 2516 1847 2593 Sacerdotibus,
1867 2518 1906 2584 de
1924 2522 1992 2597 qui·

418 2594 603 2664 testamento
625 2593 830 2669 constitutus,
849 2597 902 2669 qui
927 2593 1113 2678 haereditatis
1128 2596 1185 2663 ,do-
1220 2596 1276 2679 bus
1297 2592 1406 2675 sperari
1424 2593 1521 2672 potest
1538 2594 1619 2672 quod
1635 2595 1721 2660 brevi
1737 2595 1772 2661 dc
1794 2600 1860 2661 cito
1884 2598 1990 2668 Midae

418 2680 547 2742 minium
564 2696 626 2741 non
639 2678 790 2753 acquirit,
806 2689 972 2753 antequam
986 2695 1053 2739 earn
1073 2676 1186 2753 adeat,
1212 2674 1395 2754 ¹celebrent,
1420 2694 1460 2738 ne
1480 2696 1520 2738 ex
1538 2675 1690 2740 dilatiore
1700 2678 1850 2741 pretorem
1868 2698 1991 2754 ptena-

418 2755 472 2822 seu
492 2757 767 2824 voluntarie'eam
785 2771 924 2829 acceptet
948 2754 1133 2821 declarando
1156 2756 1186 2820 se
1222 2758 1361 2832 patiatur
1376 2752 1555 2840 ¹defun-llus,
1575 2758 1627 2832 qui
1647 2773 1697 2820 eas
1723 2754 1987 2839 celebrandam·

418 2835 569 2903 haeredem
593 2835 654 2902 esse
673 2835 755 2899 velle
777 2842 804 2900 5.
826 2834 882 2897 ult.
905 2834 1003 2899 Instit.
1028 2838 1080 2901 cit.
1102 2836 1185 2899 Huic
1221 2838 1330 2912 liquit.

418 2918 510 2983 datur
536 2919 608 2983 anni
631 2912 766 2995 spatium
790 2910 947 2991 postquam
967 2914 1018 2980 fibi
1038 2916 1185 2981 collatam
1256 2916 1370 2993 ¹Haerep
1388 2936 1429 2980 ex
1448 2914 1641 2993 ‚testamento
1658 2913 1721 2981 elle
1745 2916 1843 2995 potest
1862 2917 1988 2995 quilibet
2034 2921 2041 2969 l

419 2995 632 3078 hereditatem
657 2995 805 3074 cognovit
834 2992 871 3056 td
901 2992 1130 3081 deliberandum
1149 3019 1185 3062 u·
1221 2995 1284 3061 frve
1303 2992 1567 3079 consanguineus,
1586 2993 1649 3060 five
1672 3015 1857 3076 extraneus,
1877 3003 1927 3064 cui
1951 2999 2041 3066 ἆτ’*

419 3098 501 3143 trum
520 3097 589 3143 tam
610 3076 693 3141 adire
711 3075 812 3162 uelit,
829 3093 946 3152 necne,
964 3074 1003 3144 p&
1027 3076 1186 3143 frinterea
1221 3079 1288 3142 iure
1316 3096 1378 3141 non
1405 3076 1584 3168 prohibetur
1609 3121 1618 3138 .
1647 3076 1696 3142 lta
1719 3081 1927 3166 communiter
1951 3101 1989 3145 ex
2003 3112 2041 3163 pq,

418 3161 592 3237 moriatur,
609 3154 792 3222 tranlinittit
809 3150 981 3220 suohaeredi
1001 3153 1185 3222 facultatem
1221 3159 1295 3236 Leg.
1316 3178 1377 3223 non
1402 3176 1478 3221 ruris
1495 3172 1544 3236 31·
1571 3153 1812 3222 fidehaeredr
1846 3158 1895 3222 ris.
1919 3163 2041 3238 *Pro-ua

418 3237 547 3305 adeundi
563 3236 781 3321 ¹haereditatem
801 3236 895 3313 usque
916 3234 953 3301 ad
969 3233 1068 3323 finem
1078 3240 1152 3302 anni
1174 3283 1181 3300 .
1221 3237 1365 3300 hibentur
1381 3257 1457 3302 vero
1479 3237 1516 3300 de
1536 3240 1602 3300 iure
1623 3237 1757 3302 haeredes
1783 3239 1815 3300 in
1844 3242 1933 3316 itui,
1960 3255 2040 3311 uim

417 3319 467 3387 Er
477 3320 541 3382 iure
557 3320 682 3403 antiquo
694 3313 820 3396 ,llatim
841 3336 877 3380 ac
897 3316 1110 3383 hereditatem
1125 3317 1187 3383 hae·
1222 3317 1393 3381 ludaeorum
1408 3317 1638 3390 communitas,
1658 3318 1732 3397 Leg.
1747 3337 1777 3398 r.
1799 3319 1865 3382 cod.
1884 3319 1921 3383 dc
1942 3327 1991 3384 irs·
2006 3318 2041 3369 φ’

418 3418 466 3464 res
490 3396 733 3477 acceptaverat,
755 3393 923 3479 ‘tenebatur
954 3393 1129 3463 satisfacere
1153 3418 1187 3461 o·
1220 3397 1313 3473 deis,
1328 3414 1357 3456 2.
1380 3397 1536 3472 haeretici,
1551 3416 1717 3472 eorumque
1746 3413 1921 3475 receptores
1934 3449 1943 3479 ,
1956 3399 1991 3467 dt
2031 3462 2033 3465 ,

417 3477 535 3543 mnibus
554 3475 756 3544 creditoribus
775 3473 908 3542 defuufli
921 3523 931 3555 ,
946 3479 1042 3543 etiam
1055 3481 1101 3542 'err
1116 3497 1186 3556 pro·
1214 3472 1412 3553 'defensorem
1435 3476 1640 3553 Excipiuntur
1659 3493 1768 3542 tamen
1789 3478 1991 3558 Lutherani,

415 3562 509 3638 prus,
525 3557 547 3621 si
563 3557 640 3623 bona
656 3554 791 3621 defuntli
810 3551 883 3621 fatis
899 3559 961 3625 uon
973 3553 1183 3641 ,intuendae
1215 3553 1255 3643 ¹dt
1274 3555 1473 3642 Calvinillar,
1488 3558 1540 3634 qui
1557 3555 1666 3622 falcem
1684 3559 1716 3619 in
1733 3557 1864 3634 Imperio
1881 3561 1994 3626 Rorna-

418 3659 487 3718 quae
503 3640 563 3704 dor.
585 3636 618 3702 ff.
633 3635 729 3717 flato
745 3636 874 3701 merres.
897 3637 991 3703 Nunc
1008 3641 1187 3719 veroexiu·
1221 3656 1264 3702 uo
1284 3635 1417 3702 heredes
1438 3636 1499 3701 effe
1524 3637 1645 3711 potsunt
1673 3640 1704 3701 vi
1726 3639 1813 3702 Pacis
1831 3638 1995 3704 Monaste·

418 3741 452 3797 re
473 3738 557 3803 ¹novo
573 3717 749 3796 indulgetur
765 3721 808 3781 eis
828 3719 879 3796 qui
901 3719 1114 3784 hereditatem
1134 3718 1186 3784 he-
1221 3712 1344 3806 rienfis,
1369 3733 1398 3796 3.
1418 3715 1563 3792 apostatae
1584 3715 1791 3784 aChristiana
1817 3711 1898 3797 ,Flac
1921 3725 1992 3800 Lag.

418 3799 532 3864 nehcio
546 3799 714 3885 inventarii
735 3797 973 3880 acceptant,'ut
990 3816 1187 3865 nontencan·
1220 3796 1244 3858 ri
1282 3796 1332 3874 pur·
1369 3811 1399 3875 3.
1427 3796 1488 3861 cod.
1525 3797 1561 3860 ds
1593 3795 1713 3875 apostare.
1752 3821 1782 3878 4
1810 3802 1863 3874 qui
1890 3819 1993 3878 percu·

409 3897 469 3944 tur
488 3878 606 3943 lolvere
625 3876 726 3942 debita
746 3874 877 3942 defimfli
894 3880 976 3944 ultra
998 3878 1187 3944 vitcshaere·
1223 3879 1308 3942 tiunt
1362 3877 1415 3942 v'el
1443 3873 1663 3954 persequuntur
1687 3876 1879 3955 cardinalem
1897 3879 1933 3941 E.
1954 3880 1992 3944 R.

418 3959 525 4023 ditatis
546 3963 572 4024 i.
586 3958 614 4037 fi
632 3969 731 4021 eurem
751 3956 784 4020 ll.
797 3959 834 4022 de
854 3957 921 4046 r'rrre
940 3958 1135 4024 deliberandi.
1146 3959 1186 4025 Et
1220 3958 1294 4034 Cap.
1305 3925 1407 4035 filicis
1422 3956 1528 4021 record.
1548 3976 1574 4034 5.
1591 3957 1628 4021 de
1646 3958 1739 4036 penis
1756 3960 1830 4025 ins.
1855 3979 1883 4039 5.
1905 3978 1991 4036 pere·
2024 4021 2026 4025 ,

419 4036 540 4117 insuper
555 4035 624 4115 ipsis
647 4039 824 4102 conceditur
845 4054 883 4102 ut
904 4042 987 4103 intra
1006 4056 1053 4120 30.
1066 4040 1187 4102 diesin-
1221 4037 1319 4119 grini,
1340 4040 1391 4112 qui
1411 4041 1457 4101 ius
1479 4039 1622 4102 civitatis
1651 4039 1800 4116 Romane
1821 4058 1863 4104 ear
1887 4037 1994 4104 mulla

418 4118 596 4202 rentarium
627 4118 686 4197 iqci
713 4120 718 4132 '
738 4110 888 4202 heluisi
910 4117 986 4183 adfrt
1015 4119 1187 4200 legitimum
1221 4136 1321 4196 poenae
1342 4117 1526 4196 amiserunt,
1544 4117 1650 4195 quales
1669 4113 1738 4186 funt
1754 4116 1911 4197 deportati
1931 4117 1994 4182 cad.

417 4197 667 4280 impedimentum
690 4138 759 4274 fu&
782 4198 933 4294 ιι’)ψῐτότ
953 4201 1002 4283 60.
1024 4198 1092 4282 dies
1111 4199 1185 4281 illud
1222 4198 1259 4261 de
1279 4197 1396 4264 herede
1415 4195 1510 4277 instit.
1529 4197 1613 4261 secus
1629 4197 1673 4260 eli
1690 4198 1727 4272 de
1748 4202 1914 4279 peregrinis
1931 4218 1996 4262 non

415 4277 603 4343 concludant
614 4274 674 4367 ,fe
696 4280 904 4364 mansuetum
918 4277 1053 4362 spatium
1070 4298 1185 4358 tempo
1220 4276 1321 4343 caufla
1342 4296 1441 4354 poenae
1454 4325 1462 4353 ,
1477 4274 1530 4342 feu
1549 4277 1736 4355 alienigenis.
1750 4278 1797 4353 lli
1812 4283 1898 4343 enim
1913 4273 1996 4341 face·

416 4362 475 4438 ris,
496 4357 518 4420 h
538 4359 619 4434 bona
635 4353 763 4442 defunfli
775 4406 784 4437 ,
798 4357 850 4439 yel
870 4361 967 4433 maior
985 4359 1108 4439 illorum
1119 4380 1185 4436 pars
1221 4378 1253 4422 re
1278 4356 1399 4434 pellunt
1430 4353 1647 4423 testamentum
1666 4357 1765 4422 Auth.
1787 4362 1896 4424 Omnes
1909 4373 1998 4436 pere·

357 4446 360 4453 '
416 4436 454 4502 sit
474 4436 564 4502 extra
586 4438 686 4502 locruu
697 4485 705 4521 ,
727 4439 759 4499 in
778 4456 840 4514 que
856 4435 998 4504 habitant
1017 4440 1152 4505 haeredes
1170 4484 1183 4519 ,.
1216 4437 1315 4520 grini,
1331 4437 1477 4502 Heredes
1497 4457 1606 4516 qaoque
1625 4435 1745 4518 institui
1758 4438 1887 4519 prffuspt.
1905 4437 2001 4504 6.Da·

415 4517 632 4583 Inventarium
649 4520 726 4587 uero
742 4512 809 4581 fieri
827 4514 917 4588 debet
937 4537 1010 4592 ante
1033 4520 1184 4596 publicum
1220 4523 1317 4603 lunari
1332 4517 1371 4582 ad
1391 4518 1538 4582 ultimum
1557 4515 1753 4598 supplicium,
1772 4539 1812 4583 eo
1839 4517 1921 4595 quod
1942 4517 2002 4585 sta·

415 4598 583 4664 Notarium
606 4645 615 4674 ,
638 4595 672 4663 &
691 4592 773 4683 fallo
797 4597 976 4682 inventario
997 4600 1184 4680 ‘conceditur
1218 4602 1280 4674 ‚tim
1295 4619 1330 4661 ac
1349 4595 1555 4676 damnantur,
1580 4597 1721 4663 evadunt
1740 4601 1892 4678 peregrini
1918 4601 1998 4683 Lag.

414 4675 528 4749 heredi
554 4697 649 4749 annus
666 4679 785 4762 intepet
807 4695 949 4762 amorre
972 4678 1126 4756 testatoris
1146 4679 1183 4761 ad
1218 4677 1270 4757 qui
1289 4677 1344 4742 ult.
1366 4691 1414 4754 29.
1457 4675 1628 4756 .depoenis
1648 4676 1677 4741 8.
1698 4675 1739 4745 ἐῖ
1758 4676 1860 4757 seruis
1876 4696 1998 4758 poenae.

414 4756 643 4831 deliberandum
660 4769 736 4838 ,nun
754 4757 838 4839 a'dire
859 4758 939 4835 uelit
953 4757 1183 4837 haereditatem,
1219 4778 1248 4841 7.
1269 4757 1373 4825 Liberi
1426 4757 1557 4836 ¹,llium
1576 4755 1822 4833 &perduellium
1838 4754 1999 4839 lemeis·

351 4907 354 4913 ,
414 4839 466 4904 vel
489 4835 683 4912 noa.Quod
704 4834 725 4898 fr
747 4834 925 4923 haereseon
951 4835 1050 4923 faciat
1072 4843 1183 4918 iuven·
1217 4848 1275 4918 'que
1296 4857 1323 4917 5.
1341 4834 1468 4916 ,andlan
1480 4838 1569 4917 legem
1584 4835 1767 4917 JulMaiesr.
1785 4839 1817 4902 hi
1831 4835 1999 4905 euimsue·

413 4921 529 4987 tarium
548 4920 631 4982 intra
653 4916 716 4980 tale
746 4914 932 4997 praefinitum
952 4936 1070 4999 tempus
1090 4921 1183 5001 aiu·
1219 4918 1325 4997 cedere
1344 4935 1499 4995 nequeunt
1519 4936 1622 4996 neque
1642 4917 1681 4983 ab
1699 4916 1870 4998 intestato,
1891 4938 2001 4985 necea

414 5017 468 5075 se,
489 4997 539 5064 uel
560 4996 715 5073 completo
735 5015 819 5061 anno
838 5014 901 5060 non
917 4996 1182 5075 deliberer,tene·
1219 4996 1425 5074 testamento,
1449 5015 1505 5060 nec
1532 4996 1704 5065 donatione
1721 5000 1826 5067 capua
1853 5001 2000 5064 mortis.

414 5096 467 5159 tur
483 5076 641 5143 adomnia
662 5072 1181 5160 debita&cbligationesdefunsti
1217 5077 1245 5141 8.
1276 5079 1407 5158 Spurii,
1436 5075 1470 5143 dt
1499 5078 1567 5143 nati
1593 5096 1634 5146 ex
1657 5076 1805 5148 &meato
1828 5079 2002 5228 ιοΔττιτκιιξὶτι
