4425 6000
461 518 543 613 448
700 515 873 590 Tener.
898 515 1241 591 narianensis
1269 509 1476 587 eerraira
1505 512 1609 590 Car.
1635 510 1714 590 111.

824 668 827 672 .
1209 612 1309 673 minut
1334 607 1430 673 liba.
1450 610 1582 676 delunis
1608 612 1741 693 operibat
1761 634 1827 697 cap.
1854 636 1880 683 r.
1901 617 1978 686 Non

711 697 754 760 §.r
789 691 876 780 m·
1210 686 1326 768 frangit
1345 709 1421 778 vero
1439 694 1589 756 ieiunium
1619 711 1711 768 potua
1736 694 1895 777 tervisrae,
1914 701 1978 765 alo·

721 846 727 857 ¹
774 844 792 857 ..
844 845 849 856 ·
894 844 900 855 ¹
1210 770 1530 845 :inequalitatem
1544 773 1978 855 mixtae,aliarumqueaqua·

369 861 373 868 '
454 860 500 919 De
515 851 672 918 uiolatione
688 850 791 917 ierunu
807 843 1139 937 aliqurdsrrntendovel
1213 870 1307 927 rum,
1337 871 1407 926 quae
1428 870 1468 915 ea
1493 854 1696 929 cinamomo,
1727 855 1873 935 cerastis,
1899 863 1977 924 acri·

482 933 600 1002 libendo
619 946 708 1002 entra
726 925 889 1008 mesanam
908 924 1108 1008 refrenarem,
1211 928 1265 996 but
1282 976 1291 1006 ,
1309 929 1430 1004 lrorded
1441 950 1694 1010 componuntnr,
1715 955 1786 1001 nam
1813 938 1887 1003 licet
1913 938 1983 1005 saei

685 1008 728 1080 da·
746 1010 902 1078 mlum.
1088 1055 1092 1063 .
1212 1009 1367 1088 charum,
1390 1013 1619 1090 cinamomum,
1640 1012 1770 1094 aliane,
1793 1039 1862 1097 quae
1894 1022 1979 1095 aquia

1213 1090 1403 1168 miscentur,
1431 1085 1594 1157 secundum
1617 1088 1817 1161 serationem
1844 1098 1977 1166 hab'eant

451 1178 580 1244 sumens
607 1175 718 1256 sapius
743 1170 850 1239 eodem
872 1168 922 1233 die
947 1167 1018 1249 quid
1049 1169 1178 1233 nutriti·
1212 1168 1290 1245 cibi,
1306 1164 1510 1235 infunduntur
1526 1190 1630 1235 tanen
1656 1177 1688 1237 in
1711 1178 1830 1242 modica
1853 1180 1978 1257 quanti·

411 1279 506 1337 uum,
527 1258 600 1323 licet
621 1261 785 1335 exiguum,
804 1250 838 1316 dr
854 1249 916 1314 srne
936 1252 1042 1315 animo
1059 1246 1176 1319 noeabi-
1214 1263 1300 1326 tate,
1315 1246 1350 1312 dt
1371 1249 1445 1313 adeo
1463 1252 1643 1328 liquantur,
1664 1271 1699 1320 ut
1716 1262 1872 1335 pmpriam
1887 1275 1979 1324 natu·

411 1340 443 1405 le
463 1336 616 1415 surnendi,
638 1350 745 1413 peccat
771 1332 968 1426 mortaliter,
986 1328 1107 1406 quando
1140 1326 1178 1395 ad
1213 1347 1279 1393 ram
1305 1333 1484 1394 amittant.
1514 1330 1599 1396 Nam
1623 1333 1701 1400 fier
1716 1336 1858 1416 opposito
1873 1356 1977 1418 panim

410 1418 583 1485 notabilem
600 1419 810 1498 quantitatem
825 1408 955 1476 scienter
974 1412 1178 1487 pervenerit,
1214 1428 1299 1484 aquae
1322 1428 1393 1471 cum
1416 1427 1525 1489 magm
1548 1432 1655 1476 eorum
1670 1423 1851 1490 quantitate
1874 1414 1979 1482 misce·

407 1498 449 1566 ἃ
470 1496 590 1563 conllat
614 1516 654 1560 cat
678 1491 821 1575 proposit·
847 1491 991 1556 damnata
1024 1487 1061 1555 ab
1085 1489 1177 1556 Alex.
1213 1505 1320 1565 retur,
1334 1506 1478 1554 naturam
1492 1489 1552 1555 cibi
1568 1491 1725 1559 servarent
1741 1495 1925 1573 &aletenu
1943 1515 1982 1562 ae

412 1578 483 1644 Vll.
500 1598 530 1640 n.
549 1594 597 1655 29.
613 1597 681 1653 quae
697 1574 888 1640 contrarium
910 1574 955 1635 ita
974 1567 1125 1634 docebat:
1142 1574 1179 1631 ln
1214 1568 1340 1645 proinde
1359 1564 1537 1646 frangerent
1554 1574 1722 1639 ieiunium.

412 1659 464 1727 die
479 1656 586 1724 ieiunii
600 1657 651 1735 qni
661 1655 773 1737 saepius
791 1653 938 1743 nedicunt
953 1648 1027 1728 qnid
1038 1649 1179 1739 comedit,
1253 1644 1401 1717 Versatur
1418 1670 1497 1743 uero
1514 1654 1594 1718 inter
1610 1652 1770 1733 theologos
1788 1660 1895 1736 gravis
1909 1677 1980 1725 ton·
1992 1630 2040 1699 Q*

412 1742 466 1823 etss
485 1735 639 1803 notabilem
659 1737 854 1815 quantitatem
868 1752 902 1798 rn
915 1734 980 1875 (ne
999 1728 1178 1804 comedent,
1212 1726 1364 1821 troversia
1397 1751 1478 1795 eirca
1509 1749 1615 1808 potum
1651 1736 1743 1814 vini,
1773 1756 1866 1813 quem
1897 1735 1981 1803 lulli·
1994 1760 2040 1812 a.

411 1842 471 1886 non
483 1817 602 1899 frangit
621 1815 787 1882 ieiunium:
809 1834 881 1878 nam
903 1812 957 1875 ila
974 1809 1060 1885 plura
1081 1809 1179 1874 modi·
1215 1826 1291 1901 nent
1314 1808 1407 1885 aliqui
1429 1811 1576 1876 ieiunium
1596 1813 1713 1877 violare
1736 1813 1880 1882 nautium
1900 1814 1978 1885 infra

411 1921 451 1965 aa
477 1896 668 1964 constituunt
698 1915 837 1973 magnam
875 1892 1116 1969 quantitatem,
1145 1886 1179 1956 dt
1213 1885 1322 1966 diem,
1348 1891 1549 2031 congedentes
1575 1888 1763 1959 solummodo
1787 1914 1901 1974 potum
1925 1899 1992 1965 nei

410 1976 558 2044 effebum
582 1976 745 2042 notabilem
771 1972 973 2049 producunt,
1002 1965 1055 2033 seu
1088 1986 1179 2034 nora·
1212 1966 1406 2032 cellariuma
1443 1966 1603 2039 sedandam
1628 1972 1726 2047 sirim,
1746 1977 1797 2051 qui
1823 1976 1900 2041 nihil
1924 1995 1979 2046 aut

408 2057 504 2125 bilem
531 2058 735 2121 nutritionem
763 2056 794 2116 in
816 2072 854 2116 eo
877 2073 888 2129 ς
921 2051 1065 2114 nutriunt
1095 2051 1180 2113 enirn
1213 2067 1321 2124 parum
1336 2051 1475 2128 nutriat,
1491 2048 1524 2116 dt
1541 2051 1586 2116 ita
1602 2052 1640 2116 de
1658 2052 1827 2118 elestuariis
1853 2054 1978 2136 sumptio

408 2158 475 2203 non
499 2134 582 2202 secus
606 2157 640 2200 ac
667 2132 689 2197 si
714 2152 825 2212 magna
846 2131 899 2195 illa
920 2131 1080 2207 quantitas
1103 2148 1179 2195 ton·
1214 2129 1246 2192 in
1261 2124 1437 2207 paucissima
1452 2134 1629 2206 quantitate
1644 2131 1677 2197 dt
1692 2154 1763 2197 cum
1778 2134 1976 2203 necessitate:

408 2221 502 2282 tinne
525 2216 694 2282 sumeretur
722 2263 730 2292 ,
758 2235 828 2278 cum
858 2211 901 2276 sin
922 2211 985 2277 ulae
1031 2226 1113 2278 areca
1139 2209 1180 2273 ci·
1214 2210 1266 2274 alii
1284 2227 1362 2274 vero
1383 2212 1575 2276 communius
1603 2216 1792 2279 eontrarium
1813 2212 1975 2292 sentiunt,

407 2295 440 2363 bi
465 2295 529 2363 sive
554 2293 781 2360 disconrinuate
806 2290 867 2385 sive
898 2232 983 2360 simul
1005 2231 1178 2365 siimantum
1213 2288 1247 2357 dt
1275 2292 1383 2353 maiori
1408 2292 1528 2354 ratione
1550 2311 1741 2371 propugnant
1770 2310 1880 2369 potum
1910 2298 1976 2372 viui

308 2377 313 2387 '
407 2375 525 2443 addant
548 2374 639 2441 robur
666 2376 700 2439 dt
721 2372 918 2440 substantiam
937 2386 1115 2434 manentem
1142 2367 1179 2431 fi·
1214 2368 1407 2448 (dummodo
1422 2388 1486 2435 non
1502 2365 1637 2457 sumatur
1657 2376 1688 2435 in
1709 2393 1745 2436 ea
1770 2377 1975 2452 quantitate,

411 2455 479 2522 mul
510 2454 576 2533 poll
607 2454 743 2531 sumptas
777 2471 884 2518 ornnea
922 2469 1051 2526 partes.
1090 2450 1179 2527 Qra·
1213 2446 1440 2526 quaecensetur
1461 2449 1523 2516 eila
1550 2447 1736 2515 insraodem
1756 2455 1976 2532 ieiuniilnam

410 2556 447 2603 re
483 2556 547 2599 non
585 2534 657 2600 licet
686 2554 742 2609 pro
776 2530 904 2597 arbitrio
926 2528 1051 2607 libere,
1079 2526 1114 2594 dt
1141 2545 1180 2591 ne
1214 2528 1418 2594 hocconcedie
1435 2529 1680 2595 immemorabilis
1695 2532 1886 2599 consuetudo
1904 2557 1914 2599 ε
1931 2555 1975 2599 et·

409 2633 501 2695 potus
521 2627 634 2680 noceat
657 2657 667 2691 ,
691 2613 788 2678 toties
820 2608 933 2687 aliquid
959 2612 1103 2696 exiguum
1127 2627 1179 2672 co·
1212 2613 1295 2673 enim
1309 2628 1379 2678 cum
1396 2626 1484 2682 porus
1500 2612 1663 2674 ordinetur
1687 2615 1788 2688 potius
1806 2613 1844 2678 ad
1859 2614 1920 2680 cibi
1934 2615 1976 2679 di-

407 2695 562 2771 medere‚
598 2692 755 2770 quiahoc
779 2691 929 2756 modicum
961 2688 1067 2766 laepius
1096 2683 1180 2754 sum·
1214 2688 1422 2753 llributionem
1438 2706 1489 2764 per
1509 2688 1742 2768 corpus‚&ad
1758 2690 1910 2772 sanguinis
1929 2716 1974 2759 re·

407 2793 498 2854 ptum
512 2774 673 2839 deveniret
690 2773 813 2838 tandem
838 2771 875 2834 ad
891 2772 1101 2845 quantitatem
1122 2765 1178 2831 suf·
1214 2767 1389 2849 frigerium,
1408 2789 1498 2845 quam
1518 2768 1555 2832 ad
1572 2769 1732 2848 alendum,
1757 2772 1826 2837 ideo
1841 2772 1973 2840 Ecclesia

408 2854 552 2920 sicienter
577 2851 766 2928 notabilem,
787 2850 826 2915 ob
846 2870 937 2927 quam
956 2844 1109 2927 frangitur
1134 2851 1176 2910 ie·
1212 2870 1283 2913 eum
1306 2868 1368 2912 non
1392 2853 1513 2923 vetuit,
1534 2868 1603 2913 cum
1633 2852 1666 2913 in
1686 2847 1740 2914 suo
1761 2870 1914 2930 precepto
1933 2855 1975 2917 lo·

402 2939 557 3002 iunium·
585 2917 755 3010 Qra'rititas
779 2949 885 2998 autem
906 2928 1048 2994 notabilis
1072 2927 1178 3021 cense-
1211 2944 1322 3072 anatur
1345 2927 1447 3005 clare,
1466 2929 1622 3007 expresse,
1646 2929 1800 3009 &aperte
1816 2932 1855 2998 de
1874 2952 1974 2999 torne-

413 3036 488 3093 tur,
506 3012 705 3091 siparveniat
714 3013 751 3077 ad
759 3033 852 3077 unam
869 3015 993 3075 unciam
1011 3010 1176 3075 cumdimr·
1239 3010 1377 3084 ionibus,
1396 3009 1428 3073 ἃ
1452 3009 1627 3075 nullatenus
1647 3014 1684 3075 de
1705 3031 1803 3088 potu.
1831 3013 1974 3092 Idemque

387 3097 478 3175 allo,
503 3098 553 3160 vel
570 3094 643 3159 duas
673 3096 777 3159 uncias
798 3092 836 3157 ad
856 3092 1005 3156 summum
1023 3089 1175 3154 excedat.
1212 3091 1308 3155 dicito
1322 3089 1360 3152 do
1379 3088 1570 3167 eledluariir,
1590 3110 1659 3166 quae
1677 3113 1783 3168 parum
1811 3097 1973 3168 nutriunt,

411 3175 494 3242 item
509 3194 573 3238 non
591 3173 663 3238 lieet
685 3171 747 3237 sine
767 3174 874 3237 ieiunii
896 3173 1177 3239 violationecome·
1212 3188 1246 3233 ut
1264 3170 1338 3234 theo
1359 3167 1420 3254 q&
1439 3169 1518 3244 quod
1535 3168 1622 3249 longe
1638 3170 1916 3245 probabiliorem&
1931 3172 1972 3237 se·

411 3255 486 3320 dere
507 3257 539 3317 in
556 3255 610 3316 bac
632 3250 761 3316 notabili
782 3256 958 3328 quantitate
979 3270 1066 3327 poma
1089 3296 1098 3323 ,
1123 3270 1176 3327 py·
1211 3256 1362 3314 curiorem
1389 3251 1540 3313 sententia
1562 3250 1697 3327 opposita
1723 3251 1824 3315 reddit
1850 3253 1971 3317 senten·

411 3357 469 3412 ra,
487 3352 563 3397 uvas
592 3332 930 3408 recentes,·omnelque
956 3330 1031 3392 alios
1048 3325 1178 3406 fruitus,
1213 3335 1291 3393 tiam
1307 3326 1442 3391 nollram
1461 3326 1504 3390 esi
1521 3328 1745 3398 audioritasAn
1785 3331 1803 3393 l.
1819 3329 1973 3409 Dodloris,

411 3437 484 3480 cnm
514 3412 579 3476 haec
604 3411 682 3476 talia
710 3408 826 3474 sumere
845 3458 854 3488 ,
874 3409 907 3475 dt
926 3408 1115 3497 comedere,
1142 3428 1177 3472 ut
1212 3431 1262 3484 qur
1288 3408 1327 3473 ob
1348 3404 1565 3481 clarissimam,
1586 3405 1725 3484 profundi
1751 3432 1844 3475 imam
1875 3416 1975 3476 acin·

328 3564 340 3576 ,,
412 3494 617 3561 communiter
634 3510 739 3555 omnes
760 3488 915 3566 sentiunt,
931 3491 968 3554 lrr
985 3508 1177 3553 verecome·
1211 3496 1383 3552 concutiam
1397 3491 1461 3550 eius
1477 3485 1644 3576 doilrinam
1659 3484 1756 3567 fulget
1771 3493 1857 3557 inter
1871 3494 1975 3556 Patres

333 3614 350 3647 ,.
412 3576 504 3653 dere,
526 3592 588 3636 non
610 3568 928 3648 aliatbibere',dt.ex
949 3566 1057 3653 lelsrnt
1079 3574 1178 3633 nutri·
1212 3567 1408 3633 &Dodlorea
1433 3566 1734 3646 Ecclelrae,ideoque
1760 3575 1845 3636 tanti
1875 3573 1974 3636 meriti

412 3657 496 3720 tiva.
518 3653 593 3716 Non
617 3651 951 3717 aeramentorum
981 3649 1098 3712 lomere
1125 3647 1179 3710 ali·
1213 3649 1246 3713 dt
1265 3647 1498 3724 eredibiliearis,
1519 3665 1554 3711 ut
1574 3651 1753 3726 cuicumque
1775 3650 1920 3732 theologo
1938 3650 1973 3714 fit

306 3734 309 3739 ’
411 3735 485 3812 quid
510 3755 562 3813 per
583 3731 706 3798 modum
729 3731 908 3808 uredicinae‚
937 3744 973 3793 ut
999 3728 1072 3792 alias
1101 3728 1177 3799 dixi·
1213 3724 1590 3805 praescrerrdus,maxime
1613 3731 1644 3795 in
1664 3727 1801 3795 dotium
1826 3753 1973 3806 morum,

413 3836 508 3889 mus,
536 3816 675 3890 quamvis
704 3814 848 3875 nutriit.
870 3812 919 3874 Sic
949 3807 1180 3873 licite·sumere
1213 3829 1341 3884 quorum
1361 3809 1522 3884 integritas
1536 3806 1714 3874 Sanilorum
1729 3812 1974 3887 quoquecultum

413 3892 513 3969 potest
541 3891 682 3971 pusillum
708 3890 783 3956 idest
808 3887 967 3959 srusiulum
996 3892 1080 3966 panis
1109 3910 1180 3952 cum
1213 3895 1242 3951 ei
1267 3891 1451 3966 promeruit.
1473 3885 1536 3951 Hic
1560 3891 1645 3976 enim
1670 3888 1831 3955 &Dodior
1854 3910 1884 3959 a.
1901 3909 1929 3953 a.
1944 3913 1971 3967 q.

396 3972 521 4052 ¹lranllu
545 3975 611 4035 vini
637 4020 647 4049 ,
669 3971 721 4050 qui
748 3971 840 4034 aliter
875 3971 937 4032 line
958 3973 1043 4046 gravi
1064 3971 1178 4033 incom-
1214 3987 1281 4047 ψ.
1301 3985 1358 4030 are.
1369 3971 1397 4054 ⁶:
1417 3966 1453 4030 ad
1469 3984 1497 4029 a.
1518 3968 1581 4030 ait:
1599 3966 1749 4033 Ierurrianr
1768 3971 1903 4050 Ecclesiae
1921 3992 1974 4035 non
2011 4010 2017 4019 ·

413 4051 506 4117 modo
537 4054 675 4117 ieiunare
696 4055 805 4126 nequir
823 4098 832 4127 ,
853 4052 902 4114 vel
923 4045 1092 4113 sundliones
1117 4051 1179 4112 ani·
1208 4044 1338 4133 solvitur
1357 4048 1483 4134 nemer
1500 4067 1534 4109 ea
1559 4067 1626 4136 qne
1653 4050 1778 4129 Ecclesia
1802 4049 1973 4116 interdicere

414 4135 457 4195 mi
474 4179 483 4207 ,
503 4130 537 4197 dt
563 4131 622 4195 alia
644 4127 696 4195 sua
718 4151 843 4194 munera
869 4128 1013 4206 implere,
1032 4128 1180 4203 quiahoc
1213 4127 1343 4212 intendit
1363 4125 1536 4203 instituendo
1551 4127 1715 4192 ieiunium:
1736 4133 1809 4194 Non
1820 4133 1971 4196 anteierin-

415 4229 490 4276 tunc
516 4210 546 4274 se
574 4207 664 4274 habet
687 4231 738 4289 per
763 4211 885 4275 modum
915 4209 1091 4286 medicinae,
1112 4229 1179 4286 quae
1213 4208 1306 4272 tendit
1328 4206 1625 4294 Ecclefiasspraecipere
1643 4204 1847 4288 abstinentiam
1864 4224 1970 4290 potire,

412 4312 476 4354 non
505 4290 701 4355 interdicitur
731 4290 779 4353 die
810 4292 944 4366 ieiunii,
965 4306 999 4353 ut
1030 4289 1119 4355 docet
1140 4288 1178 4351 D.
1212 4288 1263 4366 qui
1282 4306 1372 4366 magis
1383 4285 1515 4373 sumitur
1536 4287 1578 4349 ad
1593 4287 1812 4376 alterationem,
1833 4289 1902 4355 litet
1919 4291 1972 4355 ali·

418 4369 575 4435 Thomas,
1212 4389 1266 4445 qno
1282 4388 1365 4431 norro
1385 4380 1522 4443 nutriat,
1540 4376 1581 4453 U
1601 4368 1665 4439 ideo
1687 4369 1753 4434 litet
1769 4370 1883 4448 pluries
1902 4371 1972 4435 ieiu-

451 4451 598 4516 Sentiunt
622 4449 764 4517 Doilores
793 4452 997 4515 communiter
1019 4442 1118 4526 frangi
1137 4449 1178 4513 ie·
1211 4447 1351 4513 nantibus
1374 4443 1490 4513 brlrre.
1519 4448 1670 4515 straten
1692 4451 1757 4526 quis
1783 4449 1973 4535 inmoderate

412 4535 550 4605 iunirm,
569 4532 590 4593 ti
615 4551 706 4597 extra
734 4528 940 4607 prandium&
959 4527 1114 4599 coenulam
1132 4527 1177 4591 su·
1208 4540 1277 4605 potu
1297 4539 1422 4603 utatur,
1439 4527 1528 4604 potest
1542 4544 1681 4606 peccare,
1701 4529 1742 4597 (5
1769 4532 1911 4596 meritum
1931 4535 1974 4595 ie·

411 4628 517 4678 matur
534 4608 701 4690 iuseulum,
722 4612 788 4685 lac,
809 4610 924 4685 aliaque
942 4609 1106 4695 huiusmodi
1126 4629 1175 4683 po·
1210 4606 1290 4694 iunii
1307 4607 1424 4693 perdere
1442 4654 1452 4683 ‚
1472 4607 1562 4683 ficati
1579 4607 1669 4672 etiarn
1688 4610 1921 4689 stimmoderate
1940 4612 1972 4677 in

313 4757 322 4779 ,
410 4695 482 4771 tio,
502 4712 570 4768 quae
587 4693 795 4768 principaliter
814 4690 850 4753 ad
867 4688 1065 4753 nutriendum
1109 4704 1176 4753 tor·
1211 4687 1263 4749 illa
1287 4688 1448 4764 comestione
1469 4684 1566 4750 cibant
1587 4684 1689 4765 sumat
1711 4736 1718 4751 .
1744 4690 1785 4757 Et
1806 4696 1843 4757 ad
1862 4709 1889 4771 3.
1909 4694 1972 4757 Ele·

409 4771 536 4845 dinata,
557 4773 628 4846 quia
648 4792 686 4834 ea
697 4777 804 4853 omnia
826 4769 1048 4832 interdicuntur
1137 4770 1175 4830 'e·
1209 4766 1323 4831 arnaria
1348 4768 1462 4854 etramfi
1476 4767 1582 4854 'aliquo
1608 4771 1691 4831 modo
1718 4772 1883 4852 nutriant,
1916 4796 1972 4840 non

416 4855 512 4930 iunii,
532 4870 600 4927 quae
617 4870 670 4923 per
686 4854 732 4925 le,
752 4849 1012 4925 &principaliter
1031 4847 1174 4917 ordinata
1209 4860 1309 4910 autern
1326 4848 1526 4923 principaliter
1529 4845 1692 4925 sumuntur
1700 4852 1743 4922 ad
1758 4854 1973 4928 nutriendam,

409 4939 481 4995 tunt
507 4930 545 4995 ad
573 4929 791 5005 nutriendum,
811 4927 874 4992 live
903 4946 939 4992 ea
961 4924 1176 5004 comedendo,
1204 4927 1260 5005 led
1283 4928 1325 5013 ad
1340 4927 1533 5013 'digestionem
1563 4924 1713 5008 ciborum,
1738 4936 1819 4999 unde
1849 4958 1906 4999 eron
1919 4931 1975 5014 sol·

410 5007 473 5074 sive
488 5008 618 5075 bibendo
636 5007 864 5087 ,autlorbendo
880 5010 1087 5084 accipiantur,
1103 5027 1174 5069 cum
1208 5019 1288 5069 vent
1305 5024 1467 5099 retuterunt,
1482 5006 1571 5086 ficati
1594 5028 1644 5073 nec
1661 5012 1790 5077 aliarum
1815 5016 1974 5081 medicina·

408 5085 475 5160 har
495 5092 623 5161 veniant
641 5091 765 5160 rumine
784 5085 865 5169 cibi,
884 5106 919 5156 ur
941 5101 1033 5156 norat
1059 5081 1174 5159 Brlnr·
1208 5090 1275 5153 elin
1293 5084 1442 5170 ademptio
1454 5103 1471 5167 q
1483 5084 1543 5170 nist
1555 5082 1637 5183 sorte
1655 5090 1763 5175 aliqn'r
1784 5093 1818 5163 in
1828 5094 1977 5246 frangere
