4425 6000
550 524 721 598 Tener.
748 546 805 595 oe
833 524 1089 598 ernesius
1121 521 1345 594 Deoarooi
1374 518 1475 593 Cir.
1492 522 1538 591 V.

269 627 323 704 qui
340 621 533 703 praesumitur
553 623 634 687 velle
653 642 723 686 euni
738 622 896 697 occidere;
913 619 1037 686 cicefu·
1070 635 1110 684 ex
1131 615 1313 705 austorirate
1328 616 1356 679 S.
1374 617 1500 697 August.
1522 622 1552 681 in
1574 618 1648 685 libro
1666 620 1703 685 de
1721 621 1829 689 Gratia
1885 654 1893 692 ·.

271 726 336 771 rem
358 725 435 771 vero
449 704 611 778 diurnum,
632 701 669 765 de
688 721 749 777 quo
763 721 823 766 non
839 699 935 777 potest
943 698 1035 766 effor·
1071 699 1112 765 (5
1127 696 1214 762 libero
1230 693 1353 787 arbitrio
1373 716 1433 775 cap.
1452 697 1654 786 5.·dicentis:
1683 701 1832 788 Quomodo

271 785 438 848 maritalis
458 783 683 859 praesumptio,
712 800 797 844 reum
812 780 963 844 homicidii
984 782 1036 843 de·
1070 779 1150 858 apud
1167 779 1304 841 divinam
1321 778 1543 841 Providentiam
1569 800 1589 840 a
1613 793 1728 857 perraro
1747 778 1836 843 liberi

269 862 386 939 clarat,
405 865 455 939 qui
471 880 541 924 eum
560 859 723 934 occiderit,
739 877 774 924 ut
795 857 927 935 sequitur
947 864 1036 923 ineo·
1064 859 1192 937 sumus,
1211 856 1262 934 qui
1278 872 1328 933 pro
1344 855 1491 932 i'i'rrebur,
1507 876 1580 934 quas
1596 858 1739 923 contemni
1754 876 1833 938 opor·

271 943 340 1006 dem
359 947 479 1016 capite:
496 942 582 1022 Quod
593 942 622 1019 fi
634 951 695 1001 orio
706 937 765 1017 sole
779 939 829 1003 hec
839 937 965 1019 feceris,
986 940 1035 1001 ho·
1070 949 1114 1002 iri
1132 986 1142 1017 ,
1168 937 1298 1002 humana
1317 937 1394 1001 carde
1415 936 1521 1014 polliri·
1537 935 1671 1015 sumus?
1699 939 1834 1014 explicat

273 1020 430 1086 rrir'ii'di'iim
448 1019 656 1099 perpetravit,
672 1014 779 1097 &lpse
796 1018 949 1081 morietur.
968 1018 1036 1082 Un·
1072 1018 1149 1083 banc
1168 1015 1378 1102 audoritatem
1395 1016 1432 1077 D.
1455 1018 1531 1093 Aug.
1563 1016 1599 1077 de
1623 1015 1731 1080 diredla
1752 1019 1833 1082 oeci·

271 1100 309 1163 de
330 1099 380 1163 lus
395 1103 576 1163 canonicum
591 1119 655 1174 cap.
668 1114 695 1178 3.
707 1099 744 1161 de
759 1096 1033 1163 homicidioiudicat
1069 1096 1152 1161 sione
1168 1096 1364 1174 aggresloiis,
1386 1115 1446 1158 non
1465 1113 1538 1158 vero
1557 1097 1595 1158 de
1614 1094 1778 1181 indiiella,
1798 1095 1833 1161 dc

271 1179 367 1244 talem
404 1176 501 1242 furem
528 1199 588 1241 non
608 1176 668 1241 effe
695 1176 863 1260 necandum
883 1198 893 1240 ε
915 1181 1036 1243 Poterat
1068 1175 1106 1242 ob
1132 1173 1335 1240 defensionem
1364 1167 1427 1238 lise
1448 1179 1550 1253 vitae,
1580 1172 1642 1240 five
1659 1176 1832 1253 bonorum,

271 1256 431 1337 discernere
450 1258 527 1334 quod
543 1258 584 1321 ad
598 1254 797 1336 furandum,
821 1280 878 1321 riori
906 1258 1036 1321 occideri-
1068 1277 1135 1334 quae
1172 1253 1335 1320 necelfaria
1364 1253 1432 1318 sunt
1462 1254 1499 1319 ad
1530 1258 1606 1320 vitae
1637 1254 1833 1320 sustentatio·

272 1338 346 1403 dum
365 1337 507 1417 veniffei,
527 1335 567 1402 <5
588 1338 726 1399 ideonum
742 1336 823 1399 deiri
846 1336 950 1401 occidi.
985 1337 1035 1400 Ius
1068 1357 1158 1400 nem.

273 1437 396 1494 quoque
416 1418 509 1480 civile
526 1414 730 1480 huiuscemodi
758 1416 1035 1491 prohiberoccisio·
1108 1417 1156 1479 Eri
1182 1415 1263 1480 ditiis
1299 1412 1390 1481 facile
1424 1410 1498 1479 solvi
1524 1415 1645 1493 possunt
1674 1436 1833 1495 argumen-

273 1516 343 1560 nem
364 1491 437 1558 furis
457 1501 527 1575 Leg-
548 1517 578 1575 ‘a
603 1501 629 1558 5.
656 1496 699 1558 ad
720 1499 826 1573 Legem
845 1495 1004 1573 Aquiliam
1025 1544 1034 1574 ,
1069 1513 1129 1574 ta,
1148 1516 1215 1572 quae
1241 1517 1258 1559 a
1275 1497 1410 1571 patronis
1431 1500 1593 1561 contrariae
1603 1495 1763 1560 sententia:
1781 1516 1834 1559 no·

273 1575 436 1640 dummodo
458 1594 562 1638 tamen
581 1594 644 1637 non
665 1574 934 1652 setelodesendat,
955 1576 1036 1639 ideo·
1068 1574 1113 1638 bis
1128 1592 1326 1652 opponuntur
1347 1623 1355 1652 ,
1386 1595 1454 1635 nem
1476 1596 1493 1638 e
1513 1576 1652 1654 illicitam
1673 1576 1733 1638 elle
1752 1577 1831 1639 occi·

273 1675 334 1730 que
350 1654 464 1730 excipit
481 1654 578 1717 solum
609 1652 776 1729 periculum
801 1655 896 1717 vitae.
927 1654 969 1719 Et
989 1676 1036 1719 ra·
1069 1652 1184 1717 fiunem
1202 1657 1328 1729 raptoris
1350 1653 1388 1718 ad
1409 1654 1445 1716 de
1499 1651 1598 1718 denda
1616 1702 1624 1729 ,
1642 1655 1693 1717 vel
1712 1672 1836 1730 recupe-

276 1736 324 1798 tio
343 1731 477 1809 eliquia
502 1736 602 1808 inique
629 1734 692 1806 fit,
718 1731 875 1796 &contra
895 1733 1035 1797 ordinem
1069 1732 1167 1796 rande
1187 1733 1266 1797 bona
1286 1730 1423 1814 fortunae
1448 1737 1548 1813 magni
1570 1735 1718 1797 momenti
1741 1781 1750 1810 ,
1779 1735 1835 1815 sci·

276 1811 415 1876 debiturn
434 1812 594 1876 diaritatis
613 1859 623 1888 ,
642 1812 800 1875 adimendo
820 1814 959 1886 proximo
979 1818 1036 1891 pn·-
1069 1812 1142 1876 licet
1163 1811 1374 1892 distinguendo
1390 1810 1521 1877 hocfieri
1538 1811 1636 1890 posse,
1652 1811 1833 1875 lihaecbona

275 1911 352 1955 vata
369 1890 550 1954 audioritate
568 1889 682 1955 bonurn
707 1888 864 1967 superioris
892 1890 1035 1970 ordinis,
1069 1890 1154 1955 nobis
1181 1890 1347 1955 necelfaria
1372 1888 1441 1953 funt
1467 1894 1502 1955 ad
1535 1894 1612 1957 vitae
1639 1888 1835 1954 sustentatio·

273 1969 308 2035 ἀ
329 1969 549 2057 irreparabile,
577 1990 686 2047 nempe
714 1973 811 2036 vitam
839 1992 892 2046 pro
916 1970 1037 2035 conser-
1071 1989 1168 2044 nem,
1195 1990 1256 2033 non
1272 1990 1348 2034 vero
1366 1967 1477 2046 secus3
1504 1969 1537 2036 dc
1558 1970 1672 2046 semper
1688 1991 1758 2033 cuni
1778 1969 1834 2032 hac

276 2048 383 2114 vando
397 2048 480 2112 bono
497 2050 648 2111 inferioris
663 2050 797 2126 ordinis,
812 2048 845 2113 dt
861 2049 1036 2129 reparabili,
1071 2047 1275 2127 conditione,
1294 2048 1417 2114 servato
1437 2069 1545 2127 nempe
1564 2048 1769 2115 moderamine
1789 2052 1835 2110 in-

273 2148 347 2191 sum
365 2148 404 2190 ex
425 2145 577 2202 praecepto
592 2128 752 2192 chariratis
767 2146 926 2193 teneamur
942 2133 1036 2209 magis
1070 2127 1202 2204 culparer.
1220 2128 1328 2193 tutelae
1349 2177 1357 2206 ,
1387 2126 1422 2192 dc
1440 2150 1510 2193 rum
1532 2132 1706 2193 intentione
1727 2129 1763 2190 de
1779 2148 1833 2191 oc-

273 2205 402 2283 diligere
423 2209 522 2270 vitam
549 2209 674 2282 proximi
699 2227 788 2282 quain
812 2207 889 2271 bona
916 2213 1036 2285 propria
1071 2204 1184 2272 cisione
1204 2205 1345 2271 indiredla
1362 2228 1416 2284 pio
1435 2230 1518 2273 mera
1548 2206 1629 2272 indis
1643 2206 1766 2272 ensabili
1783 2207 1834 2269 de·

275 2284 460 2377 temporalia
483 2332 492 2359 ‚
513 2284 547 2349 dt
567 2284 605 2347 sic
626 2306 681 2362 pro
701 2287 756 2349 illa
780 2283 986 2352 conservanda
1001 2309 1037 2353 ea
1073 2283 1222 2366 sensione,
1242 2289 1450 2353 minimevero
1470 2287 1598 2367 diredla,
1613 2232 1729 2353 fdilicet
1747 2290 1834 2352 inva-

273 2363 400 2440 elargiri
434 2363 573 2428 iubemur
601 2364 721 2440 quando
749 2364 786 2428 ad
812 2366 842 2428 id
868 2386 943 2445 opus
969 2366 1032 2431 sit:
1073 2363 1169 2432 sorem
1189 2366 1366 2433 occidendi.

274 2441 346 2506 binc
376 2441 529 2507 damonae
557 2441 682 2506 suerunt
710 2443 747 2507 ab
775 2442 960 2512 Innocentio
982 2447 1036 2511 xi

275 2538 339 2613 tres
355 2520 441 2597 supra
463 2520 808 2604 allatae-propositiones,
830 2546 897 2603 quae
913 2543 1039 2592 contra·
1368 2535 1394 2593 §.
1437 2527 1536 2592 xiv.

276 2599 581 2760 r¹[fffriffficuesbffctliisa
592 2692 695 2746 iamin
714 2704 812 2749 eorum
828 2643 982 2767 neceffiiiiie
1000 2687 1041 2751 ad
1073 2652 1117 2709 De
1135 2645 1267 2726 “mim
1283 2643 1379 2724 miqui
1396 2640 1545 2733 ''m-sq&
1560 2643 1676 2724 [Μ’
1697 2640 1833 2718 '’m‘’

276 2756 356 2821 vila·
374 2758 415 2823 dr
434 2759 554 2836 propriae
568 2759 699 2837 similia·
709 2762 963 2845 sustentationem.
986 2767 1039 2829 Et·
1341 2721 1381 2789 Ψ
1395 2724 1567 2803 pudu‘mae'

275 2840 360 2899 enim
387 2836 503 2900 silicet
529 2837 663 2904 defensio
688 2847 814 2919 propriae
839 2848 915 2908 vitae
945 2848 1041 2908 etiam
1112 2840 1259 2906 Occidere
1275 2837 1446 2901 invasorem
1463 2835 1719 2913 iniquomfamae,
1735 2832 1834 2898 &ho-
1854 2854 1973 2913 enimn.

276 2936 348 2981 cuin
367 2915 514 2980 occifione
534 2918 708 3060 oppressoris
736 2923 822 2985 nobis
844 2942 913 2986 eam
934 2922 1041 2986 tollere
1075 2926 1155 2986 noris
1173 2916 1289 2994 prorsus
1313 2918 1455 2979 illicitum
1475 2917 1518 2979 est
1542 2936 1602 2980 non
1624 2913 1718 2978 solum
1737 2912 1834 2974 Cleri·
1851 2934 1900 2986 que
1926 2924 1976 2977 illl.

276 2995 433 3072 volentis,
449 3017 535 3071 arque
555 3018 645 3074 parre
658 3003 716 3062 erit
738 3001 858 3065 licitum
876 3003 930 3064 tali
951 3002 1042 3067 inodo
1074 3004 1136 3079 cis,
1155 2996 1204 3063 sed
1224 3001 1319 3061 etiarn
1339 2992 1530 3060 saecularibue
1553 3043 1562 3074 ,
1585 3017 1654 3059 cuin
1684 2993 1740 3057 hoc
1766 2989 1832 3056 fieri
1849 2984 1974 3096 ‘'iffi“

274 3071 541 3139 conservationem
558 3081 637 3141 tueri
646 3077 794 3143 bonorum
804 3078 956 3157 fortunae,
972 3101 1041 3159 quae
1077 3096 1207 3155 nequeat
1241 3075 1302 3138 sine
1336 3074 1426 3139 rotali
1462 3071 1654 3138 subversione
1689 3072 1804 3136 ordinis
1824 3059 1965 3165 ‚ffifflf‘

274 3152 380 3217 nobis·
413 3152 510 3218 rorsos
538 3158 701 3220 necessaria
726 3157 797 3224 sunt
823 3161 860 3223 ad
880 3160 969 3237 ipsius
994 3165 1041 3224 vi·
1076 3180 1139 3223 non
1156 3157 1236 3221 secus
1257 3177 1292 3220 ac
1309 3155 1449 3218 illicitum
1464 3153 1664 3218 estoccidere
1679 3154 1834 3226 aliumpro
1850 3185 1905 3223 ieri
1919 3171 1957 3229 ir.

274 3247 319 3297 tae
344 3177 631 3298 sudentationem.
667 3237 754 3301 lnter
783 3242 910 3316 vitain,
935 3239 968 3304 dc
992 3261 1042 3302 ne·
1077 3241 1150 3304 vani
1168 3238 1287 3300 honoris
1308 3234 1540 3299 indura-Ordo
1561 3235 1695 3296 enimita
1712 3231 1982 3317 subpo-uzano·

272 3310 397 3404 cessaria
422 3314 458 3377 ad
484 3311 573 3390 ipsius
595 3314 859 3382 conservationem
879 3320 969 3383 datur
996 3338 1044 3385 ra·
1077 3334 1196 3383 teretur
1216 3314 1418 3394 praeponendo
1438 3332 1545 3391 nempe
1568 3316 1667 3374 minus
1692 3309 1835 3403 bonum,
1852 3313 1941 3357 Μ’·

274 3389 604 3470 lis,aequipollenria,
633 3415 667 3460 ut
698 3419 753 3472 pro
789 3397 897 3462 eodem
930 3400 1041 3463 haben·
1077 3395 1214 3475 qiiodest
1235 3393 1386 3473 fama,ac
1408 3389 1784 3471 honor,quaeconsillunr
1804 3410 1837 3453 iu

270 3465 313 3533 da
335 3469 392 3532 sint
413 3474 507 3546 vita,
533 3494 567 3537 ac
594 3493 631 3538 ea
651 3497 721 3552 quae
742 3477 778 3540 ad
807 3477 892 3542 illam
922 3476 1041 3541 conser-
1078 3475 1212 3541 versatili
1230 3475 1384 3539 bominum
1402 3475 1571 3550 opinione,
1599 3471 1632 3535 dt
1661 3490 1723 3532 non
1751 3468 1833 3532 secus

274 3548 407 3612 vendam
449 3550 611 3616 necessario
646 3558 842 3639 requiruntur
871 3601 879 3616 .
919 3557 1042 3619 Etenim
1077 3576 1111 3619 ac
1131 3574 1203 3619 aura
1222 3552 1314 3617 facile
1329 3569 1491 3616 mutantur
1500 3551 1605 3629 ‚bono
1625 3552 1729 3626 vitae,
1756 3549 1836 3623 quod

272 3645 337 3689 non
370 3629 470 3690 minus
499 3626 541 3690 est
569 3630 732 3694 necesfaria
762 3631 875 3695 homini
910 3637 1041 3710 anima,
1077 3638 1158 3697 inter
1173 3632 1352 3706 temporalia
1366 3630 1443 3694 bona
1464 3629 1660 3705 principalem
1675 3626 1837 3690 locumob·

273 3723 311 3772 ut
330 3710 544 3780 vivat,quanr
565 3707 667 3783 cibus,
692 3709 810 3785 aliaque
839 3709 979 3787 requisita
1006 3714 1041 3775 ad
1077 3715 1158 3775 tinet
1181 3757 1189 3784 ,
1214 3709 1248 3773 dt
1268 3709 1309 3770 est
1330 3707 1431 3784 perse
1458 3707 1681 3786 irreparabile,
1708 3707 1835 3779 ideoque

274 3783 370 3852 ipsam
409 3788 507 3845 vitani
536 3783 759 3848 sustentandam
787 3833 794 3845 .
831 3787 921 3851 Unde
954 3787 1041 3852 sicuti
1077 3792 1239 3864 iniquum,
1271 3788 1305 3851 ἀ
1331 3805 1443 3852 contra
1469 3787 1626 3852 charitatis
1651 3784 1729 3861 leger
1756 3783 1834 3847 esset

275 3861 299 3923 {i
318 3866 418 3923 anima
435 3859 557 3925 deficiat
573 3868 694 3942 corpori
721 3867 883 3943 humano,
911 3871 1043 3931 moritur
1075 3889 1144 3932 eam
1165 3869 1304 3944 proximo
1320 3870 1434 3941 eripere
1457 3870 1489 3928 in
1509 3862 1713 3929 defensionem
1737 3861 1834 3926 borio·

274 3938 390 4014 homo,·
413 3943 456 4002 ita
474 3941 683 4007 deficientibus
696 3944 784 4024 cilio,
805 3944 928 4022 aliisque
941 3946 1041 4010 neces·
1076 3951 1134 4025 ris,
1154 3945 1188 4013 ἃ
1209 3943 1298 4010 famae
1319 3994 1328 4024 ,
1354 3968 1420 4021 quae
1442 3945 1510 4010 sunt
1528 3946 1678 4007 inferioris
1694 3944 1809 4006 ordinis
1826 3987 1833 4014 ,

276 4013 364 4080 seriis
385 4018 422 4080 ad
445 4021 561 4098 vitam,
581 4020 744 4087 certiffime
759 4028 838 4099 perit
860 4024 1041 4112 bomolgi·
1075 4026 1108 4093 dc
1125 4048 1177 4103 per
1198 4023 1228 4089 se
1244 4024 1487 4102 reparabiliaper
1504 4024 1706 4099 mediatores,
1727 4038 1835 4098 poten·

253 4113 330 4180 itur
341 4095 373 4189 ⁸si
389 4097 471 4161 licite
488 4101 641 4174 possumus
662 4105 850 4168 vitainiueri
867 4108 1041 4170 etiamtum
1076 4126 1123 4172 tes
1142 4107 1176 4172 dt
1193 4105 1321 4182 iudicer,
1338 4109 1386 4181 qui
1410 4101 1498 4169 famae
1516 4103 1835 4188 alteriueruinamim·

272 4173 433 4241 occisione
450 4179 549 4258 illius,
565 4184 618 4257 qui
636 4199 766 4246 mortem
782 4182 867 4248 nobis
885 4187 1042 4264 intentat,
1067 4187 1178 4264 pedire
1193 4187 1335 4262 poliunt.
1358 4186 1420 4249 Hic
1434 4187 1517 4249 enim
1538 4182 1642 4246 modus
1662 4182 1769 4260 agendi
1788 4198 1835 4242 re·

277 4255 402 4330 quando
423 4256 482 4321 alia
500 4264 551 4322 via
572 4265 639 4324 vita
655 4258 775 4326 defendi
795 4284 953 4341 nequeat,
981 4262 1043 4327 ser·
1076 4283 1189 4343 pugnat
1207 4259 1366 4340 patientiae
1387 4312 1396 4340 ,
1415 4257 1662 4336 mansuetudini,
1686 4281 1720 4324 ac
1740 4259 1838 4321 humi·

275 4352 359 4426 vato
379 4334 491 4412 semper
512 4340 715 4405 moderamine
735 4344 899 4418 inculpatae
921 4344 1040 4421 tutelae;
1076 4346 1160 4409 litati
1177 4341 1356 4408 Obrillianae
1374 4392 1381 4418 ,
1401 4343 1553 4407 &occisio
1570 4346 1600 4403 in
1621 4342 1679 4404 tali
1700 4334 1769 4402 casu
1789 4336 1834 4397 es·

276 4411 363 4506 licite
379 4413 498 4479 defendi
509 4420 628 4491 poliunt
650 4424 744 4486 etiam
753 4444 823 4486 cum
834 4426 1042 4487 internecione
1075 4422 1120 4487 fet
1142 4421 1291 4497 elodiae,
1317 4441 1380 4485 nori
1398 4419 1531 4486 defensio
1551 4421 1704 4496 lionoris,
1738 4415 1771 4480 dt
1790 4412 1832 4477 fa·

277 4498 446 4567 rapientis,
467 4493 661 4561 fialiomodo
677 4500 811 4564 hocfieri
828 4519 980 4580 nequeat,
1000 4502 1042 4563 id·
1075 4523 1160 4580 mas,
1184 4522 1251 4577 quae
1270 4518 1355 4563 certe
1383 4507 1514 4577 reparari
1545 4503 1651 4575 nequit
1672 4518 1724 4574 per
1740 4490 1834 4557 subse·

276 4568 513 4652 estclamando,
530 4580 744 4654 percutiendo,
765 4581 953 4644 vulnerando
967 4582 1040 4644 dun·
1075 4602 1167 4656 quens
1189 4581 1398 4643 homicidium.
1433 4579 1557 4657 Insuper
1574 4577 1734 4641 fecundum
1755 4576 1834 4651 leges

278 4667 400 4730 taxat,
427 4653 509 4718 bona
528 4653 662 4720 sorrunae
679 4662 800 4722 maximi
821 4663 970 4724 momenti
988 4680 1041 4724 no·
1077 4665 1141 4725 rim
1160 4662 1257 4724 lolam
1282 4659 1424 4734 repellere
1447 4659 1536 4723 licet.
1568 4659 1767 4722 Haecautem
1788 4672 1835 4716 re·

277 4728 327 4824 bis
346 4732 508 4796 necessaria
526 4737 563 4798 ad
584 4739 661 4801 vitae
683 4758 718 4802 ac
750 4735 875 4804 familiia
898 4736 1042 4804 fullenta·
1076 4743 1146 4820 gula
1166 4740 1214 4802 hic
1232 4738 1332 4802 locum
1352 4758 1413 4801 uon
1436 4739 1556 4815 habei;
1587 4759 1656 4801 cum
1674 4748 1835 4799 contume-

278 4826 419 4875 tionem.
441 4812 488 4877 lta
505 4810 641 4881 sentiunt
661 4816 691 4878 S.
708 4821 903 4893 Antoninus,
918 4819 1042 4884 Caieta·
1076 4823 1135 4897 lia,
1151 4817 1319 4892 detradlio,
1338 4816 1371 4881 ἀ
1386 4819 1538 4883 calumnia
1555 4821 1601 4882 vis
1618 4837 1679 4881 non
1700 4810 1758 4875 sint
1768 4834 1780 4888 ,·
1800 4808 1834 4874 dt

278 4910 340 4954 nus
355 4940 362 4967 ‚
380 4890 477 4967 Soio,
492 4896 586 4959 Prado
604 4944 614 4973 ,
632 4897 743 4977 Sayrus
763 4946 772 4974 ‚
800 4898 910 4976 aliique
926 4919 995 4961 cum
1011 4901 1040 4962 8.
1076 4902 1150 4963 dato
1170 4901 1265 4960 etiam
1280 4895 1359 4972 quod
1376 4897 1423 4960 hae
1441 4898 1601 4962 violentiae
1618 4889 1834 4959 rationemha·

284 4968 429 5036 Thumi.
461 4974 584 5038 Etenim
604 4979 682 5056 Aug.
705 4979 819 5042 Dodor
844 4982 876 5040 in
893 4976 1041 5042 solutione
1077 4982 1207 5051 berem,
1227 4974 1262 5036 ad
1278 4974 1424 5038 summum
1444 4977 1554 5051 aquali
1576 4977 1727 5040 violentia
1741 4971 1838 5047 repel-

283 5053 372 5129 primi
402 5059 574 5141 argumenti
605 5053 655 5119 sibi
686 5077 726 5133 op
748 5053 816 5120 ositi
847 5078 874 5118 i.
891 5077 921 5120 2.
939 5069 994 5121 ari.
1013 5077 1041 5137 7.
1080 5054 1178 5126 lrndae
1194 5055 1311 5135 essent,
1327 5052 1440 5122 seilicet
1465 5056 1532 5118 aliis
1563 5054 1681 5132 verbis,
1706 5069 1767 5116 non
1785 5069 1839 5114 oc·

362 5134 457 5215 lustri.
476 5132 575 5201 Theos.
594 5136 702 5200 Moris.
723 5079 814 5212 forn·
831 5134 885 5202 111.
1447 5139 1474 5200 Z
1516 5152 1533 5214 3
1755 5150 1800 5211 ci·
