4425 6000
446 536 518 610 ¹30
668 506 1706 588 Trans-‚nalsrrurrrrs&ncamurrrek

392 614 530 680 lirnranti
545 626 705 677 teneretur
720 606 773 674 sub
792 608 919 675 mortali
947 613 977 673 ei
994 607 1086 674 fidem
1106 609 1161 677 ha·
1194 629 1303 677 verum
1323 605 1371 672 sed
1392 608 1549 673 occultum
1563 608 1626 673 stne
1651 607 1730 673 iusta
1754 605 1859 675 cauda
1874 606 1968 675 evol·
1982 612 2009 667 ἅ

393 697 464 761 bere
481 715 517 759 ac
537 690 598 758 suae
618 688 815 757 conscientie
862 691 1000 756 rovidete
1057 686 1086 754 se
1110 705 1162 772 ge·
1216 689 1295 756 ando
1316 737 1324 767 ‚
1344 691 1468 767 exurgit
1485 689 1634 769 obligatio
1653 687 1778 755 iustitiae
1795 709 1837 755 ex
1856 708 1969 770 genere

395 773 491 843 tendo
507 794 569 838 non
589 770 672 838 secus
688 792 723 837 ac
739 771 822 852 polle
847 792 883 836 or
903 771 993 836 bonae
1003 738 1092 848 daei,
1111 775 1161 836 cui
1196 714 1250 837 duo
1265 772 1366 864 granis
1376 768 1469 847 iplam
1486 766 1662 863 restituendi
1672 772 1833 866 rumpitis
1846 787 1969 866 ,quam
1984 822 2010 859 ,¹

397 874 501 923 tarsen
526 875 589 919 non
608 852 731 918 faveret
761 851 892 931 respedlu
921 852 1073 925 bonorum
1092 871 1162 928 quae
1197 848 1369 930 defundis,
1387 870 1458 913 cum
1478 868 1575 922 ettam
1592 849 1787 924 defunditur
1808 866 2011 987 retineant&

396 954 470 1004 ante
489 937 679 1015 agnitionem
704 930 764 997 suae
786 934 1015 1014 illegitimitatis
1031 932 1160 1010 polledit
1198 934 1234 998 ad
1255 926 1387 1008 famam,
1403 946 1513 1006 utpote
1528 949 1594 1008 quae
1613 931 1678 1011 post
1699 950 1829 997 mortem
1846 950 1970 1010 quoqa»

398 1019 463 1083 ulla
484 1010 688 1095 praescriptio.
713 1013 829 1079 Verum
849 1012 870 1077 sr
891 1013 948 1078 boc
967 1015 1162 1097 contingeret
1197 1014 1386 1092 gloriolam,
1413 1031 1448 1075 ac
1464 1010 1694 1078 memorabilem
1724 1012 1880 1078 hominm
1901 1001 2011 1077 reris*⁵

397 1102 432 1164 in
453 1093 569 1163 familia
588 1092 726 1161 nobili&
745 1090 879 1172 fortunae
895 1094 982 1159 bonis
998 1092 1072 1159 satis
1097 1112 1164 1172 pro·
1198 1095 1269 1165 dat.
1291 1093 1465 1168 Quintum
1484 1091 1608 1169 quilque
1628 1095 1674 1157 ius
1695 1091 1808 1159 babeat
1831 1111 1895 1171 ‚ne
1911 1096 1973 1173 pti·

396 1175 485 1253 vila,
502 1197 564 1243 non
583 1176 764 1254 obligandus
780 1173 876 1256 edet,
891 1195 962 1249 meo
978 1175 1076 1249 videri
1093 1221 1103 1253 ,
1118 1174 1163 1237 di·
1198 1190 1280 1255 vata·
1291 1171 1478 1238 infimitate
1496 1172 1538 1236 ob
1556 1176 1672 1238 crimen
1695 1174 1767 1238 litet
1788 1194 1901 1239 vertitu
1920 1222 1930 1252 ,
1951 1191 1973 1244 a

396 1261 536 1337 laedere,
555 1275 591 1321 ut
610 1256 768 1336 cogeretur
789 1257 884 1322 vilem
909 1275 945 1321 ac
964 1254 1164 1321 miserrimam
1198 1253 1228 1319 se
1245 1253 1435 1319 commistum
1454 1301 1462 1331 ,
1488 1248 1537 1315 sed
1551 1255 1708 1319 occultum
1723 1252 1822 1333 iplum
1837 1251 1971 1319 manife-

397 1345 497 1407 vitam
512 1340 641 1415 ducere,
660 1356 729 1402 cum
750 1337 885 1414 periculo
904 1334 1077 1416 suspicionis
1091 1341 1172 1400 coni
1198 1336 1304 1401 stando
1321 1336 1352 1397 ei
1372 1329 1533 1404 auferatur
1551 1382 1562 1413 ,
1589 1336 1706 1402 iniuria
1733 1334 1786 1413 ipsi
1817 1334 1907 1401 illata
1926 1332 1971 1400 est

355 1415 366 1436 '³
398 1439 448 1485 tra
464 1422 574 1485 bonam
593 1421 700 1483 matris
720 1413 858 1496 lamam,
882 1418 954 1481 dum
974 1417 1089 1495 semper
1109 1416 1164 1481 lta·
1197 1412 1351 1480 damnosa.
1392 1433 1460 1489 que
1485 1413 1613 1488 proinde
1635 1416 1706 1481 tolli
1723 1415 1816 1487 debet
1837 1434 1857 1482 a
1880 1412 1970 1480 leso-

397 1499 479 1565 bitus
498 1515 567 1564 crat
593 1498 747 1576 legitimus
766 1496 875 1576 lilius,
904 1496 938 1563 dt
967 1496 1064 1563 lieres
1093 1518 1164 1563 cum
1199 1515 1251 1574 re,
1267 1516 1301 1559 ac
1323 1516 1337 1558 r
1368 1498 1471 1558 arciri.
1493 1491 1576 1571 ¹Fieri
1597 1513 1700 1574 tamen
1721 1495 1817 1578 potest
1837 1492 1971 1561 infama-

399 1581 469 1652 aliis
487 1578 570 1650 illius
589 1576 733 1655 familia,
753 1576 802 1642 sed
818 1577 942 1654 deberet
970 1580 1106 1655 permitti
1127 1594 1164 1642 ut
1199 1581 1247 1642 tio
1266 1575 1385 1651 publica
1404 1572 1589 1641 audlotitate
1606 1574 1647 1642 ob
1667 1576 1820 1655 publicum
1835 1576 1968 1654 burum,

396 1659 437 1724 ibi
454 1676 595 1732 maneret
615 1675 784 1723 contentus
804 1659 842 1722 de
861 1655 924 1723 sola
942 1648 1165 1724 sustentatione
1199 1673 1234 1723 ut
1255 1653 1384 1721 fraenum
1392 1650 1555 1733 effugiendi
1597 1662 1687 1725 ravit
1708 1657 1819 1723 scelera
1835 1657 1970 1722 aliiaim·

397 1739 555 1812 moderata
579 1786 588 1816 ,
624 1759 715 1816 quam
743 1735 907 1807 secundum
931 1735 1057 1804 familiae
1082 1737 1165 1802 illius
1200 1755 1354 1817 ponatur.
1370 1678 1679 1813 Qarequtdamam
1696 1738 1784 1802 alteri
1800 1732 1971 1802 raefitblio

310 1864 313 1869 «
397 1819 511 1885 ilatum
527 1839 545 1882 a
562 1821 714 1899 putativit
733 1821 799 1883 eius
819 1816 963 1894 fratribus
987 1823 1165 1898 reciperet,
1199 1819 1353 1893 crinine,
1378 1833 1506 1880 tenetur
1520 1837 1642 1882 omnem
1669 1818 1820 1883 moralem
1840 1817 1970 1897 diligen·

396 1898 525 1965 nihilde
543 1898 628 1964 bonis
648 1895 781 1964 eiusdem
800 1899 1003 1979 disponendo,
1025 1920 1164 1980 acama-
1201 1902 1285 1992 tiam¹
1300 1896 1442 1989 adhibere
1465 1915 1545 1991 uoce
1567 1901 1619 1964 vel
1637 1898 1751 2042 scripto
1767 1915 1805 1963 ut
1821 1890 1899 1962 lalsa
1915 1895 1970 1960 illa

398 1980 550 2045 trimonio
569 1975 599 2043 se
619 1977 816 2057 abstinendo,
831 1998 867 2044 ut
889 1979 1166 2046 tandemtotabm
1202 1982 1308 2056 opimo
1324 1996 1363 2054 ert
1382 1995 1491 2041 animis
1505 1983 1645 2043 omnium
1654 1995 1689 2043 to
1705 1980 1786 2043 latur
1794 1981 1969 2042 etiamtum

396 2060 514 2131 reditas
527 2058 607 2138 apud
627 2059 779 2140 legitimos
795 2060 930 2127 haeredes
951 2063 1144 2137 perveniret.
1200 2062 1319 2138 propria
1337 2052 1489 2135 infamia,
1518 2057 1593 2126 idest
1615 2059 1776 2137 aperiendo
1795 2056 1818 2120 sr
1838 2076 1918 2135 opus
1932 2053 1969 2119 lit

698 2143 701 2148 ’
1199 2138 1229 2216 le
1253 2140 1420 2215 mentitum
1447 2133 1568 2219 inille,
1597 2138 1735 2204 adhibito
1762 2142 1859 2203 etiarn
1887 2139 1968 2201 iura·

706 2228 733 2289 ⁵.
779 2222 840 2287 vt.
1200 2237 1324 2295 mento,
1345 2217 1379 2284 dt
1397 2215 1557 2284 testibussr
1575 2219 1688 2285 iudicet
1708 2214 1969 2295 mnalirerpoile

439 2343 485 2410 De
509 2336 635 2402 Iniuriis
664 2350 763 2403 contra
781 2341 913 2431 prostitui
927 2309 930 2315 ¹
938 2339 1059 2431 famam
1083 2335 1125 2422 ἦθ’
1200 2300 1380 2457 &3⁰31
1401 2290 1968 2446 mfflzgeffitffefflgiffffiffi

525 2416 661 2484 mmm
683 2416 724 2485 ΟΡ
742 2421 780 2510 ‘d‘
802 2420 921 2512 'msa
940 2425 1044 2487 dmm
1200 2460 1320 2553 illatam
1336 2477 1494 2553 reparare,
1514 2457 1549 2524 ἃ
1568 2462 1784 2537 equalitatem
1799 2457 1967 2552 constitae·

527 2615 534 2629 ,
679 2500 889 2583 R‘stm‘mm’
1200 2540 1366 2606 remelron
1384 2538 1494 2618 modo,
1514 2559 1575 2617 quo
1595 2539 1693 2619 potcll
1711 2541 1806 2605 ctiam
1824 2558 1897 2605 cam
1913 2536 1968 2603 alr·

438 2615 577 2702 Nomine
597 2610 687 2683 frmae
739 2632 776 2694 ut
796 2618 873 2682 alias
893 2617 1064 2683 notabimur
1086 2613 1165 2694 infra
1199 2641 1260 2698 quo
1277 2618 1330 2683 suo
1357 2619 1566 2693 incommodo.

399 2698 434 2760 in
471 2695 654 2772 exponendo
680 2662 790 2773 odlavo
820 2697 954 2778 decalogi
984 2714 1166 2775 precepto,
1239 2700 1269 2762 Si
1290 2702 1354 2775 quis
1371 2716 1447 2762 vero
1466 2720 1560 2777 grave
1575 2704 1691 2764 crimen
1711 2714 1823 2766 vetum
1837 2696 1966 2763 alteritn

398 2778 604 2842 communiter
640 2776 826 2855 intelligitur
857 2777 935 2842 bona
958 2781 1064 2856 opinio
1101 2776 1166 2840 slve
1201 2779 1252 2854 vel
1273 2778 1440 2844 notabilem
1454 2778 1727 2845 defedluminiulle
1745 2780 1879 2857 prodiit,
1896 2777 1966 2842 licet

275 2878 278 2882 ’
398 2853 564 2922 aellimatio
591 2855 629 2920 de
654 2857 838 2921 excellentia
859 2859 987 2923 alicuius
1009 2858 1165 2936 personae,
1201 2881 1261 2939 pon
1281 2877 1428 2924 terreatur
1456 2858 1566 2938 dilium
1592 2857 1677 2938 suum
1706 2859 1873 2924 retraflare
1892 2854 1967 2924 alle·

399 2956 467 3013 que
486 2937 591 3013 opinio
611 2934 707 3002 efficit
728 2953 763 3001 ut
785 2937 839 3002 illa
868 2936 995 3017 persona
1016 2938 1166 3018 habeatur
1203 2940 1299 3019 tendo
1326 2939 1356 3005 ie
1379 2936 1487 3019 falsum
1509 2940 1644 3020 diuise,
1681 2960 1719 3004 ne
1744 2941 1801 3005 boc
1826 2935 1965 3005 facienti)

399 3037 456 3094 pro
484 3016 591 3096 bona,
615 3018 666 3095 vel
697 3014 832 3082 absolute
860 3021 891 3081 in
916 3024 1028 3096 quovis
1056 3037 1166 3098 genere
1201 3022 1479 3099 mentiatur3non
1500 3017 1571 3086 sunt
1592 3026 1674 3086 enim
1700 3016 1964 3096 faciendamala,

400 3095 509 3161 morali
526 3091 664 3175 scilicet,
681 3097 831 3176 litterali,
845 3096 879 3164 dt
898 3100 992 3163 Civili
1017 3147 1027 3175 ,
1046 3100 1098 3163 vel
1119 3119 1166 3163 re·
1201 3120 1237 3168 ut
1259 3104 1407 3166 eveniant
1426 3100 1526 3179 bona,
1547 3120 1674 3167 tenetur
1689 3099 1868 3176 tarrenalio
1882 3098 1966 3162 lirim

399 3172 557 3254 spedive,
578 3194 653 3251 puta
671 3179 705 3253 in
726 3177 829 3255 aliquo
848 3179 955 3243 ordine
975 3198 1050 3258 puta
1071 3177 1167 3243 scien·
1202 3185 1292 3247 modo
1307 3181 1343 3244 ad
1366 3180 1448 3243 illius
1471 3178 1562 3246 famas
1591 3183 1818 3257 reparationem
1840 3225 1851 3257 ‚
1896 3192 1964 3242 tout

398 3254 509 3343 tilico,
528 3257 666 3322 oratorio
681 3257 742 3338 dcc.
766 3258 818 3322 vel
833 3260 867 3323 in
878 3259 979 3336 aliqua
989 3260 1167 3338 particulari
1202 3260 1300 3341 potest
1321 3256 1384 3324 sine
1410 3261 1593 3348 mendacio,
1615 3261 1742 3326 dicendo
1769 3282 1801 3326 v.
1817 3279 1845 3339 g.
1866 3200 1897 3322 ζ
1916 3256 1964 3321 de·

399 3332 572 3412 facultate,
592 3351 666 3413 puta
682 3338 849 3417 medicina,
866 3340 1088 3419 theologiadm.
1101 3341 1167 3404 Ho·
1202 3361 1325 3423 ceptum
1345 3338 1454 3418 fuiffe,
1471 3340 1501 3404 le
1522 3361 1676 3418 perperam
1699 3342 1839 3406 locutum
1860 3334 1949 3403 irride

399 3413 620 3510 norveroest
643 3417 782 3494 quasdam
808 3418 986 3484 testificatio
1014 3420 1168 3484 excelleo.-
1202 3425 1232 3488 l'e
1247 3423 1333 3487 illum
1352 3420 1463 3484 iniuste
1483 3418 1666 3498 infamalie,
1692 3418 1873 3492 &fimiliat
1897 3372 1967 3484 &d

400 3511 455 3560 trae
475 3495 602 3575 alterius
622 3495 757 3578 personae
787 3500 887 3576 aliquo
916 3503 1063 3565 exteriori
1084 3497 1168 3579 signo
1202 3502 1369 3581 sulpicetur
1393 3501 1473 3578 quod
1499 3522 1561 3576 non
1576 3501 1703 3577 credent
1727 3549 1737 3580 ,
1765 3499 1856 3565 debet
1871 3516 1966 3577 quara·

400 3579 587 3641 reverentiae
608 3574 660 3642 seu
675 3577 873 3655 ¹submilllorris
892 3580 1048 3658 exprclla.
1077 3580 1167 3645 Unde
1202 3600 1269 3651 tum
1298 3582 1366 3647 fieti
1394 3580 1492 3659 potest
1518 3583 1581 3645 sine
1603 3581 1762 3658 mendacio
1785 3577 1965 3644 infamatum

400 3673 488 3731 patet
510 3653 623 3722 famam
639 3661 670 3721 in
688 3658 745 3724 lroc
766 3659 803 3724 ab
824 3659 939 3726 honore
957 3660 1167 3738 differrequod
1203 3664 1328 3728 laudate
1349 3665 1380 3725 in
1397 3662 1464 3725 aliis
1487 3661 1659 3736 virtutibus
1687 3661 1764 3739 apud
1780 3679 1832 3723 eos
1853 3706 1865 3739 ,
1891 3652 1966 3736 april

399 3732 482 3801 fama
499 3735 535 3801 fit
552 3740 585 3801 in
601 3736 740 3803 interiori
763 3740 893 3819 iudicio,
913 3741 1013 3806 honor
1033 3745 1065 3805 in
1078 3758 1169 3806 exte·
1202 3764 1279 3821 quos
1305 3744 1516 3821 detraxerat,
1541 3760 1577 3806 ut
1597 3763 1636 3807 err
1665 3741 1720 3806 hac
1742 3758 1830 3818 parte
1858 3739 1964 3804 bontra

398 3819 472 3880 riori
489 3815 704 3883 aestimationis
724 3818 822 3898 sign03
843 3842 880 3886 ac
901 3824 1027 3899 proinde
1042 3819 1167 3887 fama&
1202 3824 1436 3889 aestimationem
1456 3841 1633 3900 recuperet.
1650 3823 1699 3887 Sic
1716 3820 1745 3885 ἃ
1765 3820 1881 3901 [hom.
1898 3836 1963 3882 aa.

280 3934 286 3947 ι
399 3895 717 3964 lionordiverlimode
738 3899 806 3966 laedi
837 3902 957 3978 poliunt
979 3918 1045 3966 tam
1062 3923 1117 3982 per
1137 3923 1167 3966 a·
1201 3909 1283 3984 q.62
1315 3921 1372 3969 art.
1389 3923 1417 3963 2.
1440 3902 1477 3965 ad
1496 3921 1525 3964 2.

261 4912 380 4979 srvcpbr

278 4991 291 5030 c
353 4991 381 5026 re

401 3974 471 4069 dius¹
482 3979 617 4055 internos
636 4026 646 4056 ‚
673 4000 762 4057 quarn
779 3998 942 4059 externos,
959 3981 1058 4046 verbis
1077 4028 1086 4060 ,
1116 3983 1166 4048 vel
1242 3983 1396 4049 infamans
1416 3983 1545 4047 alterum
1566 3980 1670 4048 libello
1686 3977 1803 4046 famoso
1819 3975 1965 4044 stneiufla

402 4051 506 4133 fadus,
527 4056 1072 4140 videlicetdttrastione‚calumnia‚
1090 4079 1166 4127 con·
1200 4068 1303 4130 eauss‘a
1332 4063 1370 4128 fit
1400 4063 1549 4127 obnoxius
1570 4063 1674 4127 debito
1697 4063 1776 4126 hanc
1809 4057 1964 4124 infamiam

402 4135 549 4230 tortitiis,
569 4135 782 4224 lulurratione,
801 4141 915 4207 iudicio
930 4145 1167 4221 tenrerario‚'te.·
1202 4144 1360 4222 reparandi
1376 4147 1539 4208 contrariis
1558 4143 1695 4222 (criptis,
1711 4142 1762 4208 vel
1784 4139 1906 4221 publica
1921 4156 1965 4204 re·

401 4233 534 4280 merant
554 4213 721 4298 sulpicione
741 4242 777 4286 ac
797 4221 1016 4302 dubitatione,
1043 4220 1079 4287 ἀ
1099 4243 1168 4288 tan·
1203 4229 1386 4290 vocatione.

400 4294 471 4359 dem
492 4294 673 4376 mendacio,
693 4301 771 4376 quod
793 4301 1167 4379 proximonocet,ips1us·
1240 4306 1320 4369 Cum
1348 4324 1455 4368 aurern
1482 4301 1646 4372 infamatio
1672 4321 1786 4381 praeter
1814 4299 1967 4367 laesionem

401 4395 459 4517 due
479 4373 593 4470 famam
617 4378 807 4456 honoremve
820 4383 921 4448 laedit.
951 4383 1067 4446 Verum
1097 4406 1166 4448 cum
1200 4383 1292 4451 famae
1313 4387 1373 4449 alia
1391 4386 1570 4461 quandoque
1591 4383 1675 4448 simul
1702 4381 1814 4448 afferat
1831 4383 1966 4455 damna,

421 4454 502 4519 ehrs
523 4456 671 4536 agendum
695 4459 768 4526 dum
795 4480 934 4528 occurret
951 4459 1029 4527 infra
1050 4464 1166 4537 exposr·
1201 4465 1264 4529 five
1280 4470 1311 4529 in
1330 4484 1459 4541 corpore
1479 4463 1542 4528 sive
1559 4469 1591 4528 in
1612 4467 1680 4529 aliis
1700 4463 1808 4539 bonis;
1828 4461 1903 4526 hinc
1918 4460 1968 4537 qui

398 4535 450 4597 tio
464 4534 566 4601 otiari
590 4544 733 4618 precepti
751 4590 760 4619 ,
776 4541 849 4607 satis
872 4548 932 4610 erit
953 4562 1007 4620 pro
1017 4543 1165 4684 1prasenti
1200 4545 1263 4612 five
1283 4552 1398 4609 crimen
1419 4564 1530 4609 verum
1549 4543 1597 4612 sed
1615 4540 1969 4621 occultumdeteqerrdm

402 4611 702 4710 institutodifferere
722 4622 760 4685 de
776 4622 898 4701 debito,
918 4623 996 4700 quod
1019 4623 1097 4699 *ubit
1118 4645 1166 4688 te·
1200 4625 1263 4691 srve
1279 4623 1388 4689 falsum
1412 4625 1592 4709 imputando
1615 4625 1776 4704 impedivit
1804 4619 1867 4686 sine
1892 4617 1970 4684 iulia

400 4690 761 4787 lirmtronuquicumque
769 4703 872 4779 aliquo
886 4700 1164 4780 mtrectpsrtisrno·
1199 4706 1303 4779 caul'sa
1321 4707 1451 4781 aliquem
1476 4725 1494 4769 a
1513 4705 1730 4770 consecutione
1751 4702 1839 4766 utilis
1860 4701 1969 4764 matti·

399 4771 445 4836 dn
461 4780 611 4852 pcoedpue
622 4785 768 4846 exteriori
780 4787 992 4862 proximumin
1008 4779 1092 4848 fama
1113 4785 1163 4851 vel
1198 4789 1314 4864 monii,
1335 4787 1386 4851 vel
1408 4782 1502 4850 officii
1523 4785 1599 4864 ,vel
1616 4783 1760 4849 beneficii
1777 4802 1841 4859 quo
1861 4782 1968 4860 dignus

399 4849 517 4922 honore
537 4855 642 4921 ledit.
660 4861 706 4926 Sit
727 4865 824 4942 igitur
1199 4882 1266 4930 erat
1289 4913 1298 4944 ,
1320 4866 1372 4929 vel
1392 4861 1451 4929 fuit
1471 4863 1583 4930 iniusta
1597 4865 1725 4941 caul'sa,
1752 4881 1848 4938 quate
1868 4865 1970 4938 priva·

256 4975 276 5028 ς
292 4979 350 5032 ,ἦ
383 4941 389 4953 ’
435 4935 731 5005 CommuuitchD.
749 4937 889 5008 sentiunt
908 4945 986 5022 quod
1007 4942 1027 5008 sr
1051 4941 1161 5007 iniulle
1199 4963 1285 5010 retur
1298 4941 1418 5022 officio,
1438 4945 1490 5009 vel
1507 4943 1655 5011 beneficio
1673 4943 1755 5022 quod
1779 4939 1968 5021 poli'rdebat,

256 5011 358 5096 storin.

254 5114 296 5156 tet
329 5108 376 5160 aa.

391 5008 540 5155 physice,
571 5018 619 5081 rel
644 5021 806 5116 moraliter
833 5022 1006 5119 offendatur
1034 5024 1161 5114 alterius
1199 5043 1326 5123 tenetur
1343 5025 1507 5119 restituere
1525 5027 1579 5118 uni
1596 5029 1703 5101 quanti
1721 5023 1785 5101 iper
1811 5022 1897 5113 illius
1916 5017 1967 5084 ob·

405 5112 474 5162 arm
493 5095 557 5164 sive
576 5093 685 5166 salsam
703 5119 819 5169 crrnrert
834 5122 864 5169 et
879 5105 1080 5188 reputando,
1096 5105 1161 5174 irae
1198 5106 1318 5173 tinendr
1339 5106 1422 5176 valet
1443 5104 1786 5186 arbitrroptndeurtan,
1801 5101 1968 5248 ⁸¹thng
