4425 6000
396 338 415 396 Ψ

257 542 265 552 -
383 522 384 525 ‘
448 513 528 596 390
652 493 1192 572 Tirenorerrcrrrrs
1223 491 1712 571 necarorrcir.v111.

398 603 446 673 ,ita
467 595 603 673 iudicat,
623 592 757 659 advertit
779 592 809 657 le
828 593 910 657 male
926 591 1083 666 iudicare,
1109 589 1178 653 sla·.
1242 586 1379 667 Suspicio
1408 598 1571 656 temeraria
1597 592 1635 659 de
1656 595 1786 672 proximi
1816 597 1898 665 vitio
1922 598 1972 668 sea

400 686 460 748 tim
475 673 637 752 retrodare
655 673 828 738 debettrle
847 672 991 738 iudicium
1010 693 1023 748 ,·
1053 665 1166 735 aliassr
1203 673 1359 747 crimine,
1383 669 1456 735 licet
1473 673 1573 739 velint
1595 675 1686 752 aliqui
1715 677 1776 742 elle
1796 696 1837 741 ex
1857 700 1972 760 genere

404 765 436 827 in
452 780 490 823 eo
508 756 682 842 perseveret
701 803 711 833 ‚
730 776 802 830 cum
816 773 898 817 nunc
919 749 1032 817 babeat
1049 750 1169 827 plenam
1205 747 1258 816 suo
1286 766 1447 827 peccatum
1475 756 1691 823 tantammodo
1719 758 1868 837 veniale,
1901 783 1972 826 rum

405 840 636 913 advertentiam
658 884 668 913 ,
691 835 839 909 iudicium
864 834 928 897 erit
953 832 1170 905 temerarium,
1206 850 1268 894 non
1284 829 1321 892 fit
1343 827 1397 922 nisi
1416 830 1577 908 propensio
1596 838 1735 911 quaedam
1752 838 1790 920 ad
1805 838 1972 905 assentien-

403 920 439 988 &
456 923 542 983 iuxta
559 919 766 994 gravitatem,
782 914 831 978 vel
849 911 1018 977 levitatem
1030 913 1169 979 materiae
1204 910 1439 987 dum,mrn1me
1462 932 1537 978 vero
1552 913 1678 991 plenus,
1696 915 1732 982 dt
1754 916 1907 987 absolutus
1925 919 1974 987 as·

404 996 673 1075 rnortaliter,vel
693 993 866 1060 venialiter
880 989 1057 1068 culpabile.
1083 1033 1090 1043 ·
1206 985 1336 1066 sensus3
1367 990 1464 1057 nihilo
1491 1008 1595 1058 tamen
1619 998 1719 1068 minus
1755 999 1881 1075 quando
1904 999 1974 1067 haec

445 1080 495 1145 Ad
516 1077 723 1144 temeritatem
744 1093 821 1153 veto
847 1072 1011 1147 mortalem
1039 1090 1103 1134 non
1125 1089 1171 1134 re·
1207 1069 1348 1147 procedat
1369 1066 1430 1135 stne
1451 1072 1544 1150 ullo,
1572 1092 1628 1139 aut
1652 1073 1750 1141 solum
1776 1078 1841 1144 levi
1861 1075 1972 1144 funda·

315 1222 318 1226 ,
405 1161 540 1237 quiritur
555 1154 679 1234 adualis
699 1150 973 1229 adrerrentia,ad
988 1150 1172 1225 indiciorum
1206 1166 1314 1215 mento
1342 1148 1380 1214 de
1404 1156 1542 1239 reptavi
1571 1150 1795 1234 infamatoria,
1824 1161 1973 1225 videntur

411 1240 464 1305 seu
486 1240 675 1302 motivorum
703 1232 972 1310 insufficientiam,
1003 1228 1025 1292 fi
1052 1228 1092 1296 ob
1108 1252 1173 1294 ma·
1207 1229 1391 1309 probabilius
1420 1232 1534 1297 sentire
1557 1236 1608 1309 qui
1627 1233 1706 1301 banc
1733 1239 1900 1305 mortalem
1917 1239 1974 1306 sia·

406 1321 470 1386 lam
486 1317 808 1395 praeoccupationem,
831 1312 1042 1384 voluntariam
1062 1307 1171 1389 passio·
1206 1327 1324 1389 ruunt,
1348 1307 1455 1385 saltem
1474 1312 1496 1373 li
1519 1331 1559 1377 ex
1580 1334 1678 1391 pravo
1697 1320 1817 1384 oriatur
1835 1316 1972 1399 affesiu,

406 1420 478 1466 nem
498 1398 587 1475 odii,
618 1396 668 1472 vel
699 1393 825 1467 invidiae
855 1394 1066 1478 praecipitetur
1093 1390 1171 1455 iudi·
1206 1388 1496 1469 &malevolentia.
1519 1392 1604 1457 Nam
1624 1393 1815 1473 abApollolo
1835 1396 1973 1477 suspirio·

406 1483 509 1556 cium,
528 1477 561 1546 ἀ
579 1477 705 1544 annalis
727 1470 1078 1548 advertentiadeliciat,
1098 1474 1168 1547 quia
1207 1489 1259 1534 nes
1278 1471 1368 1536 malae
1389 1471 1585 1537 recensentur
1599 1476 1684 1539 inter
1702 1479 1810 1556 gravia
1826 1497 1973 1560 peccata,

408 1578 485 1626 tunc
506 1560 663 1630 temeritas
677 1555 721 1619 esi
743 1551 930 1619 sufficienter
947 1551 1169 1618 voluntariam
1206 1565 1242 1615 ut
1263 1570 1291 1614 r.
1313 1548 1456 1616 Corinth.
1479 1568 1528 1632 13.
1544 1551 1680 1620 charitas
1707 1579 1765 1621 non
1784 1560 1895 1639 rogitet
1910 1583 1972 1624 mr·

406 1638 532 1715 caussa,
553 1635 626 1703 idell
641 1639 675 1698 in
694 1635 776 1700 mala
798 1629 953 1698 affedione
965 1680 974 1711 ,
988 1628 1171 1698 &inadveo
1207 1632 1285 1694 lam.
1304 1628 1492 1707 Suspiciones
1511 1636 1593 1698 enim
1612 1654 1738 1714 gravem
1756 1641 1908 1705 iniuriam
1927 1638 1974 1705 as⁴

408 1721 511 1791 tentia
531 1714 757 1782 insufficientiae
778 1714 975 1790 indiciorum,
992 1709 1037 1799 cst
1048 1711 1173 1789 proinde
1207 1707 1311 1777 suunt
1340 1712 1507 1791 proximo,
1529 1736 1601 1779 cum
1624 1714 1822 1796 unusquisque
1851 1723 1899 1789 ior
1920 1719 1974 1785 lra-

404 1797 558 1864 vincibilia
577 1797 611 1863 dt
630 1795 804 1875 culpabilis.
825 1793 1043 1875 Sicrlntoine,
1068 1788 1173 1873 Tour-
1205 1790 1300 1886 beat,
1322 1811 1360 1857 ne
1378 1791 1501 1883 quilque
1517 1791 1581 1858 sine
1601 1793 1763 1863 sufficienti
1776 1800 1882 1866 caussa
1896 1799 1974 1867 male

406 1880 542 1956 neleius.
1207 1872 1243 1944 de
1263 1869 1353 1947 tuso.
1376 1871 1448 1933 tdell
1466 1871 1505 1940 de
1523 1870 1578 1943 sua
1600 1874 1753 1951 probitate
1774 1875 1943 1955 suspicetur
1963 1926 1973 1957 ,

262 1954 409 2012 corditio.
447 1959 562 2026 Verum
576 1972 614 2020 ut
631 1954 695 2021 tale
716 1950 1173 2030 iudiciumsrtpeetatummor·
1206 1948 1307 2033 dtiur
1322 1949 1399 2014 illud
1418 1970 1471 2028 per
1486 1949 1665 2031 suspiciones
1683 1959 1715 2033 in
1732 1978 1765 2022 re
1783 1960 1874 2023 nimir
1883 1962 1972 2039 gravi

265 2034 393 2139 ῗἫξ
407 2039 492 2117 ¹tale,
511 2055 576 2100 tres
587 2038 786 2113 requiruntur
803 2033 1013 2100 conditiones.
1037 2052 1064 2096 r.
1081 2029 1172 2125 Quod
1206 2028 1410 2108 violatut,&
1430 2031 1552 2125 quisque
1569 2036 1619 2098 vir
1638 2038 1768 2113 prudens
1786 2036 1890 2103 censet
1904 2059 1973 2118 gra·

269 2101 389 2202 ,‘;„,„¹¹p}
407 2120 553 2200 iudicium
571 2114 609 2181 sir
630 2119 662 2178 in
676 2117 807 2181 materia
824 2116 934 2195 previ,
951 2132 1020 2190 que
1030 2130 1172 2181 nutent
1207 2131 1279 2177 vem
1298 2109 1350 2175 srbi
1370 2109 1437 2173 fieta
1458 2115 1627 2192 iniuriam,
1646 2113 1680 2180 dt
1701 2117 1795 2189 valde
1812 2138 1894 2199 agre
1913 2114 1973 2183 sert

269 2202 567 2281 morrrlngravitas,
589 2195 637 2259 vel
661 2197 772 2262 levitas
794 2192 982 2260 attendenda
1002 2191 1047 2255 cst
1068 2190 1173 2256 velex
1208 2193 1339 2273 aliquem
1355 2192 1436 2256 male
1457 2192 1493 2255 de
1508 2190 1604 2268 seipso
1623 2192 1780 2272 suspirari.
1813 2197 1973 2263 Eteovel

406 2282 417 2346 i
439 2280 470 2345 sa
480 2275 644 2342 substantia
654 2279 814 2354 materie,
835 2274 885 2340 vel
896 2271 1094 2349 exqualitate
1103 2290 1173 2349 per·
1205 2273 1340 2348 maxime
1359 2272 1438 2336 tales
1456 2268 1638 2349 suspiciones
1656 2274 1811 2343 iniunosae
1827 2277 1973 2356 sunrpro·

357 2427 360 2431 ,
409 2305 511 2438 sdnae,
533 2357 607 2422 alias
636 2360 696 2420 crit
721 2352 934 2426 tantummodo
961 2352 1114 2423 veniale.
1142 2370 1171 2411 2·
1207 2356 1291 2416 ximo
1307 2399 1322 2442 ³.
1346 2351 1380 2417 dr
1398 2350 1596 2430 culpabiles,
1625 2359 1696 2432 quia
1713 2360 1745 2419 in
1770 2354 1880 2430 iisdem
1896 2357 1974 2422 iudi·

407 2437 503 2517 Quod
529 2436 674 2507 iudicium
704 2434 740 2500 sit
761 2436 906 2510 sinuum,
936 2430 971 2498 dt
989 2430 1174 2511 pleuresi·
1206 2436 1288 2498 cium
1305 2431 1485 2505 virtualiter
1504 2433 1685 2499 continetur
1702 2460 1712 2514 ς
1735 2457 1806 2501 nam
1823 2433 1973 2516 suspicent

408 2513 693 2594 beratum,quias1
716 2514 861 2579 iudicium
875 2533 939 2577 non
960 2508 996 2577 sat
1018 2510 1141 2575 lirrrmm
1164 2554 1173 2587 ,
1206 2534 1276 2577 cum
1296 2512 1386 2588 plena
1405 2509 1626 2577 deliberatione
1654 2535 1717 2580 non
1738 2516 1838 2582 solum
1857 2515 1975 2594 suspen·

408 2598 443 2664 δι
468 2594 549 2673 quasi
570 2614 626 2672 pro
656 2595 818 2658 moraliter
843 2608 932 2656 certo
959 2608 1173 2667 eoneeptum,
1207 2592 1452 2666 diusculum,
1489 2590 1538 2655 sed
1566 2594 1738 2674 ambiguam
1772 2596 1836 2661 esse
1860 2596 1974 2664 iudicat

408 2677 470 2741 'erit
493 2676 571 2738 levis
591 2672 739 2751 suspicio,
759 2672 810 2749 vel
830 2671 1004 2750 dubitatio,
1026 2672 1061 2747 dr
1080 2659 1173 2734 sinon
1208 2673 1337 2749 proximi
1357 2668 1558 2749 probitatem,
1579 2695 1635 2739 nec
1656 2677 1820 2751 prudenter
1834 2677 1973 2744 eumdm

409 2756 448 2821 sit
465 2752 666 2834 deliberatum
690 2774 759 2818 cum
784 2752 876 2829 pleno
900 2752 1071 2817 voluntatis
1095 2770 1172 2814 ton·
1207 2769 1243 2816 ut
1260 2749 1387 2829 probum
1407 2751 1534 2815 iudicari
1555 2753 1655 2829 polle.

407 2838 513 2913 sensit,
527 2837 587 2900 erit
607 2830 738 2898 velsola
755 2837 850 2911 prima
864 2827 1171 2924 apprehensiodeim·
1246 2832 1296 2897 Ad
1317 2829 1516 2897 obicsiionem
1535 2853 1724 2911 veroquam
1744 2834 1857 2902 afferte
1877 2832 1975 2909 solent

407 2915 564 2995 probitate
585 2916 743 2993 proximi,
768 2912 820 2988 vel
847 2908 927 2991 solur
958 2910 1039 2975 aslus
1069 2907 1172 2973 iudicii
1207 2932 1246 2976 ex
1271 2912 1299 2976 S.
1328 2912 1411 2990 Aug.
1431 2911 1518 2976 tradi.
1540 2929 1587 2989 90.
1613 2915 1645 2979 in
1666 2914 1751 2980 ioan.
1772 2933 1886 2981 contra
1901 2916 1975 2980 alla·

408 2990 577 3077 impersesii
607 3016 669 3060 non
700 2991 852 3058 sufficiens
882 2992 919 3057 ad
946 2991 1078 3057 mortale
1101 3013 1112 3067 ;
1144 3005 1171 3069 3.
1209 3010 1274 3057 tam
1292 2991 1493 3070 sententiam,
1513 3014 1622 3070 nempe
1641 2990 1823 3074 suspiciones
1844 3014 1976 3060 temeres

375 3084 381 3111 '
410 3076 494 3157 quod
514 3076 659 3160 iudicium
679 3073 716 3138 sit
736 3094 776 3137 ex
793 3070 1172 3151 levibus&insuli‘1rienti·
1209 3075 1428 3150 riarpertinere
1446 3072 1482 3135 ad
1509 3073 1656 3139 humanas
1679 3081 1895 3154 tentationes,
1915 3074 1977 3140 sane

409 3159 465 3222 bus
483 3154 603 3220 indiciis
623 3155 674 3219 len
693 3153 893 3230 comesturis,-
913 3155 983 3228 quia
998 3151 1174 3215 liludicium
1208 3151 1311 3229 quibus
1338 3150 1466 3228 praesens
1483 3155 1553 3217 vita
1576 3153 1646 3218 duci
1665 3159 1790 3233 nequit,
1811 3157 1926 3222 idciroo
1945 3162 1975 3220 in

412 3238 451 3305 sit
470 3255 511 3317 ex
525 3234 667 3312 gravibus
687 3232 721 3298 bt
741 3230 1107 3313 sufficientibusindiciis,
1123 3226 1174 3293 seu
1210 3230 1287 3296 hisce
1304 3251 1404 3296 rerum
1425 3231 1626 3298 humanatum
1643 3233 1777 3300 tenebris
1795 3234 1975 3312 suspiciones

412 3314 592 3381 conieduris
606 3362 614 3391 ,
634 3333 696 3377 non
716 3314 777 3375 erit
800 3314 1020 3389 temerarium,
1039 3308 1088 3374 led
1104 3331 1175 3387 pru·
1210 3313 1303 3377 vitari
1320 3331 1391 3376 non
1404 3311 1504 3388 posse,
1518 3332 1554 3388 ac
1570 3313 1696 3390 proinde
1712 3313 1917 3389 huiuscemodi
1931 3315 1976 3379 su·

412 3395 508 3470 dens,
528 3409 564 3455 ut
581 3407 669 3472 patet
689 3411 728 3455 ex
748 3391 846 3455 disiis.
1209 3392 1375 3473 spiciones,
1401 3391 1523 3468 quando
1544 3409 1650 3458 tamen
1678 3413 1741 3460 raon
1766 3399 1911 3470 oriantur
1936 3415 1977 3461 ex

382 3481 384 3485 ’
452 3476 567 3549 Opinio
584 3474 748 3536 temeraria
764 3489 872 3545 nempe
887 3466 1019 3535 formata
1034 3468 1098 3535 sine
1120 3461 1176 3533 sus-
1210 3473 1310 3548 aliqua
1331 3469 1465 3549 passione
1479 3470 1558 3550 odii,
1577 3474 1631 3538 vel
1648 3474 1795 3556 invidia,
1821 3474 1888 3540 esse
1911 3493 1976 3540 tan·

412 3553 530 3620 ficienri
547 3548 748 3631 fundamento
766 3551 803 3628 de
819 3553 960 3629 proximo
982 3553 1013 3614 in
1034 3571 1067 3615 te
1086 3550 1175 3629 pravi
1210 3552 1367 3619 tumrnodo
1387 3551 1526 3616 veniales
1544 3574 1553 3623 3
1575 3551 1650 3631 resp.
1672 3555 1913 3635 intelligendum
1932 3553 1976 3619 es·

412 3633 577 3701 secundum
598 3630 855 3709 probabiliorem,
882 3628 927 3695 est
946 3630 1086 3695 mortalis
1104 3652 1114 3708 ;
1142 3625 1175 3692 ἁ
1209 3632 1239 3696 le
1266 3633 1294 3695 S.
1325 3630 1487 3696 Dosiorem
1510 3632 1548 3696 de
1572 3630 1787 3713 suspicionibus
1809 3637 1978 3713 repentinis

305 3775 309 3782 ,
412 3716 473 3779 hoc
494 3712 578 3778 clare
594 3712 722 3776 denotat
739 3711 778 3774 D.
802 3710 863 3773 Th.
886 3731 914 3772 a.
937 3731 965 3773 a.
990 3730 1016 3789 q.
1037 3713 1086 3774 60.
1117 3719 1174 3772 art.
1209 3712 1243 3779 dt
1264 3711 1562 3789 indeliberatis,vel
1587 3712 1700 3779 leviter
1724 3718 1919 3794 temerariis,
1944 3735 1980 3781 at

414 3811 444 3874 3.
465 3792 552 3857 ada.
581 3790 630 3857 ubi
654 3790 693 3857 sic
714 3791 899 3857 habetsEx
918 3792 969 3857 dor
993 3789 1077 3872 ipso,
1102 3788 1181 3869 quod
1209 3814 1251 3868 ex
1275 3791 1410 3856 humano
1432 3811 1560 3871 errore,
1583 3815 1645 3857 non
1665 3814 1705 3859 ex
1728 3795 1852 3869 malitia
1873 3813 1977 3872 appre-

413 3874 530 3951 eliquir
543 3871 653 3960 malum
668 3871 832 3961 opinionem
859 3869 943 3937 habet
969 3871 1088 3961 detritio
1112 3872 1177 3949 fine
1211 3871 1324 3937 heusis.
1344 3870 1432 3934 Unde
1447 3868 1571 3936 censent
1588 3874 1677 3938 multi
1694 3873 1793 3940 solum
1809 3876 1978 3940 venialiter

414 3949 699 4099 b“slrslslli”{l‘
714 3948 1178 4108 ss‘iss‘isl'le‘sl'lrisi'i:
1211 3952 1981 4100 aslislust..³¹avl.l3²s.3{3¹{s.il¹.¹‘⁹¹‘²·

414 4114 455 4176 ris
475 4110 648 4188 explicatur
669 4109 751 4176 laesio
766 4114 885 4190 gravis.
906 4111 948 4176 Et
958 4099 1067 4175 revera
1076 4104 1176 4184 'etiam
1210 4079 1346 4189 conc’ipit
1375 4111 1506 4190 indicia,
1533 4110 1659 4191 propter
1690 4135 1759 4191 quae
1789 4054 1977 4192 suspica’tsss:

412 4193 495 4276 maia
515 4192 637 4276 opinio,
658 4188 692 4255 dr
712 4188 934 4277 temerariade
953 4212 987 4255 re
1002 4193 1089 4269 gravi
1111 4237 1121 4267 ,
1141 4210 1177 4256 at
1212 4211 1359 4269 tanquam
1374 4187 1560 4256 sufficientia
1579 4192 1617 4256 ad
1631 4190 1843 4272 suspirandum
1857 4242 1866 4272 ,
1880 4202 1998 4270 prom

412 4269 504 4336 samae
533 4272 662 4347 proximi
691 4269 837 4349 derogans
861 4272 898 4336 de
918 4268 949 4336 se
975 4290 1102 4350 gravem
1133 4273 1178 4333 in·
1211 4290 1280 4350 ptus
1301 4270 1339 4335 ad
1351 4269 1560 4348 deponendam
1581 4269 1779 4350 suspicionem
1798 4273 1853 4368 ”bs
1870 4274 1981 4338 melius

412 4356 532 4416 iuriam
545 4348 636 4413 affert
653 4354 809 4427 proximo.
836 4351 920 4415 Nam
934 4369 999 4415 non
1020 4350 1083 4414 levi
1099 4347 1176 4414 affli·
1211 4352 1377 4427 advertat,
1402 4349 1435 4414 dt
1456 4371 1494 4416 eo
1519 4355 1615 4430 mgis
1639 4354 1719 4431 quod
1740 4367 1903 4419 tmierttas
1925 4352 1978 4417 illa

411 4430 510 4498 dione
530 4431 626 4494 allicit
638 4429 796 4495 honestam
812 4431 970 4508 personam
986 4426 1088 4495 baberi
1097 4431 1176 4506 apud
1211 4452 1272 4495 non
1294 4430 1339 4495 est
1367 4428 1486 4509 prorsus
1507 4432 1684 4498 voluntaria
1711 4450 1825 4510 utpote
1846 4451 1918 4511 quae
1940 4451 1980 4497 ex

411 4513 488 4577 alios
508 4516 540 4575 in
559 4512 704 4587 opinione
719 4511 801 4575 mala
821 4508 1095 4595 sibiinlamatoria.
1116 4509 1176 4589 lgi-
1210 4508 1274 4576 solo
1294 4510 1428 4575 humano
1446 4532 1552 4582 errore
1572 4511 1605 4579 &
1634 4509 1820 4594 fragilitate,
1847 4530 1913 4578 non
1939 4531 1980 4577 ea

413 4609 466 4655 tur
482 4591 502 4653 si
519 4592 627 4668 opinio
645 4609 754 4655 contra
770 4587 884 4659 famam
908 4591 1036 4655 alicuius
1057 4591 1176 4655 notabi·
1210 4591 1328 4665 malitia
1347 4593 1488 4668 oriatur,
1511 4591 1547 4657 dc
1569 4593 1680 4657 indicia
1700 4611 1918 4674 quaepmovent
1941 4590 1978 4656 ad

413 4672 486 4735 liter
509 4671 633 4734 deficiat
665 4673 698 4734 in
728 4667 959 4742 fundamento,
995 4671 1085 4748 plane
1113 4671 1175 4732 erit
1210 4668 1439 4747 suspicandum,
1464 4690 1528 4734 non
1543 4689 1671 4737 careant
1687 4675 1770 4737 omni
1792 4677 1861 4737 veri
1879 4670 1978 4734 simili·

412 4750 551 4816 mortalis
566 4750 654 4827 culpa
666 4798 675 4827 ,
689 4771 756 4826 quae
773 4770 811 4813 eo
824 4753 950 4828 gravior
964 4750 1102 4815 redditur
1115 4768 1176 4826 quo
1210 4749 1331 4827 tudine.
1363 4750 1444 4812 Nam
1469 4746 1593 4826 suspicio
1615 4753 1695 4817 'otta
1705 4773 1746 4817 ex
1762 4751 1827 4817 solo
1843 4751 1978 4818 hunam

413 4827 538 4925 persona
553 4831 591 4894 de
607 4827 1044 4924 qua'opinamurdigniorest,
1064 4827 1099 4894 dr
1114 4848 1176 4904 quo
1209 4847 1328 4922 errore,
1345 4848 1407 4923 non
1419 4848 1459 4893 ex
1477 4827 1699 4899 malevolentia
1721 4831 1856 4910 aliquam
1882 4830 1977 4897 babet

411 4931 538 5054 disssesb
548 4907 828 5053 erssodscrdcsdissevsi
849 4906 1176 5066 seesdbssd‘dse‘ssddrbm,
1210 4906 1554 5054 progafflrartaizemmdm
1571 4993 1736 5057 terrestria
1750 4991 1827 5058 idest
1843 5013 1884 5059 ex
1898 4989 1979 5054 indi·

412 5089 449 5140 ac
467 5072 631 5146 criminis,
661 5066 779 5136 nonnisi
801 5069 930 5137 venialis
946 5066 1095 5137 censenda
1110 5065 1174 5138 cli.
1207 5070 1262 5137 cris
1281 5067 1403 5140 levibus
1419 5064 1553 5142 ἷοτωιιι
1568 5088 1631 5150 qua
1644 5074 1713 5151 quir
1731 5073 1865 5154 positive
1889 5069 1981 5137 bress-

829 5386 862 5447 N.
