4425 6000
486 537 563 632 25⁶
791 531 1679 608 Tricr.nrcourrrcr.cir.xl.

434 641 481 702 nis
502 637 593 700 aliter
611 629 775 706 obtineat,
798 631 868 706 quia
897 631 982 696 sicuti
1009 628 1090 706 palla
1121 626 1209 692 obli·
1236 628 1361 708 Tertia,
1382 631 1547 707 srdomus,
1566 632 1619 697 seu
1633 634 1695 697 alia
1715 652 1761 698 res
1778 631 1885 700 locata
1902 632 2002 700 netes

436 735 533 794 gant,
555 709 593 776 sic
613 711 647 776 ἃ
670 708 904 774 eonsuetudines
924 759 933 790 ‚
954 732 1017 787 cap.
1035 729 1100 773 cum
1116 721 1198 772 tanto
1233 705 1454 790 sarioindigeat
1467 710 1703 790 reseslione,leu
1715 718 2000 791 reparationem

434 800 473 859 de
490 794 658 873 consuetud.
682 791 758 855 ltem
775 789 796 851 si
812 789 953 855 llerilitas
973 788 1010 853 srt
1030 786 1194 865 consueta,
1233 808 1293 850 non
1310 790 1463 869 indigebat
1474 809 1611 869 tempore
1623 792 1805 871 locationis,
1824 790 2000 868 &quede-

435 880 485 941 vel
504 880 623 940 oriatur
642 892 682 936 ex
704 874 802 949 vitio,
823 871 875 934 leu
890 868 1051 937 intrinseca
1068 869 1197 942 qualita·
1232 870 1256 930 ri
1276 874 1381 946 nequit
1401 868 1453 933 nili
1471 874 1509 937 ad
1528 889 1645 947 tempus
1663 873 1829 959 condielur
1846 867 1999 953 discedat,

435 983 467 1026 te
488 961 531 1023 rei
548 957 677 1029 locarae,
696 971 786 1027 quam
802 953 863 1013 iam
882 953 1049 1029 cognovit,
1071 949 1104 1012 dt
1122 968 1198 1025 prae·
1230 951 1361 1031 citlaeg.
1383 952 1455 1015 orde.
1478 952 1513 1013 In
1530 952 1587 1014 tali
1597 954 1751 1017 verocalu
1770 955 1894 1017 remitti
1909 953 1996 1033 deber

433 1040 534 1116 vidit,
556 1034 606 1100 vel
623 1030 790 1108 praevidere
803 1030 930 1096 debebat
943 1027 1126 1103 conduslor‚
1143 1050 1198 1104 pu·
1232 1027 1332 1100 pensio
1353 1052 1406 1104 pro
1424 1033 1633 1095 talicurrente
1648 1051 1809 1109 tempore,
1829 1030 1935 1099 &siin
1953 1036 1996 1097 oi·

433 1139 464 1186 ta
491 1118 512 1180 sr
533 1113 684 1180 conducat
707 1133 812 1189 agrum
836 1132 927 1187 prope
946 1107 1063 1173 flumen
1085 1155 1094 1185 ,
1117 1107 1195 1182 quod
1231 1106 1332 1186 linus,
1351 1108 1404 1173 seu
1421 1110 1603 1186 conduslor,
1619 1111 1708 1176 domo
1717 1130 1884 1187 reparata,
1904 1055 1996 1179 resne

430 1200 510 1275 [αρε
538 1194 641 1271 laepius
665 1192 819 1266 excedat,
856 1191 905 1254 vel
933 1189 1085 1254 conducat
1120 1207 1195 1265 prae·
1230 1188 1306 1252 velit
1326 1191 1363 1251 ad
1385 1188 1535 1265 pristinam
1554 1189 1786 1257 condusiionem
1803 1213 1860 1266 pro
1882 1209 1996 1270 ternpo-

430 1281 515 1342 dium
532 1291 668 1349 tempore
688 1271 777 1347 belli,
796 1268 845 1334 ubi
869 1268 949 1334 adest
966 1267 1195 1346 periculumho·
1229 1287 1278 1343 re,
1299 1289 1359 1343 quo
1379 1273 1545 1348 conduxit,
1562 1287 1687 1335 tenetur
1706 1272 1830 1335 locator
1840 1275 1996 1348 permitte·

429 1357 506 1422 ssilis
526 1350 680 1427 incursus,-
701 1358 770 1426 quia
798 1368 872 1415 tunc
897 1349 951 1413 sibi
966 1353 1119 1426 imputare
1142 1347 1195 1410 de·
1229 1366 1261 1409 re
1278 1365 1312 1411 ut
1331 1349 1454 1412 redeat:
1473 1354 1518 1414 ita
1533 1353 1737 1414 conmuniter
1756 1371 1798 1415 ex
1815 1355 1862 1416 Le
1881 1353 1929 1432 ·fi
1940 1351 1995 1419 dur

429 1437 483 1502 bet
503 1430 665 1499 conduslor
685 1480 693 1507 ,
717 1435 766 1507 qui
790 1429 857 1495 haec
872 1452 942 1493 cum
962 1426 1120 1493 manifesto
1140 1424 1193 1489 suo
1227 1442 1256 1567 ξ.
1268 1433 1293 1492 §.
1310 1428 1546 1504 cuminquilinus
1561 1425 1652 1492 isicii
1666 1430 1832 1510 poffldert's.
1853 1373 1995 1509 Quarta,

427 1515 563 1595 periculo
590 1509 795 1575 conduxerit.
828 1510 907 1572 Item
934 1507 953 1569 li
984 1509 1130 1572 damnum
1154 1503 1192 1569 srt
1237 1506 1431 1572 icondudior
1453 1530 1486 1573 re
1508 1510 1837 1588 locatamalcutatur‚
1858 1511 1911 1575 vel
1927 1530 1993 1575 com

428 1595 597 1659 modicum.
618 1590 767 1668 Magnum
784 1606 907 1668 autem,
925 1588 959 1653 &
975 1589 1125 1652 modicum
1141 1584 1192 1649 da·
1228 1605 1275 1650 tra
1291 1587 1383 1650 bonos
1400 1609 1515 1666 mores,
1536 1588 1587 1651 vel
1602 1608 1671 1652 eam
1688 1589 1927 1665 deteriorando.

426 1695 532 1739 mnum
547 1671 638 1750 qrrrle
658 1671 836 1733 censendum
856 1670 911 1745 lit,
931 1670 1035 1747 regula
1055 1688 1190 1731 commu·
1267 1665 1410 1731 Tenetur
1432 1669 1556 1732 tandem
1580 1668 1698 1732 locator
1722 1689 1790 1732 rem
1810 1688 1876 1733 non
1898 1668 1990 1734 locare

426 1759 494 1819 nior
519 1752 563 1817 est
591 1770 683 1828 quam
705 1751 798 1813 tradit
825 1749 966 1827 Molina,
988 1750 1101 1812 l'cilicet
1128 1766 1191 1809 ma·
1224 1747 1253 1807 ei
1269 1750 1318 1820 qui
1342 1748 1423 1811 male
1442 1769 1478 1811 ea
1504 1745 1609 1811 usurus
1628 1746 1687 1825 srt,
1708 1751 1865 1827 praecipue
1881 1748 1918 1813 ad
1933 1768 1994 1829 me,

424 1855 519 1914 gnum
538 1831 598 1894 effe
618 1830 737 1909 quando
752 1827 886 1892 detraslo
906 1826 1018 1891 semine
1039 1875 1047 1903 ,
1073 1825 1107 1891 dt
1137 1846 1191 1888 ex·
1225 1829 1396 1902 retricium,
1417 1833 1488 1901 quia
1511 1828 1566 1892 hoc
1582 1828 1656 1890 eller
1677 1828 1779 1892 eidem
1799 1826 1991 1905 praeberem

424 1914 522 1992 pensu
537 1931 598 1974 non
618 1910 806 1986 colliguntur
826 1925 873 1972 tot
890 1905 1024 1983 frustus,
1044 1911 1095 1982 qui
1117 1924 1190 1982 peu·
1222 1902 1392 1982 casronem,
1415 1904 1465 1975 seu
1493 1908 1746 1972 commoditatem
1772 1908 1937 1986 peccandi,
1956 1927 1989 1973 ac

293 1995 391 2070 uenit.
422 1994 512 2057 sionis
532 1989 661 2055 mediam
683 2007 802 2066 partem
826 1989 1015 2064 adaequent.
1046 1981 1191 2049 Remissio
1225 1986 1350 2073 proinde
1378 1992 1534 2063 cooperari
1568 2004 1723 2072 peccato,
1754 2007 1819 2051 non
1845 1987 1932 2054 secur
1959 2007 1989 2052 ac

284 2065 367 2110 ”⁰⁸¹⁸
422 2093 500 2138 vero
517 2074 603 2134 iuxta
628 2071 886 2145 communiorem,
905 2068 940 2132 dc
961 2066 1189 2143 probabiliorem
1225 2067 1276 2139 qui
1292 2068 1395 2129 ensem
1415 2066 1503 2130 daret
1522 2069 1550 2129 ci
1567 2116 1576 2143 ,
1592 2086 1682 2142 quem
1707 2067 1798 2131 lciret
1823 2066 1910 2135 abuti
1929 2067 1988 2133 rel·

284 2124 401 2249 ἠζξωξςῖ
423 2151 585 2228 facienda,
602 2149 635 2214 ἃ
660 2145 835 2213 aestimanda
858 2147 901 2211 eil
926 2146 1088 2211 secundum
1108 2167 1189 2210 com·
1224 2143 1307 2207 lead
1328 2145 1487 2209 duellum.
1507 2148 1638 2235 Limirat
1664 2145 1853 2215 sententiam
1872 2147 1988 2228 Sylvius

282 2223 405 2302 lunem'
422 2229 545 2297 munem
566 2230 652 2308 vulgi
678 2231 882 2306 opinionem,
911 2225 1073 2292 secundum
1097 2246 1188 2302 quam
1222 2223 1319 2298 quoad
1335 2230 1527 2302 meretrices,
1548 2228 1569 2289 lr
1595 2229 1639 2289 ita
1657 2224 1715 2291 sint
1744 2225 1784 2288 ad
1811 2227 1927 2291 malum
1949 2245 1988 2290 tt-

291 2317 340 2366 de.
422 2315 555 2392 pretium
574 2312 668 2374 etiam
697 2329 798 2371 rerum
826 2308 980 2370 venalium
1001 2306 1186 2370 aellimatur.
1222 2301 1331 2368 solutae
1351 2303 1414 2393 ,dc
1442 2305 1491 2369 ubi
1517 2326 1533 2368 a
1560 2306 1713 2392 republica
1731 2306 1925 2379 tolerantur:
1944 2310 1989 2383 ait¹

462 2392 493 2453 Si
510 2389 647 2455 dominus
668 2408 731 2450 rem
753 2388 884 2451 locatam
901 2388 1040 2462 vendat,
1066 2407 1103 2450 ea
1124 2386 1188 2463 lete
1221 2387 1333 2448 enim:
1365 2388 1396 2449 sr
1417 2385 1558 2450 mulieres
1578 2385 1641 2448 tllae
1657 2387 1719 2464 ssnl
1743 2384 1786 2447 ad
1801 2385 1985 2457 meretricari·

423 2471 506 2535 illam
516 2468 679 2534 divendere
700 2466 808 2545 debet,
829 2482 866 2530 ut
882 2463 1066 2541 conduslor,
1082 2465 1188 2530 eadem
1221 2458 1458 2552 dum'relolurae,
1477 2464 1517 2532 s?
1545 2486 1564 2527 a
1587 2464 1731 2542 republica
1754 2466 1937 2542 tolerentur,
1954 2465 1983 2529 r'r

422 2551 602 2615 conditione
617 2564 743 2611 maneat
763 2544 842 2622 apud
865 2563 1034 2621 emptorem
1052 2564 1100 2620 ,a
1128 2564 1188 2618 quo
1220 2544 1408 2607 cartellaris
1437 2557 1519 2616 parre
1540 2589 1549 2620 ,
1575 2545 1607 2606 in
1632 2567 1689 2622 qua
1714 2545 1783 2688 ipsis
1806 2546 1922 2610 locatur
1940 2544 1991 2615 de.

422 2628 444 2692 sr
467 2630 556 2693 domo
572 2628 623 2692 vel
644 2624 738 2691 fundo
755 2625 908 2703 pellatur,
933 2640 1058 2688 tenetur
1082 2622 1187 2688 vendi·
1220 2642 1314 2699 mus,
1339 2623 1380 2687 (7
1399 2637 1549 2700 peccalum
1569 2622 1716 2702 displiceat
1746 2624 1945 2697 oratoribus..
1960 2668 1986 2689 ,ι

424 2727 475 2773 tor
489 2705 661 2774 conduslori
679 2707 716 2769 de
731 2706 856 2770 damno.
1220 2712 1290 2765 runc
1309 2703 1388 2765 enim
1402 2703 1538 2768 locatores
1560 2703 1681 2767 illarum
1693 2719 1849 2782 peccatum
1864 2702 1984 2785 impedi·

463 2791 597 2853 Locator
619 2786 680 2850 sine
697 2787 831 2864 legitima
851 2785 885 2850 dc
906 2783 980 2848 iulla
1002 2782 1092 2849 causa
1114 2801 1186 2849 ante
1220 2804 1323 2847 renen
1342 2795 1499 2858 tenentur,
1517 2783 1551 2848 δι
1572 2787 1619 2850 ita
1638 2789 1731 2850 etiarn
1749 2786 1887 2853 Pontes.

421 2868 546 2932 linitum
579 2867 740 2931 locationis
769 2882 887 2942 tempus
925 2869 1048 2941 privare
1081 2869 1185 2941 nequit
1259 2863 1432 2929 Condudlor
1450 2863 2038 2961 teneturexcommunisententiam,

420 2947 968 3023 conduliorcminvirumrelocata;
989 2947 1071 3009 secus
1100 2964 1185 3008 tene·
1222 2941 1342 3008 1.bene
1363 2951 1408 3009 uri
1430 2948 1582 3014 relocata
1604 2949 1691 3015 iuxta
1721 2946 1794 3010 boni
1828 2949 1890 3013 viri
1912 2946 1983 3011 arbi·
2015 2969 2038 3022 ,p

420 3047 509 3091 retur
529 3030 566 3091 de
588 3026 749 3103 interesse,
769 3024 840 3088 idest
855 3023 1049 3108 compensare
1071 3026 1187 3089 condu-
1221 3026 1333 3099 trium,
1349 3024 1383 3089 &
1400 3046 1460 3090 non
1477 3028 1514 3113 ad
1532 3027 1608 3090 alios
1626 3026 1707 3090 usus·
1720 3044 1835 3102 praeter
1850 2988 2038 3095 couvenssrt

421 3105 532 3170 florem
548 3106 585 3169 de
604 3106 739 3183 damno,
760 3104 780 3167 fr
802 3106 879 3180 quod
895 3109 924 3168 ei
940 3105 1130 3182 sequeretur,
1150 3105 1186 3182 dt
1221 3119 1287 3179 tos,
1307 3103 1341 3169 dt
1356 3107 1531 3183 concellos;
1553 3108 1628 3170 alias
1643 3104 1771 3170 furtivae
1792 3104 1918 3176 astionis
1936 3098 2038 3171 dam*

422 3190 554 3263 pretium
580 3187 655 3248 ellet
678 3185 887 3255 reddendum,
921 3182 941 3245 st
964 3184 1040 3247 illud
1056 3189 1117 3248 iam
1138 3205 1187 3248 ac·
1219 3202 1364 3257 mnarum·
1388 3207 1422 3248 ac
1439 3186 1508 3248 ideo
1524 3204 1663 3260 peccaret
1679 3205 1788 3250 contra
1809 3184 1981 3264 iustitiam,

421 3266 568 3342 cepillet3
589 3268 659 3339 quia
678 3263 842 3327 conduslor
864 3265 895 3326 vi
912 3264 1087 3326 contraslus
1105 3265 1186 3328 loca·
1220 3265 1291 3336 quia
1315 3263 1473 3339 usurparet
1491 3264 1575 3329 ulum
1599 3269 1640 3332 rei
1658 3266 1766 3332 alienae
1787 3283 1902 3332 contra
1916 3288 1983 3333 con·

425 3347 520 3408 tionis
549 3341 710 3417 atquisivit
738 3347 785 3405 ius
811 3342 936 3419 urendi,
959 3342 994 3406 dt
1014 3340 1132 3407 fruendi
1154 3365 1186 3406 re
1220 3339 1336 3406 sensum
1352 3346 1482 3422 domini,
1508 3363 1544 3409 ut
1559 3366 1598 3409 ex
1616 3347 1689 3422 Leg.
1704 3343 1757 3422 qul
1776 3345 1913 3412 iumenta
1931 3344 1985 3426 ‚dt

423 3422 570 3487 condusla
592 3421 739 3500 usquead
766 3422 965 3510 conllirutuin
992 3439 1134 3501 tempus,
1153 3423 1186 3487 dt
1219 3421 1292 3498 Leg.
1318 3423 1370 3501 qui
1393 3424 1509 3502 pignore
1535 3424 1567 3488 ff.
1591 3424 1791 3502 commodati„
1825 3422 1985 3503 undequi

423 3523 487 3568 non
515 3520 641 3568 tenetur
669 3502 706 3565 de
742 3505 866 3576 pretio,
896 3504 948 3562 nili
977 3519 1125 3577 quatenus
1155 3525 1187 3566 re
1219 3502 1368 3566 conduxit
1389 3523 1498 3581 equum
1525 3526 1578 3581 pro
1594 3510 1707 3570 itinere
1733 3505 1902 3570 Mantuam
1918 3526 1984 3574 rer·

422 3586 492 3648 ulus
507 3580 618 3648 fuerit.
641 3581 691 3645 Est
707 3578 947 3646 communiffima
967 3603 1006 3647 ex
1030 3582 1103 3661 Leg.
1125 3586 1187 3648 aedr
1220 3579 1285 3659 lus,
1305 3581 1459 3647 &utatur
1478 3606 1531 3662 pro
1548 3589 1659 3649 itinere
1668 3585 1854 3664 Bergomum
1864 3582 1985 3660 versus,

423 3680 452 3745 3.
470 3666 531 3729 cod.
553 3665 589 3729 de
609 3665 691 3728 locri.
1216 3664 1390 3727 teneturde
1401 3661 1530 3728 fortuito
1541 3668 1776 3742 periculoequi,
1801 3664 1877 3744 ideli
1894 3665 1985 3743 siper·

461 3745 604 3819 Qratuor
625 3762 729 3807 tamen
744 3741 813 3807 sunt
828 3742 939 3808 caussae
954 3790 962 3818 ‚
980 3740 1018 3806 ob
1033 3763 1107 3819 quas
1118 3760 1186 3819 pot·
1218 3758 1270 3807 eat
1285 3792 1294 3819 ,
1314 3748 1442 3820 autquir
1457 3764 1528 3808 eum
1545 3741 1685 3823 suretur,
1706 3762 1835 3812 tenetur
1851 3744 1891 3810 ad
1906 3743 1984 3810 relli-

421 3823 465 3885 est
487 3827 604 3889 locator
627 3843 701 3887 anre
724 3820 910 3899 praefinitum
927 3842 1045 3897 tenipus
1072 3824 1184 3888 condu-
1220 3826 1401 3898 tutionem,
1425 3822 1503 3891 &ad
1514 3827 1736 3890 omniadamna
1745 3823 1984 3902 compensanda.

421 3901 534 3966 florem
556 3924 575 3967 a
603 3923 635 3965 re
659 3904 762 3967 locata
794 3905 930 3965 invirum
958 3903 1135 3978 expellere,
1157 3926 1184 3966 e·
1218 3922 1245 3962 ι.
1265 3901 1403 3965 Tenetur
1421 3925 1475 3979 pro
1498 3904 1576 3967 illius
1591 3904 1828 3970 conservatione
1845 3927 1915 3976 eam
1935 3926 1985 3970 cur

423 3982 527 4057 iuluue
551 3978 626 4058 usu,
648 4004 683 4047 ac
702 3980 799 4045 srudu
828 3986 975 4057 privare,
996 4000 1031 4044 ot
1050 4002 1186 4047 conmu·
1218 4004 1283 4045 ram
1301 3980 1442 4045 adhibere
1459 4005 1549 4057 quam
1570 3985 1777 4062 diligentiores
1804 3982 1839 4049 dt
1862 3985 1986 4063 pruden·

421 4064 523 4126 niter.
542 4065 660 4139 Prima,
682 4061 702 4123 si
725 4061 810 4125 casus
828 4063 1008 4137 improvilus
1030 4081 1185 4141 eveniat,
1219 4068 1312 4126 tiores
1329 4066 1360 4123 in
1379 4082 1411 4124 re
1434 4061 1486 4125 lua
1502 4063 1642 4128 adhibere
1658 4064 1778 4139 solent,
1801 4068 1884 4130 uude
1902 4081 1985 4134 tene·

421 4158 456 4205 ut
476 4140 603 4218 ipsemet
626 4142 743 4205 locator
760 4143 892 4220 indigeat
914 4161 945 4204 rc
969 4140 1091 4217 locata,
1112 4160 1184 4216 puta
1219 4162 1269 4205 rur
1301 4138 1442 4204 resarcire
1468 4142 1641 4220 damnum,
1670 4144 1690 4207 li
1719 4165 1764 4207 res
1782 4162 1911 4221 pereat,
1934 4144 1983 4209 vel

420 4222 512 4287 domo
531 4221 570 4286 ob
586 4222 777 4297 incendium,
797 4221 1183 4298 matrimonium&c.quod
1217 4222 1353 4285 deterior
1372 4219 1427 4285 fiat
1449 4219 1511 4285 sive
1528 4228 1644 4300 propria
1670 4226 1758 4301 culpa
1781 4223 1848 4290 lata
1867 4225 1918 4290 vel
1943 4226 1985 4288 lc·

420 4303 590 4377 praevidere
606 4323 666 4363 non
685 4307 786 4377 potuit
805 4303 944 4378 locator,
960 4304 1012 4363 cit.
1031 4305 1100 4380 Lrg.
1112 4303 1184 4366 aede.
1218 4305 1250 4365 vi
1270 4350 1278 4379 ,
1300 4301 1362 4366 sive
1381 4300 1579 4380 famulorum,
1595 4309 1825 4381 operariorum,
1841 4305 1984 4368 aliorum-

417 4380 574 4460 secunda,
596 4379 796 4443 siconduslor
812 4402 863 4456 per
882 4382 1036 4444 biennium
1052 4386 1183 4456 pretium
1218 4403 1270 4457 ve,
1295 4403 1371 4458 quos
1389 4383 1466 4457 apud
1485 4381 1513 4444 se
1531 4389 1643 4458 recepit
1663 4433 1672 4461 ,
1697 4384 1719 4446 si
1743 4384 1824 4462 negli
1846 4403 1903 4448 ens
1919 4380 1984 4449 sue·

416 4479 605 4524 conventum
626 4481 689 4523 non
718 4457 844 4524 solverit
870 4482 936 4537 cap.
958 4474 1075 4539 propter
1099 4476 1125 4540 3.
1149 4463 1184 4526 de
1217 4466 1257 4524 rit
1280 4464 1313 4524 in
1342 4482 1402 4525 non
1428 4462 1644 4541 impediendo,
1667 4464 1718 4528 vel
1745 4466 1776 4526 in
1797 4405 1986 4542 seligendis.

415 4539 499 4603 locat.
521 4539 554 4606 dt
571 4540 626 4604 hoc
647 4541 803 4603 biennium
821 4540 998 4615 requisitum
1023 4543 1060 4603 ad
1086 4544 1182 4615 repel·
1216 4563 1250 4604 ac
1270 4541 1470 4605 conducendis
1487 4540 1620 4622 idoneis,
1641 4540 1715 4606 idest
1735 4541 1823 4608 bonis
1838 4541 1984 4619 probatis·

418 4619 541 4682 lendum
555 4618 768 4684 condustorem
788 4623 922 4683 invitum
944 4622 1127 4697 intelligitur
1146 4620 1182 4684 de
1217 4640 1256 4683 ve
1282 4618 1394 4695 servis,
1415 4625 1581 4698 operariis,
1605 4624 1713 4690 aliisve
1736 4622 1834 4698 pmbis
1858 4625 1987 4702 hospiti·

415 4699 568 4763 locatione
588 4699 624 4761 ad
640 4700 762 4777 longum
781 4717 899 4775 tempus
915 4700 1084 4776 celebrata,
1106 4718 1181 4774 puta
1215 4700 1270 4762 bus
1287 4702 1358 4775 Leg.
1377 4700 1579 4764 praeamara.
1605 4703 1639 4767 r'n
1655 4701 1796 4781 principio
1814 4697 1847 4763 ff.
1870 4702 1987 4779 ouri.

310 4787 337 4834 ’ἰ
414 4777 452 4842 ad
472 4778 671 4852 decennium,
691 4795 746 4844 aut
767 4783 1032 4857 quinquennium3
1056 4800 1128 4841 uam
1150 4784 1181 4842 in
1215 4800 1285 4841 nam
1315 4779 1491 4843 contradus
1509 4782 1590 4846 cedit
1617 4787 1648 4850 in
1673 4782 1833 4857 utriusque
1864 4785 1986 4854 utilita-

412 4858 572 4922 locatione
596 4857 632 4922 ad
659 4874 778 4935 tempus
797 4858 946 4934 brevius,
974 4882 1004 4923 v.
1028 4882 1055 4937 g.
1081 4858 1180 4935 duos,
1215 4879 1297 4923 tem.
1319 4860 1467 4924 Similiter
1483 4880 1592 4924 curare
1613 4861 1722 4938 deber,
1739 4877 1775 4924 ut
1788 4859 1988 4930 ‹nullumde›

293 4979 298 4990 ι
415 4939 548 5001 veltres
576 4956 698 5015 annos,
729 4937 938 5001 ficonduelor
968 4959 1029 5001 non
1049 4936 1178 5002 solverit
1215 4943 1394 5003 trimentum
1412 4943 1549 5012 pariatur
1563 4939 1801 5018 dominus,srve
1817 4944 1918 5018 quoad
1936 4947 1985 5013 lue

312 5041 315 5048 ·
414 5021 546 5090 pretium
562 5034 773 5096 conventum,
795 5016 892 5093 potell
911 5016 1015 5082 statim
1041 5018 1179 5099 expelli,
1213 5016 1356 5095 rei,s1ve
1387 5019 1485 5092 quoad
1506 5023 1570 5082 eius
1597 5018 1818 5098 substantiam,
1844 5022 1881 5089 dt
1897 5041 1989 5089 tene·

412 5093 445 5168 dl
472 5093 516 5162 est
546 5099 713 5164 cormunis
738 5115 774 5162 ιιι
803 5116 843 5160 ex
865 5098 919 5163 cit.
944 5113 1005 5176 cap.
1031 5108 1175 5177 propter.
1213 5098 1308 5166 rurde
1324 5095 1395 5164 calu
1411 5096 1564 5179 fortuito,
1583 5100 1704 5180 quando
1720 5098 1834 5168 accidit
1851 5101 1986 5248 eonclriuud
