4425 6000
615 511 822 584 Tener.
849 531 915 583 na
950 510 1434 586 contritionem.
1470 505 1517 584 ll.
1732 527 1801 606 173

284 627 397 678 eorum
414 608 656 689 detrimentum3
681 606 721 675 src
741 614 837 675 ctiam
857 608 943 674 sires
964 625 1052 675 nota·
1089 611 1161 675 dum
1180 609 1290 673 maiori
1307 612 1407 685 pretio
1425 606 1853 686 quamaliarcmisletmuam*

282 691 390 758 biliter
403 689 530 756 excedat
553 690 647 770 aliar,
669 711 736 766 quae
752 691 955 753 communiter
976 709 1054 753 ven·
1091 694 1137 756 vis
1159 711 1219 753 non
1249 689 1332 753 ultra
1355 686 1505 753 summum
1525 692 1676 767 pretium,
1695 692 1765 765 quia
1789 705 1852 754 'em-

284 769 318 834 di
336 766 459 847 solent,
480 770 564 835 licite
581 767 670 832 vendi
688 767 782 845 potest
802 767 889 847 snpra
920 772 1054 848 pretium
1090 771 1220 850 prorius
1242 766 1404 845 habet,ut
1425 764 1549 845 sraude,
1571 763 1696 834 &dolo
1716 787 1780 832 non
1800 770 1852 834 ad·

284 849 403 929 legale,
424 852 495 926 quia
514 848 564 915 lert
583 849 728 925 Principis
755 848 838 913 cadit
868 853 900 912 in
932 870 998 925 res,
1018 866 1053 912 ut
1090 852 1218 915 ducatur
1234 846 1271 915 ad
1289 868 1351 912 rem
1366 846 1500 926 rigoroso
1512 852 1617 925 pretio
1631 847 1852 926 emendam,ac

284 929 440 996 ordinarie
460 928 520 992 elie
546 929 672 994 solent.
704 926 753 993 ad
773 927 828 992 hoc
855 946 959 995 tamen
979 945 1015 992 ut
1036 948 1053 991 a
1090 931 1216 1008 proinde
1237 928 1275 992 ad
1295 927 1438 992 damnum
1457 929 1578 1004 aliquod
1595 927 1848 1006 patiendum,vel

287 1010 318 1074 le
337 1028 357 1073 e
379 1013 532 1073 communi
561 1026 631 1073 tuto
655 1009 752 1072 recedi
774 1009 905 1086 valeat,
936 1007 1052 1072 necesse
1090 1010 1208 1073 lucrum
1224 1009 1443 1073 amittendum.
1467 1007 1545 1071 ltem
1559 1010 1609 1086 qui
1620 1007 1775 1083 postquam
1786 1028 1852 1073 rem

284 1109 304 1155 e
347 1104 385 1153 ιιι
406 1088 541 1152 entellus
557 1088 594 1151 srt
611 1089 701 1151 valde
721 1087 884 1166 notabilis,
906 1088 980 1152 alias
1001 1088 1051 1152 lex
1089 1087 1195 1153 infimo
1225 1090 1324 1165 pretio
1352 1085 1587 1164 vendiderunt,
1610 1088 1733 1155 occulte
1752 1084 1851 1166 supre-

283 1169 408 1233 inutilir
436 1168 637 1246 redderetur,
665 1166 700 1232 dt
724 1163 899 1243 frequenter
923 1188 1051 1245 exurge·
1087 1189 1170 1232 mum
1193 1171 1366 1244 accipiunt,
1386 1185 1554 1245 emptorem
1579 1165 1775 1244 decipiendo,
1797 1167 1850 1232 vel

282 1265 356 1312 rent
377 1246 446 1312 lites
465 1251 545 1312 circa
575 1252 720 1311 mercium
748 1248 928 1322 qualitatem
949 1294 957 1324 ,
981 1248 1051 1310 dum
1088 1253 1118 1311 in
1141 1250 1277 1325 pecuniae
1304 1251 1533 1324 numeratione,
1553 1248 1603 1311 vel
1626 1247 1736 1322 aliquid
1757 1246 1793 1310 de
1816 1265 1873 1312 re.

282 1345 406 1406 emptor
424 1327 622 1391 contenderet
640 1324 728 1402 super
744 1327 920 1393 conditione
944 1330 1051 1391 mercis
1088 1326 1314 1403 subtrahendo,
1340 1332 1412 1403 quia
1446 1346 1508 1390 non
1534 1328 1605 1390 licet
1629 1345 1717 1405 agere
1736 1343 1850 1390 contra

281 1425 418 1485 emptae.
435 1408 507 1470 Dixi
525 1410 616 1471 initio
632 1407 760 1485 pretium
778 1408 871 1486 legale
885 1408 1052 1487 iusteraxaa
1085 1411 1325 1472 conventionem
1366 1406 1400 1473 dt
1414 1424 1523 1471 contra
1542 1409 1589 1469 ius
1606 1407 1735 1470 alterius
1750 1426 1788 1469 ert
1808 1424 1848 1471 ea

225 1498 263 1552 rid
282 1499 350 1552 turn
364 1484 487 1568 obligare
503 1507 600 1551 omnes
617 1488 648 1550 in
666 1485 856 1564 conscientia.
875 1487 957 1551 Nam
977 1485 1052 1551 sise-
1087 1485 1301 1564 acquisitum.
1334 1453 1386 1553 ita
1401 1485 1651 1553 salmanticenses
1673 1505 1744 1551 cum
1783 1484 1851 1551 Na·

225 1569 248 1640 ι’
280 1587 336 1634 cur
355 1565 512 1634 manifeste
532 1566 671 1643 constet,
688 1566 834 1631 videlicet
852 1570 983 1640 pretium
1003 1569 1050 1630 in·
1087 1587 1197 1634 varro.

225 1639 251 1744 ζ’
281 1647 403 1726 debite,
419 1647 694 1724 irrationabiliter,
714 1666 749 1710 ac
774 1645 883 1710 iniuste
908 1662 1050 1713 taxatum
1125 1648 1193 1713 Nec
1209 1646 1290 1728 dicas
1311 1669 1373 1713 rem
1393 1647 1456 1711 dari
1473 1648 1573 1725 pretio
1586 1643 1848 1736 commensurato,
1902 1681 1910 1704 ·

284 1725 366 1802 elie,
389 1746 479 1792 nemo
498 1731 531 1791 in
558 1728 627 1791 loro
650 1723 845 1792 conscientie
862 1744 989 1792 tenetur
1014 1728 1049 1788 il·
1084 1726 1166 1791 unde
1185 1728 1268 1791 nulla
1290 1727 1325 1792 fic
1356 1727 1520 1792 iniustitia.
1549 1726 1631 1790 Num
1654 1726 1710 1791 etlr
1734 1741 1849 1791 mercer

284 1808 337 1872 lud
356 1804 538 1882 observare,
558 1825 594 1873 ut
616 1806 685 1871 srv.
708 1828 734 1885 g.
756 1803 975 1886 Magistratus,
998 1806 1047 1870 vel
1085 1810 1189 1885 pretio
1215 1806 1377 1872 secundnm
1398 1806 1426 1870 se
1453 1805 1582 1882 spetlum
1602 1804 1639 1872 srt
1661 1803 1849 1871 commensu-

284 1887 381 1954 abeo
401 1886 542 1966 deputati
564 1906 603 1951 ex
617 1886 710 1964 odio,
727 1887 777 1949 vel
807 1884 938 1962 passione
958 1934 967 1963 ,
996 1885 1046 1951 vel
1085 1903 1172 1964 rata,
1191 1907 1254 1950 non
1273 1886 1317 1952 eil
1338 1906 1445 1951 tamen
1463 1887 1704 1952 commensurata
1724 1889 1851 1966 pretio,

284 1966 460 2032 muneribus
481 1969 635 2044 corrupti,
659 1982 714 2031 aut
734 1984 774 2029 ert
789 1964 1048 2046 errore,&igno·
1084 1966 1121 2029 de
1140 1986 1200 2040 quo
1216 1965 1310 2042 iulle,
1331 1966 1366 2033 dt
1394 1967 1528 2044 legitime
1541 1983 1732 2030 conventum
1757 1962 1816 2029 suit
1837 2012 1849 2044 ,

283 2050 387 2118 cantia
402 2042 511 2109 sedulii
534 2049 665 2124 pretium
688 2042 795 2109 iniulle
815 2046 1048 2124 determinent,
1084 2046 1219 2124 adeoque
1236 2050 1266 2110 in
1288 2046 1342 2110 tali
1365 2046 1456 2110 modo
1483 2045 1589 2124 agendi
1610 2065 1649 2110 err
1675 2044 1731 2110 hac
1762 2059 1848 2122 parte

284 2143 362 2214 puta
382 2123 576 2203 sipilloribns
599 2124 714 2203 pondus
734 2127 817 2203 panis
839 2143 966 2191 taxetur
986 2146 1047 2192 non
1086 2145 1161 2191 vera
1177 2129 1349 2191 intervenit
1366 2126 1536 2191 iniullitia.

280 2207 443 2272 secundum
462 2210 686 2287 proportionem
706 2206 820 2270 valoris
840 2208 968 2287 tritici,
997 2206 1046 2271 vel
1123 2205 1269 2270 Similiter
1284 2204 1471 2271 rellirutioni
1492 2202 1562 2270 sunt
1578 2203 1701 2271 obnoxii
1718 2205 1769 2284 qui
1780 2205 1848 2284 plu·

278 2285 331 2356 lert
351 2287 455 2353 iubeat
477 2307 511 2353 ut
533 2286 720 2353 frumentum
740 2283 974 2365 superveniente
989 2284 1047 2354 lle·
1085 2286 1127 2349 rie
1145 2286 1235 2351 alicui
1252 2307 1316 2352 rem
1337 2285 1475 2354 vendunt
1495 2285 1535 2351 ob
1554 2289 1698 2351 maiorem
1724 2303 1847 2362 empto·

278 2367 402 2433 tilitate
417 2369 526 2432 eodem
545 2371 645 2445 pretio
665 2367 833 2448 vendatur,
854 2390 916 2445 qno
935 2369 1047 2433 vende·
1083 2369 1123 2431 ris
1144 2365 1284 2433 allectum
1306 2370 1337 2431 in
1358 2367 1479 2447 ipsam,
1501 2369 1575 2445 quia
1603 2364 1743 2444 affellnr,
1759 2362 1847 2431 utili·

278 2445 372 2512 iratur
392 2465 546 2525 tempore,
561 2470 621 2525 quo
639 2466 706 2513 erat
729 2444 870 2512 frumenti
887 2452 995 2527 copia,
1014 2470 1047 2515 a·
1084 2466 1149 2527 tas,
1168 2448 1203 2515 dt
1219 2448 1388 2528 indigentia
1404 2449 1551 2525 emptoris
1567 2467 1628 2511 non
1644 2445 1847 2516 subiiciunrut

278 2524 353 2592 iunt
373 2527 464 2604 aliqui
497 2542 532 2592 ut
560 2529 680 2592 Molina
694 2577 703 2606 ,
718 2530 884 2609 Layman‚
904 2528 1046 2609 Leffius,
1082 2527 1217 2593 dominio
1233 2529 1418 2605 venditoris,
1439 2544 1548 2604 utpote
1567 2547 1634 2603 quae
1655 2524 1713 2589 srnt
1734 2525 1845 2602 aliquid

277 2603 316 2674 &
334 2606 372 2670 de
392 2607 481 2686 Lngo
501 2609 677 2672 venditores
696 2608 776 2683 polle
800 2612 832 2670 in
863 2610 918 2672 tali
947 2609 1018 2674 cain
1038 2659 1048 2690 ,
1082 2627 1121 2673 ex
1136 2610 1310 2673 conditione
1326 2611 1488 2684 emptoris.
1511 2605 1657 2671 iniustum
1678 2603 1722 2668 est
1738 2624 1845 2668 autem

279 2685 404 2764 quando
422 2688 484 2751 aiio
499 2687 588 2751 modo
614 2687 724 2750 lullum
750 2692 886 2763 pretinm
906 2690 1045 2753 obtinere
1083 2708 1145 2751 rem
1160 2691 1261 2752 carius
1290 2689 1422 2753 vendere
1452 2706 1574 2765 propter
1599 2684 1709 2761 aliquid
1732 2733 1740 2762 ‚
1765 2683 1844 2760 quod

278 2783 437 2855 nequeunt
464 2766 639 2840 mercibus,
670 2787 735 2830 rem
796 2771 853 2829 'm
881 2768 931 2830 vel
953 2769 1045 2833 aliam
1081 2786 1144 2830 non
1164 2767 1207 2830 est
1228 2767 1413 2831 vendentis.
1440 2767 1487 2830 lta
1510 2766 1549 2829 r).
1569 2764 1630 2826 Th.
1652 2781 1724 2826 m.
1745 2785 1772 2842 q.
1794 2782 1842 2841 77.

276 2845 409 2923 speciem
427 2849 527 2910 minus
546 2842 704 2923 perscdlam
726 2867 757 2909 v.
781 2867 809 2924 g.
854 2850 942 2910 rimo
962 2851 1045 2912 triti·
1080 2859 1138 2908 arr.
1162 2867 1188 2909 r.
1210 2847 1292 2909 Nam
1314 2851 1443 2923 pretium
1464 2848 1506 2908 rei
1526 2847 1731 2908 excommuni
1750 2844 1844 2905 homi·

275 2945 318 2990 co
333 2923 416 2990 aliud
432 2927 587 2992 mediocre
603 2921 784 2989 immiscere.
806 2925 888 2990 Adii
912 2943 1044 2989 eramen
1081 2947 1154 2988 num
1174 2925 1390 3003 aellimarione,
1413 2945 1473 2988 non
1494 2944 1532 2987 ex
1550 2925 1724 3001 particulari
1746 2923 1844 2987 alicu·

275 3008 443 3083 requiritur
462 3006 662 3084 quodcerro,
681 3004 715 3070 δι
742 3004 898 3069 maniselie
925 3005 1044 3071 constet
1081 3010 1127 3070 ius
1154 3004 1286 3083 affetlu,
1306 3023 1361 3071 aut
1382 3009 1448 3070 eius
1476 3003 1654 3069 necesfitate
1678 3005 1772 3080 repeti
1793 3004 1842 3066 de·
1896 3004 1901 3015 '

276 3084 316 3148 de
332 3086 481 3151 iniullitia
499 3091 614 3167 pretii,
630 3083 803 3151 necl'ufficit
818 3085 1044 3160 dubium,cum
1078 3085 1151 3173 ιιι,
1170 3086 1307 3160 alioquin
1335 3090 1424 3149 nimir
1453 3081 1606 3169 excerpto
1629 3087 1730 3161 pretio
1750 3082 1843 3146 vendi

276 3165 417 3230 indubio
438 3169 634 3243 presumptio
652 3164 710 3230 slet
731 3186 785 3244 pro
800 3166 1040 3244 Superiore.lta
1080 3168 1197 3243 pollent
1219 3166 1395 3241 medicina,
1416 3186 1482 3240 quae
1504 3165 1541 3228 ad
1561 3163 1775 3228 lrlntenrl'unt
1788 3182 1842 3225 nc·

273 3249 481 3311 cornmnniter
498 3246 664 3312 Dodiores.
1077 3246 1233 3321 cellariae,·
1253 3245 1328 3308 bene
1349 3247 1465 3322 quidem
1484 3247 1652 3308 communis
1672 3244 1845 3308 ementium

230 3322 264 3359 ⁸·
318 3325 490 3392 Vendibilia
513 3376 521 3406 ,
544 3348 613 3404 quae
634 3327 752 3391 nullum
775 3326 889 3391 habent
911 3328 1042 3403 pretium
1079 3324 1201 3388 assellus
1223 3328 1354 3403 pretium
1375 3345 1485 3404 augere
1509 3322 1606 3401 potesl
1626 3372 1635 3401 ,
1658 3326 1730 3400 quia
1758 3335 1843 3387 comi

275 3402 373 3483 legale
391 3407 480 3470 vendi
496 3406 604 3471 debent
622 3410 722 3480 pretio
737 3407 892 3482 naturali,
911 3406 962 3468 len
974 3406 1041 3468 vnl-
1078 3409 1177 3468 omnis
1199 3406 1354 3470 hominum
1373 3404 1577 3484 existimatio,
1606 3404 1686 3467 unde
1711 3407 1844 3480 pretium

228 3512 248 3549 r·
275 3483 412 3563 gach&
433 3489 482 3563 qui
504 3487 594 3551 aliter
616 3481 744 3563 fecerit,
761 3504 885 3550 tenetur
906 3484 1041 3549 adrelii·
1077 3487 1205 3562 pendet,
1223 3486 1435 3564 idem-augere
1463 3481 1577 3559 potell.
1599 3480 1699 3547 Potest
1722 3483 1846 3560 quidem

263 3565 464 3641 tutionem:
486 3569 557 3641 quia
583 3587 652 3630 cum
676 3567 774 3629 omnis
805 3564 944 3628 venditio
966 3562 1040 3628 lulla
1078 3568 1211 3640 pretium
1235 3566 1337 3644 augeri
1358 3585 1398 3627 ert
1422 3561 1531 3627 affel‘iu
1557 3564 1750 3640 venditoris,
1771 3565 1843 3639 quia

273 3642 340 3707 elle
358 3640 487 3717 debeat,
507 3661 541 3706 ut
559 3645 628 3707 talis
644 3642 699 3721 srt,
723 3643 839 3707 necesse
854 3641 896 3705 eli
910 3692 918 3721 ,
930 3662 1042 3717 utpre·
1078 3664 1153 3708 tunc
1174 3644 1317 3710 venditor
1334 3642 1501 3708 nonl'olum
1520 3640 1579 3704 sese
1599 3645 1702 3720 privat
1723 3663 1755 3706 re
1771 3642 1846 3719 sira,

274 3724 358 3789 tium
380 3719 417 3787 fit
436 3743 509 3787 cum
535 3725 579 3785 rei
601 3723 711 3786 valore
729 3718 1009 3787 commensuratum
1033 3770 1042 3799 ,
1078 3722 1126 3788 sed
1144 3721 1227 3787 srmul
1241 3728 1293 3787 l'uo
1312 3723 1489 3800 commodo,
1505 3721 1538 3785 &
1557 3722 1846 3801 delestatione,quae

275 3818 316 3867 ιιι
339 3801 489 3866 habeatur
520 3800 683 3876 aequalitar
712 3803 793 3864 inter
817 3820 952 3864 mercem
973 3824 1040 3877 quar
1078 3804 1148 3867 sttnt
1169 3807 1269 3878 pretio
1296 3802 1506 3868 aeilimabilia:
1530 3803 1607 3864 unde
1633 3800 1751 3879 llatna,
1772 3820 1842 3876 quae

274 3883 445 3956 venditur,
466 3879 499 3945 dt
525 3882 733 3957 pretiumque
756 3899 793 3943 ea
814 3883 955 3958 emitur,
981 3882 1041 3946 line
1078 3900 1202 3962 propter
1223 3887 1463 3960 antiquitatem,
1483 3902 1599 3960 gemma
1627 3902 1696 3956 quae
1719 3896 1843 3958 propter

292 3978 335 4024 ιιι
353 3961 452 4023 omnir
477 3956 650 4023 contradus
671 3957 712 4022 eil
734 3957 878 4035 iniuslur,
899 3982 969 4024 eum
996 3964 1041 4024 iu·
1078 3967 1256 4041 raritatem,
1277 3964 1384 4026 domus
1412 3966 1484 4039 quia
1508 3966 1596 4025 avita
1620 3959 1681 4036 eil,
1710 3962 1843 4040 plurisa

269 3982 360 4103 sitia
383 4043 413 4100 in
445 4040 623 4113 aequalitate
650 4038 821 4118 consiliat,
847 4039 882 4104 dt
911 4040 1042 4117 qualitas
1078 4042 1241 4106 venditore
1269 4043 1462 4107 aellimantur
1490 4060 1616 4121 propter
1644 4039 1732 4118 ipfius
1769 4037 1843 4103 affe·

273 4116 313 4183 fit
330 4117 392 4182 sola
414 4116 540 4183 iuilitiae
555 4121 692 4182 intentio
702 4160 714 4180 .·
730 4118 868 4183 Secunda
886 4139 963 4182 vero
974 4142 1042 4196 pars
1078 4124 1180 4200 llum,
1200 4145 1288 4199 quem
1313 4144 1383 4202 erga
1403 4122 1469 4184 illas
1491 4121 1599 4197 habet,
1620 4122 1712 4197 pluris
1729 4121 1842 4185 idcirco

270 4215 361 4279 paret
377 4197 413 4260 ad
433 4199 642 4263 evidentiam:
661 4219 731 4262 nam
754 4203 804 4276 qui
821 4200 1041 4275 aequalitatem,
1080 4201 1172 4267 vendi
1200 4204 1321 4280 poliunt
1340 4248 1347 4263 .
1369 4203 1397 4266 Α
1419 4200 1537 4266 fortiori
1547 4202 1639 4279 pluris
1661 4200 1751 4265 vendi
1772 4216 1843 4276 pot·

271 4298 312 4343 ac
331 4277 456 4355 proinde
476 4271 624 4363 iustitiam
645 4299 705 4342 non
734 4278 833 4345 servat
864 4283 895 4341 in
921 4298 1043 4344 contra·
1078 4284 1159 4361 erit,
1173 4304 1245 4346 cnm
1264 4304 1304 4346 ex
1319 4286 1383 4346 eins
1405 4280 1584 4345 venditione
1605 4282 1724 4345 lucrum
1736 4280 1843 4355 cesset,

263 4356 344 4435 tiu,
360 4373 486 4422 tenetur
503 4355 540 4422 ad
561 4355 811 4436 restitutionem,
831 4362 902 4436 quia
918 4363 1040 4423 cum-iu·
1080 4379 1136 4427 ant
1155 4361 1299 4427 damnum
1321 4376 1456 4440 emergat
1485 4361 1661 4441 venditori,
1680 4379 1715 4425 ut
1737 4358 1760 4422 st
1779 4380 1844 4424 rem

263 4434 388 4501 ¹{liciam
409 4436 539 4502 violarit
563 4436 644 4517 „est
675 4440 793 4514 iniquus
819 4440 960 4515 pollelior
996 4444 1040 4503 rei
1077 4460 1166 4508 cerro
1190 4442 1398 4506 reservaturus
1426 4460 1492 4505 crat
1524 4443 1554 4503 in
1584 4442 1664 4504 aliud
1693 4458 1845 4517 tempus,

267 4516 401 4581 alteriut'
434 4564 443 4595 ,
479 4536 551 4592 quae
577 4520 697 4595 proprio
727 4517 851 4583 domino
879 4516 924 4582 eli
956 4516 1042 4587 resti·
1078 4545 1139 4601 quo
1161 4521 1366 4588 verisimiliter
1390 4521 1485 4599 pluris
1511 4522 1670 4586 vendenda
1693 4520 1792 4597 esser,
1810 4523 1845 4589 &

230 4644 232 4649 -
272 4596 405 4662 tuenda.
527 4660 532 4665 .
1078 4603 1135 4668 laoc
1153 4623 1259 4670 verum
1280 4600 1343 4675 cll,
1364 4600 1482 4665 etiamst
1501 4604 1633 4681 pretium
1659 4603 1701 4666 rei
1721 4621 1739 4662 a
1760 4604 1846 4665 Prin·

265 4716 268 4721 -
318 4672 407 4740 Unde
428 4675 563 4753 sequitur
581 4681 679 4741 teneti
698 4678 735 4743 ad
752 4677 974 4745 restitutionem
990 4685 1040 4758 qui
1076 4688 1143 4760 cipe
1160 4698 1301 4745 taxatum
1322 4677 1429 4758 soret,
1458 4704 1527 4766 cnm
1548 4684 1689 4759 Princeps
1715 4686 1848 4758 pretium

272 4754 360 4823 nitra
390 4755 501 4820 iuslum
526 4760 660 4846 pretium
681 4760 821 4824 vendunt
849 4766 1006 4826 extraneis
1031 4811 1040 4838 ,
1077 4759 1273 4829 constituerit
1296 4759 1380 4841 super
1401 4780 1433 4825 re
1454 4761 1517 4836 ipla
1533 4761 1617 4826 nulla
1633 4760 1732 4824 habita
1754 4765 1849 4826 ratio·

271 4835 354 4913 quod
374 4854 463 4900 vetat
492 4836 624 4901 Ecclesia
644 4858 705 4918 cap.
725 4841 765 4903 dc
793 4842 953 4919 emptione,
968 4844 1041 4916 quia
1078 4863 1117 4907 ne
1138 4842 1238 4904 damni
1258 4888 1267 4918 ,
1292 4858 1346 4907 aut
1366 4841 1571 4918 incommodi,
1591 4843 1669 4918 quod
1702 4841 1846 4904 venditor

269 4916 450 4981 violaretur
464 4916 645 4998 aequalitas,
665 4939 732 4996 quat
747 4939 818 4999 erga
842 4939 949 4984 omnes
966 4920 1040 4984 indi·
1080 4943 1146 4987 rem
1172 4919 1332 4986 vendendo
1360 4918 1505 4987 sullinere
1527 4921 1641 4997 potell.
1665 4920 1712 4984 lta
1728 4924 1763 4981 D.
1786 4921 1843 4985 Tb.

269 4992 472 5061 scriminarim
491 4995 534 5059 est
558 4994 764 5065 observanda.
791 5000 871 5065 item
886 5004 936 5077 qui
959 4997 1041 5065 frau-
1078 5022 1108 5064 2.
1132 5020 1161 5063 a.
1183 5022 1209 5082 q.
1233 5020 1280 5082 77.
1301 5014 1360 5067 ert.
1390 5022 1417 5065 1.
1436 5003 1572 5078 Nullus,
1589 5005 1632 5066 ait
1656 5002 1684 5062 S.
1706 4996 1850 5085 Dodlor,

261 5074 324 5156 dt,
355 5075 390 5142 ἀ
409 5075 568 5145 urendacio
589 5076 719 5158 aliquem
739 5081 859 5163 inducit
876 5082 914 5147 ad
940 5100 1042 5146 emen
1077 5080 1162 5149 delet
1181 5080 1269 5146 alteri
1283 5082 1424 5151 vendere
1443 5082 1520 5160 quod
1541 5102 1599 5146 non
1621 5084 1659 5164 est
1674 5078 1791 5162 im,
1817 5081 1853 5148 li·
1891 5140 1894 5149 .

1772 5174 1819 5225 ces
