4425 6000
520 430 1510 514 'rraemnrsliisnarlumcar.11.
1692 459 1756 539 ‚13

237 534 370 617 scrinium
383 532 417 597 in
432 534 513 603 bona
532 539 713 617 temporalia
729 554 795 603 tum
804 533 929 601 mobilia
941 554 1007 600 tuni
1040 534 1078 599 de
1097 535 1145 601 bis
1165 537 1227 601 iam
1242 532 1333 599 fusius
1349 532 1447 600 aslum
1469 536 1513 602 est
1532 533 1587 603 luo
1606 534 1675 604 loco
1693 553 1809 620 ,ageti-

237 615 405 683 immobilia
445 638 514 696 quae
531 620 596 682 iure
612 618 698 682 civili
716 634 907 693 quocumque
916 615 1007 679 modo
1041 612 1081 678 do
1094 616 1132 690 de
1150 613 1314 680 Beneficiis
1331 614 1534 682 ecclesiasticis
1553 640 1563 695 ;
1578 616 1657 682 unde
1677 615 1748 682 satia
1768 618 1807 685 sit

238 701 278 764 ad
298 696 374 775 ipsos
411 665 541 774 spellare
578 714 692 783 queant
722 716 810 774 aeque
837 717 873 759 ac
900 713 1006 766 omnes
1042 695 1142 760 obiter
1158 695 1207 761 hic
1225 697 1315 769 iiixta
1334 696 1521 775 exigentiam
1539 697 1652 764 ordinis
1671 696 1740 765 lianc
1756 714 1809 766 at·

280 777 378 843 rsonae
399 776 572 855 simpliciter
588 777 746 843 laeculares
761 826 770 855 ‚
784 796 852 841 cum
870 774 1007 864 hocunul-
1043 775 1161 857 tigisse.

251 881 274 928 ο,
294 864 358 922 iure
378 861 422 922 eit
444 861 581 922 vetitum
601 856 655 921 lit.
676 857 773 921 Solai
796 859 859 921 itur
879 854 1008 919 dilhcul·

237 957 295 1083 {ash
307 941 444 1082 ii’ertitur
456 878 1008 1082 {sumam·⁶9⁶¹⁸s¹³{{⁶{⁵50⁰em¹3⁹
1361 943 1389 1003 s·
1430 931 1508 999 Vl.

251 1038 389 1082 iaete
417 1035 537 1095 point
578 1037 753 1097 ominium,
848 1031 1009 1079 aantin
1182 1081 1185 1088 ,
1329 1048 1368 1063 ··
1431 1051 1460 1064 ··
1624 1052 1630 1066 ·

237 1097 377 1165 redditus
391 1089 623 1162 ecclesiaslicos.
641 1097 757 1162 Verum
766 1092 1008 1173 antequamquid
1190 1051 1238 1115 ω
1255 1049 1383 1118 mmm
1398 1052 1664 1135 mmmmm
1671 1098 1680 1117 ⁸
1804 1141 1808 1150 .

237 1177 393 1244 slatuatur
411 1199 466 1254 pto
480 1180 600 1242 clariori
621 1177 850 1256 intelligentia,
1083 1158 1289 1232 Fillisamffia‘
1305 1168 1426 1234 ‘mist
1447 1191 1466 1236 ⁸
1485 1173 1586 1248 llfflll
1598 1168 1812 1247 potestante·
1827 1161 1946 1229 Μ·

280 1257 460 1323 Notandum
477 1255 519 1320 eii
538 1278 565 1319 r.
582 1255 722 1332 ,redditus
743 1254 956 1321 ecclesiasticos
977 1256 1009 1318 ln
1045 1247 1198 1340 pendeant
1218 1247 1251 1313 &
1287 1250 1366 1314 uoad
1384 1246 1434 1328 se,
1450 1248 1484 1316 ἀ
1503 1252 1599 1328 quoad
1607 1251 1811 1333 eorumbona,
1827 1242 1943 1342 wa„

237 1337 356 1417 triplici
373 1357 482 1416 genere
501 1333 683 1401 considerari
705 1335 805 1413 posse.
824 1337 911 1400 Alios
928 1337 1011 1399 enim
1045 1328 1245 1392 nibilominus
1261 1272 1348 1408 supet
1369 1329 1518 1407 aliquibus
1528 1331 1620 1398 bonis
1641 1334 1808 1410 dominium
1825 1350 1954 1413 euim.

238 1419 369 1496 percipit
388 1417 524 1481 Clericus
546 1418 642 1482 titulo
658 1413 832 1494 beneficii,
854 1413 888 1480 δι
906 1414 936 1477 hi
959 1414 1009 1480 vel
1045 1406 1156 1474 habere
1174 1407 1294 1485 possunt
1311 1457 1321 1488 ‚
1340 1410 1517 1487 quandoque
1536 1411 1687 1492 plenum,
1715 1433 1810 1490 quan·
1832 1416 1952 1492 nisae·

239 1494 400 1575 supersunt
416 1496 550 1561 honestae
573 1489 806 1569 sustentationi,
825 1496 875 1559 vel
893 1495 1011 1560 adeam
1045 1489 1143 1583 doque
1164 1506 1226 1581 πρε
1242 1487 1385 1568 plenum.
1413 1485 1531 1554 Verum
1556 1513 1612 1570 pto
1625 1492 1751 1559 clariori
1763 1496 1812 1562 in·
1828 1490 1952 1536 ω*

239 1576 395 1644 necessarii
415 1573 507 1640 sunt.
533 1579 620 1641 Alios
650 1578 757 1653 recipit
785 1593 908 1652 propter
929 1574 1010 1639 labo·
1047 1572 1219 1656 telligentia

239 1654 712 1735 rem,utsunt1dillributioues,
733 1654 1010 1732 quaedanmrprae·
1086 1647 1320 1715 Advertendum
1346 1670 1371 1712 1.
1400 1647 1632 1718 filiumfamilias
1655 1672 1725 1719 eum
1754 1675 1813 1721 vo·

239 1735 375 1802 sentibus
397 1737 494 1802 choto
518 1740 549 1799 in
569 1736 824 1811 enubentibus,
855 1731 889 1800 ἃ
908 1735 1011 1799 Colle·
1045 1732 1109 1794 cari
1128 1732 1213 1806 quia
1235 1746 1320 1806 patre
1345 1749 1406 1794 non
1436 1728 1480 1795 cll
1503 1735 1737 1811 emancipatus,
1760 1733 1813 1802 sed

240 1820 352 1897 piatis,
369 1816 531 1882 honoraria
542 1816 807 1881 concionatorum
823 1857 831 1875 .
846 1816 933 1878 Alios
944 1834 1011 1878 tan·
1047 1804 1223 1886 perseverat
1247 1809 1298 1873 lub
1318 1811 1416 1886 patria
1431 1809 1605 1889 potestate.-
1624 1816 1815 1890 patriciatu>

240 1899 310 1960 dem
326 1916 366 1959 ex
381 1893 582 1979 eleemosynis
606 1893 769 1970 fidelium,
802 1911 838 1957 ut
866 1893 1011 1969 slipendia
1047 1888 1178 1967 poteslas
1194 1892 1240 1953 ius
1255 1886 1297 1952 est
1314 1888 1465 1955 indulsum
1483 1894 1587 1972 alege
1609 1895 1696 1960 civili
1717 1894 1750 1956 in
1769 1890 1816 1960 sa·

241 1974 422 2054 Missarum,
444 1974 712 2040 administrationis
730 1976 1008 2040 sacramentorum.
1047 1990 1157 2033 votem
1173 1972 1268 2050 patris
1286 1967 1321 2036 dt
1338 1974 1389 2035 avi
1408 1977 1527 2050 paterni
1544 1974 1630 2052 luper
1651 1972 1784 2050 perionis
1804 2017 1818 2053 ,

282 2056 399 2117 Omnes
415 2073 482 2118 tum
499 2053 647 2133 Theologi
671 2075 738 2122 tum
750 2052 924 2119 Canonillae
940 2077 1012 2119 corr·
1046 2050 1080 2116 ἃ
1096 2050 1181 2114 bonis
1198 2048 1332 2113 filiorum
1349 2047 1376 2116 le
1397 2054 1574 2131 itimorum,
1592 2058 1624 2117 vi
1644 2055 1818 2130 cuiusqua-

243 2137 378 2197 ueniunt
407 2135 541 2198 redditus
566 2153 720 2213 perceptos
748 2155 787 2200 ex
819 2133 1012 2214 Beneficiis,
1047 2148 1137 2195 tenus
1156 2130 1190 2196 &
1205 2148 1354 2205 quantum
1376 2075 1456 2213 seges
1477 2139 1662 2213 permittunt
1684 2180 1694 2212 ,
1721 2132 1760 2198 de
1779 2132 1819 2197 il·

243 2218 293 2288 qui
317 2213 451 2277 boneslae
467 2210 623 2289 supersunt
638 2211 851 2281 sustentationi
865 2258 875 2292 ,
896 2217 1011 2293 impen·
1047 2211 1082 2274 lis
1098 2207 1259 2289 disponere
1278 2206 1407 2287 poffint.

242 2291 355 2356 dendus
371 2292 429 2356 else
450 2296 481 2356 in
502 2297 568 2369 pios
589 2293 678 2374 usus,
695 2316 731 2361 ac
747 2295 856 2360 exinde
871 2300 1011 2373 graviter
1067 2290 1320 2381 ,adimendum
1341 2312 1369 2356 a.
1386 2294 1467 2359 bona
1483 2293 1619 2361 filiorum
1637 2315 1700 2361 non
1712 2312 1821 2361 eman·

242 2392 370 2449 peccare
386 2373 513 2460 clericos
531 2365 745 2454 beneficiatos,
768 2379 819 2453 qui
840 2373 1012 2442 abutuntur
1046 2388 1218 2448 clpatoruiu
1233 2372 1476 2449 ‘quadrupliciter
1493 2375 1673 2441 considerari
1694 2422 1703 2451 2
1731 2372 1821 2438 Vide·

241 2447 408 2516 redditibus
430 2453 549 2518 luorum
565 2454 782 2521 beneficiorum
808 2458 840 2520 in
866 2454 933 2520 usus
950 2477 1011 2521 non
1047 2450 1124 2514 licet
1146 2470 1183 2515 ut
1204 2450 1386 2531 castrensia,
1403 2453 1482 2533 quali
1502 2455 1685 2533 castrensia,
1705 2454 1821 2538 adven·
1926 2480 1928 2483 ⁴

240 2525 344 2595 solum
356 2535 480 2609 iniquos
501 2576 510 2610 ,
539 2534 615 2600 idell
632 2534 821 2613 spectacula,
840 2536 1012 2601 saecularem
1049 2533 1123 2598 titia
1142 2530 1195 2610 ,ἀ
1211 2523 1396 2609 profestitia.
1416 2536 1457 2599 Et
1479 2536 1535 2601 hoc
1552 2534 1679 2613 idipsum
1690 2532 1732 2599 en
1760 2529 1825 2597 uod

244 2604 353 2703 sallum
372 2609 405 2677 ἃ
427 2611 552 2690 luxum,
570 2634 604 2679 ut
623 2614 752 2680 vellium
772 2663 782 2690 ,
811 2615 947 2681 ciborum
961 2615 1013 2681 de·
1047 2606 1179 2676 Romani
1202 2614 1352 2689 peculium
1370 2613 1497 2681 dicunt.
1515 2554 1822 2688 Castrensiaeasunt,

243 2687 426 2766 litatorum,
443 2691 597 2759 lautorum
618 2697 1013 2772 conviviorum,iniiinera
1047 2714 1116 2768 quae
1137 2696 1169 2753 in
1185 2692 1320 2768 militia,
1341 2693 1391 2759 vel
1406 2693 1565 2760 occasione
1585 2694 1735 2769 militiae,
1755 2687 1823 2754 five

243 2778 336 2836 merae
354 2771 542 2837 curiositatis
555 2817 569 2850 ,.
580 2776 770 2850 voluptatis,
792 2779 823 2837 in
845 2775 947 2851 lusus,
964 2774 1013 2849 sed
1048 2774 1127 2835 mati
1144 2769 1208 2833 sive
1225 2788 1308 2835 terra
1325 2793 1343 2835 a
1368 2773 1438 2836 filiis
1460 2777 1678 2849 acquiruntur,
1697 2788 1734 2835 ut
1749 2765 1824 2832 sunt

242 2852 340 2916 etiam
360 2850 533 2928 prophanus
555 2852 683 2915 ditando
697 2853 1013 2932 consanguineorum
1049 2849 1195 2927 stipendia
1215 2849 1380 2928 militaria,
1402 2849 1531 2918 bostium
1546 2854 1675 2932 ptaedae,
1689 2847 1740 2913 seu
1756 2841 1822 2924 spo·
1897 2925 1899 2930 Ι

243 2939 396 3011 egentes,
424 2928 528 2994 debita
545 2923 690 2996 solvendo
719 2954 787 3009 quae
804 2954 866 2999 nou
892 2935 924 2996 iii
944 2929 1012 2999 nsua
1050 2929 1110 3007 lia,
1163 2950 1269 3009 ucum,
1286 2930 1336 2996 vel
1354 2934 1604 3003 commilitonum
1619 2931 1699 2998 dona
1719 2975 1729 3006 ,
1757 2925 1824 3006 haep

244 3016 309 3091 pios
324 3028 567 3090 contraxerunt,
588 3013 711 3089 quando
726 3013 850 3079 aliunde
871 3035 912 3078 ex
927 3012 1013 3077 bonis
1048 3011 1196 3076 reditates
1215 3012 1249 3077 dt
1265 3010 1367 3091 legata
1382 3011 1539 3079 occasione
1557 3012 1708 3086 militiae,
1726 3005 1823 3073 ruobi·

243 3090 506 3167 patrimonialibus
515 3114 601 3169 ‚quae
619 3091 787 3172 possident,
808 3090 1011 3158 huiuscemodi
1050 3091 1092 3154 lia
1114 3092 1218 3155 omnia
1233 3093 1305 3156 data
1332 3092 1550 3172 aparentibus
1578 3090 1646 3157 filio
1674 3088 1715 3155 ad
1740 3086 1824 3152 mili·

243 3190 338 3252 onera
358 3170 483 3248 implere
504 3171 650 3237 valeant.
678 3173 717 3237 Et
747 3173 803 3239 hoc
831 3194 871 3238 eir
899 3173 1011 3250 duplici
1048 3174 1127 3239 tiam
1146 3169 1347 3257 proficiscenti
1364 3177 1469 3241 animo
1485 3168 1657 3239 militandi.
1683 3162 1763 3235 stein
1781 3184 1824 3234 en

244 3254 345 3326 capite
365 3248 542 3329 deducunt,
569 3251 641 3315 idest
669 3255 791 3318 ratione
821 3253 1013 3331 fidelitatis,
1047 3272 1116 3328 quae
1135 3255 1168 3314 in
1185 3249 1326 3328 obsequio
1345 3256 1492 3333 Principis
1517 3259 1551 3318 iri
1581 3255 1647 3318 eius
1677 3247 1751 3313 aula
1766 3266 1824 3310 ex·

244 3335 316 3407 quia
338 3330 670 3398 redditusecclesiallici
687 3334 805 3399 clericis
819 3354 858 3398 eo
868 3335 1013 3399 iinecon·
1048 3331 1178 3408 bibito,
1209 3333 1261 3395 vel
1291 3355 1332 3398 ex
1359 3336 1505 3411 Principis
1534 3335 1697 3413 largitione
1718 3373 1728 3406 r
1753 3323 1821 3391 five

245 3411 356 3474 crediti
379 3410 449 3474 sunt
471 3457 480 3488 ,
499 3431 533 3489 ut
553 3410 705 3491 quaeipsis
731 3410 889 3492 supersunt
904 3435 944 3481 ex
961 3414 1012 3479 bo
1048 3413 1170 3489 propria
1198 3406 1345 3479 indullria
1369 3413 1436 3479 filio
1461 3414 1652 3480 obveniunt.
1679 3407 1758 3472 lttm
1781 3423 1822 3471 ea

246 3487 329 3553 nesta
346 3485 567 3559 sustentatione
598 3491 779 3573 pauperibus
800 3494 1010 3574 elargiantur.
1047 3495 1239 3568 omniaque
1267 3496 1361 3558 etiam
1377 3495 1414 3559 ab
1433 3495 1500 3559 aliis
1524 3492 1589 3557 silio
1618 3489 1754 3567 pergenti
1776 3482 1820 3553 ad

244 3589 272 3656 a.
311 3569 445 3635 Ratione
472 3571 540 3635 Reli
562 3576 668 3646 ionis,
695 3576 765 3650 quia
793 3594 902 3652 nempe
940 3594 1013 3639 cen·
1047 3572 1193 3646 militiam
1209 3573 1261 3637 vel
1278 3574 1314 3637 ad
1336 3571 1511 3652 obsequium
1528 3571 1670 3646 Principii
1688 3613 1697 3643 ,
1715 3563 1832 3630 iabin·

244 3651 291 3713 lus
322 3648 512 3714 ecclesiastici
538 3594 608 3717 sunt
642 3673 689 3717 res
722 3654 839 3730 sacroe,
870 3652 951 3720 unde
978 3656 1012 3720 in
1047 3649 1173 3718 castelli
1190 3669 1245 3717 aut
1270 3648 1358 3719 Areia
1384 3653 1519 3718 custodia
1544 3665 1681 3725 tempore
1707 3645 1818 3737 inflssr

242 3725 497 3820 usus-prophanos
519 3735 661 3795 converti
677 3750 851 3804 nequeunt.
1047 3731 1098 3795 seu
1114 3751 1305 3809 quocumque
1321 3734 1411 3798 modo
1430 3733 1496 3798 filio
1517 3730 1636 3795 militiae
1653 3723 1818 3817 adscripto,

285 3809 375 3869 Licet
391 3824 494 3898 tamen
511 3814 699 3874 conveniant
715 3811 867 3876 Dotlotes
886 3812 1012 3891 quodsi·
1046 3811 1081 3878 dt
1104 3809 1144 3875 ob
1163 3813 1283 3876 militiae
1300 3818 1454 3878 motivum
1474 3810 1524 3888 ipsi
1545 3811 1675 3874 dantur.
1701 3803 1817 3867 Simili·

244 3905 283 3973 ne
300 3885 429 3961 culpam
451 3888 621 3964 prophanus
630 3887 698 3953 usus
719 3895 860 3956 converti
878 3894 1012 3970 nonpol·
1048 3910 1094 3955 tet
1114 3891 1196 3954 lucra
1213 3895 1316 3960 omnia
1336 3916 1403 3970 quae
1423 3912 1461 3958 eir
1485 3889 1597 3956 talibus
1615 3887 1700 3952 bonis
1720 3888 1817 3949 inter·

241 3967 933 4047 lint,noriconiieniuntposteacircal'peciem
945 3994 1013 4049 pec·
1047 3990 1146 4036 ventu
1160 3971 1441 4053 alicuiusdegitimi
1465 3967 1636 4037 contradus
1666 3961 1720 4044 ipsi
1748 3985 1817 4041 pro·

241 4048 304 4123 'pati
316 4091 327 4123 ,
346 4046 703 4121 ¹videlicetansitcoutra
716 4050 879 4126 iustitiam,
900 4068 1013 4126 acpro·
1048 4055 1176 4120 veniant
1200 4099 1209 4128 ,
1233 4072 1267 4117 ut
1295 4051 1317 4116 si
1339 4050 1550 4123 sdiussamiliaa
1570 4070 1609 4112 ex
1635 4049 1670 4108 iis
1690 4041 1817 4111 fundum

242 4124 420 4217 indeintali
439 4124 534 4192 abusu
553 4129 874 4214 incurrapurdebitum
896 4130 1014 4196 celsitu·
1047 4127 1227 4197 sruviserum
1242 4151 1353 4208 emat,
1382 4131 1403 4195 si
1423 4132 1538 4199 iniisset
1561 4126 1753 4194 comiadum
1769 4125 1816 4191 lu·

242 4204 631 4300 tionisAEi'enimcumhoc
647 4211 816 4286 dependeat
829 4213 1011 4287 aiurequod
1046 4180 1184 4287 ciosum,
1205 4210 1226 4273 si
1246 4216 1446 4292 negotietur,
1465 4214 1552 4278 ludat
1570 4199 1683 4289 ,dccx
1698 4205 1745 4268 bis
1767 4204 1815 4268 lu·

242 4283 318 4355 iren
333 4285 451 4350 clericis
472 4308 503 4350 in
514 4288 593 4366 talia
608 4290 709 4366 bona,
731 4294 812 4368 iiqui
822 4286 960 4361 sentiunt
975 4313 1010 4355 ac
1045 4309 1180 4355 creturr
1206 4312 1267 4356 non
1300 4313 1377 4357 vero
1404 4291 1600 4359 recensentur
1628 4291 1710 4351 inter
1731 4283 1814 4350 bona

243 4361 386 4429 lullineiit
407 4365 533 4430 clericos
555 4369 724 4434 dominium
740 4372 848 4435 babere
865 4374 898 4434 in
919 4372 1013 4435 reddi·
1046 4368 1227 4448 castrenlia,
1246 4393 1315 4448 qnae
1338 4377 1370 4437 in
1384 4373 1464 4439 bello
1480 4369 1592 4438 iniuslo
1618 4388 1653 4432 ac
1674 4369 1815 4445 privato,

244 4435 551 4535 tusecclesiallico's,
580 4444 720 4514 sentiunt
749 4455 846 4524 etiam
872 4473 906 4515 ac
928 4451 1013 4514 susti·
1047 4447 1110 4514 sive
1140 4452 1222 4514 illius
1252 4454 1369 4517 intuitu
1395 4457 1611 4529 acquiruntur.
1669 4445 1730 4511 uasi
1761 4466 1816 4511 ca·

243 4535 320 4607 'irent
339 4524 509 4603 ,liiisdem
541 4530 705 4613 redditibus
733 4531 902 4597 abutantur
924 4579 932 4609 ,
958 4551 1011 4595 eos
1046 4516 1421 4609 slienfiasicdicuuturq
1492 4531 1656 4609 privilegiis
1684 4525 1819 4594 castren·

242 4615 305 4671 non
327 4618 580 4682 peccare'coutra
603 4609 776 4686 iustitiam,
806 4633 842 4676 nc
862 4611 930 4676 ideo
950 4631 1018 4675 non*
1047 4607 1284 4685 iinmsruuntur
1306 4613 1415 4691 ,area
1494 4631 1507 4678 t
1535 4634 1604 4689 quae
1633 4607 1815 4673 silioadiie·
1873 4661 1877 4669 ,

245 4688 411 4765 rener'3ad
436 4687 682 4769 restitutionem.
704 4693 768 4766 Qu
799 4711 872 4761 vero
894 4693 1012 4767 clericis
1047 4695 1138 4754 niunt
1157 4688 1217 4766 poll
1240 4690 1408 4771 susceptum
1424 4693 1536 4758 ilatum
1555 4685 1815 4766 clericalem,id·

243 4762 290 4831 tal
363 4782 366 4787 ·
395 4771 489 4846 iniuni
500 4758 580 4848 depe
604 4790 683 4849 ant,
710 4770 870 4840 resolvunt
891 4773 952 4849 lii,
978 4770 1012 4839 dt
1047 4768 1174 4911 equuae
1191 4767 1270 4836 filius
1288 4792 1446 4850 comparat
1471 4778 1592 4838 ratione
1617 4768 1710 4835 slatus
1724 4769 1816 4828 cleri·

244 4785 396 4925 beassent,
416 4849 436 4912 si
455 4851 541 4916 bonis
557 4794 660 4919 iissem
672 4857 707 4929 ¹iii
728 4875 863 4929 pravos,
893 4851 927 4919 ἀ
943 4870 1011 4928 pro·
1046 4872 1084 4914 ca
1098 4853 1123 4913 is
1144 4897 1153 4929 ,
1181 4851 1247 4916 live
1260 4872 1296 4916 ea
1307 4859 1435 4932 recipiat
1450 4873 1490 4916 eii
1509 4850 1657 4917 beneficio
1675 4843 1815 4938 ecclesia·

244 4929 359 5019 pirarios
380 4927 448 4994 usus
464 4949 594 5008 utantur
613 4978 621 5010 ,
649 4933 808 5001 illos-teot-
821 4932 880 4998 else
896 4929 1012 5007 iniulli-
1047 4927 1146 5007 ilico,
1163 4929 1226 4996 sive
1247 4933 1368 4998 aliunde
1390 4933 1508 5010 ,titulo
1524 4953 1627 4996 tamen
1647 4925 1782 4997 clericali
1802 4971 1815 5008 ,

244 5023 329 5089 tiae,
357 5029 392 5079 ac
411 5006 521 5087 debito-
533 5013 736 5093 tesllautioiiii
763 5013 923 5097 adstringi.
943 5009 1011 5085 ¹Sed
1047 5009 1212 5080 dummodo
1230 5013 1326 5088 alicui
1340 5012 1489 5088 inserviat
1509 5011 1651 5084 Ecclesiae
1671 5055 1682 5087 ,
1709 5008 1755 5070 ita
1775 5025 1815 5078 ut
