4425 6000
492 521 1510 617 Tutemet-:Immune&nCatalb
1694 528 1746 617 67

225 644 291 700 tem
311 628 492 708 prudentem
514 622 778 701 presumptionem
801 624 879 687 levis
898 620 996 698 culpae
1031 641 1117 698 parte
1133 617 1254 687 iniuria
1279 619 1432 701 formalis,
1451 619 1503 688 seu
1526 621 1624 700 culpae
1646 622 1796 703 theologi·

227 711 428 790 theologicae.
451 706 566 773 lullum
588 707 672 769 enim
697 700 740 765 ell
761 748 770 778 ,
793 702 826 768 dt
854 700 994 780 Reipubl.
1030 724 1098 779 cae,
1119 703 1199 767 unde
1214 701 1302 767 sicuti
1322 703 1373 768 ubi
1388 700 1533 769 damnum
1561 723 1656 784 grave
1676 704 1738 779 esl,
1759 703 1792 769 ἃ

225 791 365 858 debitum
387 790 444 869 legi
462 808 501 852 ex
522 783 753 862 presumptione
774 785 909 861 generali
929 804 997 857 pru·
1030 783 1120 860 culpa
1143 782 1315 862 theologica
1341 783 1449 860 nulla,
1469 784 1585 849 nullam
1613 790 1692 861 parit
1715 784 1794 849 obli·

229 874 340 939 denter
362 870 478 933 iubenti
500 886 625 944 parere,
644 865 741 927 etiarn
757 867 790 927 in
813 860 880 927 foro
899 865 997 925 inter·
1030 865 1184 941 gationem
1201 861 1399 943 restituendi,
1419 867 1463 928 ita
1484 866 1630 940 ubiculpa
1651 864 1795 943 levirell,

227 971 289 1028 no,
304 948 356 1014 ubi
377 946 551 1026 disponitde
569 946 717 1009 bonorum
732 943 883 1008 dominio.
899 941 996 1020 Igitur
1029 942 1064 1010 ἃ
1076 943 1307 1021 venialis,licet
1323 944 1465 1007 damnum
1474 944 1511 1009 srt
1524 963 1634 1025 grave,
1655 964 1791 1023 nonpot-

226 1029 249 1095 sr
278 1030 384 1095 habeti
410 1042 542 1105 nequeat
569 1022 698 1101 prudens
736 1019 931 1101 presumptio
955 1041 994 1085 ex
1029 1024 1072 1089 est
1104 1040 1226 1087 tantam
1246 1044 1352 1101 parere
1371 1023 1617 1104 obligationem,
1644 1047 1792 1104 quantam

225 1107 527 1178 circumstantiarum
558 1102 799 1172 consideratione
834 1104 870 1168 de
904 1102 994 1181 culpa
1030 1106 1109 1182 parit
1130 1104 1219 1181 culpa
1239 1104 1398 1169 mortalia.
1423 1103 1540 1172 Idcirco
1559 1104 1580 1167 sr
1602 1127 1653 1183 per
1673 1107 1792 1181 culpam

231 1191 340 1270 saltem
356 1189 471 1255 veniali
490 1185 660 1264 theologica
677 1205 716 1248 ne
737 1184 858 1260 quidem
880 1182 994 1246 exsen·
1029 1183 1190 1249 mortalem
1209 1185 1407 1249 contrahitur
1436 1185 1585 1263 obligatio
1613 1187 1650 1250 ad
1676 1191 1794 1264 integre

227 1274 330 1339 tentia
349 1268 457 1333 iudicia
483 1266 538 1330 fiet
563 1284 599 1329 ut
620 1263 823 1329 restitutionis
849 1263 995 1342 obligatio
1029 1262 1249 1329 restituendum
1271 1287 1326 1342 pro
1352 1266 1465 1330 damno
1487 1266 1578 1330 illato
1597 1316 1606 1344 ,
1628 1269 1718 1345 eulpa
1742 1286 1797 1332 ve·
1857 1324 1859 1327 ,

228 1350 425 1415 instituatur.
444 1346 536 1410 Unde
552 1346 723 1421 relinquens
742 1364 783 1408 ex
808 1365 882 1420 pura
902 1362 993 1407 natu·
1030 1344 1214 1409 nialiscitra
1241 1346 1458 1425 contrabium,
1485 1343 1673 1412 &officium
1695 1352 1794 1411 minus
1837 1359 1839 1364 '

227 1432 284 1497 rali
305 1428 466 1494 oblivione
486 1431 610 1506 ignem,
635 1440 688 1488 aut
704 1424 864 1489 candelam
889 1442 995 1489 accen·
1029 1423 1166 1490 debiturn
1182 1430 1300 1505 pariet,
1317 1448 1351 1490 ac
1370 1429 1494 1503 proinde
1520 1427 1556 1492 ad
1576 1427 1795 1493 restituendam

227 1508 292 1577 sam
311 1511 346 1573 in
357 1508 425 1573 loto
439 1527 548 1582 exquo
563 1504 760 1569 comburatur
774 1504 879 1569 domus
896 1504 933 1568 ad
951 1506 996 1567 ni·
1028 1505 1217 1571 solummodo
1237 1526 1373 1584 partem,
1394 1505 1428 1571 ὃ(
1444 1530 1481 1572 eo
1503 1508 1554 1573 vel
1575 1507 1796 1585 maximequod

228 1591 270 1657 hil
289 1606 417 1654 tenetur
436 1591 507 1665 quia
523 1585 609 1650 nulla
630 1587 801 1649 intervenit
810 1584 995 1662 culpatheo·
1032 1604 1106 1652 tunc
1124 1587 1272 1651 damnum
1292 1587 1406 1651 leviter
1430 1591 1600 1666 peccantis,
1619 1590 1734 1653 leviter
1751 1585 1796 1651 est

227 1669 344 1751 logica.
365 1668 415 1733 Sic
435 1688 453 1733 a
473 1664 595 1731 fortiori
624 1661 784 1729 restituere
802 1686 865 1728 non
888 1681 996 1729 tenen·
1032 1665 1083 1744 ipsr
1105 1667 1306 1745 imputabile,
1325 1666 1404 1732 unde
1422 1689 1482 1733 non
1502 1667 1591 1732 debet
1618 1668 1680 1732 else
1704 1666 1798 1732 obno·

228 1769 280 1818 tur
301 1770 407 1817 amens
429 1794 439 1824 ,
468 1744 519 1811 vel
547 1745 697 1810 dormiens
717 1742 739 1807 li
756 1746 889 1822 aliquem
914 1748 996 1810 occi·
1031 1752 1100 1811 xiur
1118 1747 1154 1811 ad
1172 1765 1273 1811 torum
1291 1744 1561 1825 compensandum.
1584 1748 1727 1813 lmocum
1741 1746 1798 1811 ob·

213 1832 305 1897 dant
328 1877 338 1907 ,
362 1824 575 1906 supelletlilem
598 1823 774 1902 destruant,
791 1822 888 1891 vestes
915 1824 997 1890 lace·
1025 1830 1145 1912 ligatio
1165 1826 1366 1892 restitutionis
1383 1826 1419 1895 lit
1441 1848 1532 1903 prena
1556 1826 1662 1903 saltem
1685 1832 1799 1906 impro-

228 1930 301 1977 rent
316 1909 379 1977 &o
915 1960 916 1963 ,
1035 1908 1180 1986 prie,leu
1195 1908 1329 1985 quodam
1342 1927 1419 1973 onus
1441 1907 1552 1973 habens
1567 1912 1720 1978 rationem
1735 1927 1799 1986 poe·

238 2030 243 2037 ·
259 1990 317 2057 -Ad
332 1989 554 2068 obligationem
570 1987 777 2055 restitutionis
796 2006 884 2055 extra
894 1987 997 2055 casum
1034 2010 1082 2055 nae
1097 1991 1164 2051 iure
1184 1988 1320 2053 naturali
1335 1987 1511 2066 impofitnm
1526 1988 1714 2067 delinquenti
1732 1989 1801 2053 cul·

228 2068 403 2138 contradlus
419 2069 453 2135 dc
468 2068 563 2134 officii
583 2067 696 2135 sufficit
711 2071 803 2146 culpa
825 2069 997 2147 theologica
1034 2091 1080 2145 pae
1099 2069 1355 2148 correspondens;
1373 2068 1464 2133 debet
1483 2068 1544 2132 esse
1558 2070 1655 2146 culpa
1674 2089 1800 2147 propor-

231 2149 341 2218 saltem
358 2151 489 2215 venialis
508 2148 542 2215 dt
564 2150 623 2215 hoc
641 2150 788 2227 probatur
810 2170 850 2214 ex
880 2170 946 2226 cap.
967 2166 995 2228 9.
1033 2155 1173 2225 monaca,
1191 2152 1332 2225 quocirca
1346 2172 1416 2213 cum
1432 2149 1511 2215 levit
1525 2147 1564 2213 srt
1588 2150 1703 2227 culpa,
1732 2168 1802 2225 qnae

195 2253 200 2259 ·
229 2234 269 2299 de
286 2230 408 2296 iniuriis
433 2230 483 2294 ubi
515 2233 578 2319 lie,
601 2230 632 2295 si
650 2234 734 2308 calpa
753 2244 805 2294 tua
835 2231 938 2294 datum
961 2231 996 2296 ed
1034 2230 1077 2294 ell
1107 2225 1204 2292 solum
1240 2229 1368 2295 venialis
1397 2229 1477 2296 levis
1502 2229 1592 2296 debet
1616 2227 1677 2295 elle
1706 2232 1803 2295 etiam

228 2315 375 2378 damnum
394 2312 447 2374 vel
461 2310 576 2373 iniuria
598 2310 746 2390 irrogata,
762 2312 813 2376 vel
832 2312 902 2375 aliis
925 2310 998 2375 irro-
1036 2330 1149 2389 poena.

224 2390 363 2472 gentibus
382 2408 461 2469 opem
470 2388 676 2480 sortrrulr'str',
701 2404 754 2455 aut
773 2391 836 2480 lraec
851 2390 999 2480 imperitia
1074 2391 1229 2456 Caeterum
1257 2393 1290 2456 io
1321 2393 1405 2470 praxi
1433 2392 1557 2470 quando
1585 2393 1732 2458 damnum
1760 2385 1802 2454 est
1820 2399 1852 2448 ln
1869 2397 1943 2461 ptiar
2028 2392 2029 2396 ’

227 2484 282 2537 rua
322 2471 573 2551 uel·neglrgentra
594 2483 760 2537 evenerunt
779 2492 844 2536 rure
852 2471 941 2552 super
952 2474 998 2533 hrs
1033 2492 1148 2551 grave,
1162 2474 1313 2537 ordinarie
1336 2469 1519 2539 censendum
1539 2472 1583 2538 est
1602 2478 1699 2539 etiam
1718 2491 1798 2546 zpec·
1817 2462 1944 2573 ΜΨ

228 2565 258 2618 re
272 2520 448 2633 satisfacere
466 2563 574 2629 operm
595 2597 603 2615 .
629 2552 785 2628 Quocirca
805 2575 875 2617 cum
902 2554 998 2617 etiam
1034 2570 1139 2617 catum
1158 2572 1253 2630 grave
1264 2552 1479 2618 intervenisse.
1497 2554 1620 2618 Etenim
1630 2546 1799 2618 iuxtaLes·
1807 2538 1894 2639 *Ἥ
1902 2538 1948 2636 Ἓξ

204 2651 282 2717 ‚per
306 2632 430 2696 veniale
445 2650 603 2708 peccatum
624 2636 734 2695 iniuria
750 2628 887 2698 formalis
908 2632 998 2697 alicui
1034 2631 1108 2697 sium
1129 2634 1315 2711 generaliter
1329 2633 1481 2711 loquendo
1500 2638 1533 2697 in
1552 2638 1690 2700 externis
1710 2631 1945 2718 allio-prunarum

230 2710 337 2777 inferri
355 2708 442 2789 poffit
460 2759 469 2789 ,
484 2729 522 2777 eo
542 2718 613 2789 quia
642 2715 758 2777 iniuria
776 2712 930 2777 inseratur
961 2712 999 2777 ab
1033 2712 1122 2777 nibus
1138 2715 1307 2789 prasertim
1327 2713 1532 2791 gravioribus,
1554 2714 1709 2791 inquibus
1726 2714 1922 2790 peri-cultmn

228 2812 287 2867 eo,
307 2793 358 2868 qui
375 2789 484 2864 scient,
507 2792 542 2857 δι
564 2792 672 2857 volens
692 2795 849 2870 comittit,
873 2810 926 2856 aut
942 2792 999 2855 l'al·
1035 2793 1137 2857 culum
1161 2790 1256 2870 inest,
1276 2815 1346 2857 cnm
1366 2796 1463 2858 rarius
1479 2797 1627 2858 eveniant
1645 2794 1716 2858 ideo
1741 2788 1803 2854 sor·
1821 2790 1942 2845 ΒΜ·

231 2890 295 2936 tem
354 2872 486 2948 ripl'um
504 2870 867 2949 llat,quominussciat,
890 2871 923 2936 dc
946 2891 1001 2935 ve·
1036 2874 1097 2937 tius
1120 2874 1257 2935 animum
1283 2869 1425 2950 pulsant,
1461 2870 1566 2949 suique
1591 2876 1804 2949 cognitionem

228 2952 292 3030 lit,
321 2954 443 3029 equitur
463 2951 543 3029 quod
560 2970 613 3030 per
628 2952 750 3030 culpam
769 2953 865 3017 etiam
891 2953 1000 3017 venia·
1039 2956 1070 3015 in
1090 2969 1201 3030 erunt,
1222 2951 1335 3017 idcirco
1353 2973 1477 3031 perraro
1492 2954 1646 3031 contingit
1671 2955 1702 3016 in
1723 2948 1803 3016 hisce

228 3032 290 3097 lan
310 3034 449 3097 contrahi
471 3029 558 3108 poffit
588 3031 739 3112 obligatio
768 3031 998 3097 restitutionis.
1035 2974 1149 3099 talibus
1166 3033 1397 3098 advertentiam
1427 3033 1488 3097 else
1513 3031 1734 3111 imperseslam,
1754 3030 1808 3094 len
1843 3073 1845 3075 >

182 3112 189 3121 '
216 3111 270 3177 'Et
296 3111 434 3188 equidem
459 3110 479 3174 sr
503 3111 593 3188 culpa
622 3113 752 3197 venialis
769 3133 833 3176 non
849 3108 1000 3178 sufficeret
1035 3113 1356 3190 semiadvertentiam;
1378 3133 1486 3192 nempe
1504 3134 1598 3189 opera
1613 3112 1675 3190 ipsa
1703 3111 1808 3190 sogge-

222 3193 266 3257 ad
286 3190 491 3257 inducendum
500 3191 704 3277 restitutionis
720 3189 995 3269 debitum,nulluru
1036 3211 1110 3259 runt
1128 3194 1313 3271 periculum,
1330 3197 1469 3259 animum
1477 3195 1514 3258 ad
1535 3192 1577 3257 sui
1593 3193 1807 3258 consideratio·

228 3270 307 3337 esset
328 3273 451 3345 veniale
476 3268 593 3340 suctum
603 3308 620 3352 ,·
632 3273 718 3338 nulla
743 3272 792 3337 lex
820 3272 999 3340 restituendi
1036 3294 1106 3339 nem
1123 3278 1306 3351 excutiunt,
1322 3295 1359 3339 ac
1379 3273 1594 3354 proindesoepe
1610 3272 1806 3353 saepiusmor·

229 3353 266 3416 iis
289 3353 472 3430 imponenda
489 3357 566 3432 ,qui
589 3375 640 3431 per
650 3354 734 3419 levia
755 3350 839 3418 furta
859 3375 1002 3434 magnam
1023 3357 1101 3420 ”tale
1122 3374 1187 3422 non
1207 3351 1381 3434 effugiunt.
1398 3352 1523 3432 Insuper
1549 3373 1585 3419 ut
1607 3352 1740 3419 mortale
1755 3353 1808 3414 in·

233 3436 371 3510 pecuniae
401 3433 548 3499 summam
567 3435 771 3500 cumulassent
792 3434 894 3511 ,quod
910 3456 1001 3512 quam
1035 3454 1178 3502 curratur
1194 3432 1265 3500 satis
1284 3432 1329 3499 est
1344 3439 1480 3514 cognitio
1505 3431 1628 3500 confusa
1659 3431 1809 3511 periculi,

231 3507 341 3577 sallum
358 3511 395 3578 srt
419 3534 511 3579 neruo
536 3535 599 3581 non
621 3515 727 3590 videt,
745 3517 816 3593 quia
836 3532 899 3580 non
916 3514 1000 3579 relli-
1036 3533 1090 3581 aut
1112 3516 1282 3595 diligentiae
1298 3518 1423 3580 maioris
1443 3513 1638 3591 adhibendae,
1655 3513 1706 3577 seu
1727 3512 1808 3575 debi·

230 3591 349 3656 tuendo
388 3593 497 3657 iniulle
508 3597 681 3673 privaretur
698 3596 839 3658 dominus
849 3596 915 3659 iure
927 3593 1000 3672 suo;
1037 3600 1062 3659 ti
1085 3599 1260 3661 accuratius
1270 3595 1475 3677 advertendi,
1494 3591 1585 3671 qu'am
1606 3591 1695 3658 facile
1710 3593 1809 3670 gignit

229 3669 304 3736 idest
325 3640 381 3736 usu
398 3677 442 3737 rei
463 3671 513 3736 sibi
540 3675 650 3738 debita:
679 3671 856 3739 sufficientis
880 3673 918 3741 ad
938 3696 1001 3740 ma·
1038 3673 1120 3740 allus
1141 3678 1281 3739 exterior
1302 3674 1472 3752 notabilis;
1498 3674 1533 3738 δι
1564 3674 1632 3738 ideo
1657 3669 1711 3736 nisr
1734 3690 1808 3761 con·
1911 3718 1913 3721 .

231 3753 345 3815 teriam
364 3751 480 3828 culpae,
499 3752 534 3817 dc
557 3753 685 3817 alterius
714 3755 855 3832 iniuriae,
875 3753 908 3820 ἀ
932 3754 1002 3819 ideo
1036 3755 1095 3821 llet
1110 3756 1147 3820 de
1164 3759 1345 3832 contrario,
1366 3752 1606 3833 praesumendum
1626 3749 1668 3815 est
1683 3748 1807 3816 ordrna·

231 3828 397 3894 iniullitiae
429 3832 508 3894 levis
537 3831 687 3909 quidem,
716 3830 750 3896 dc
780 3835 932 3909 venialis,
953 3831 1000 3899 sed
1036 3841 1080 3900 rie
1100 3834 1269 3914 loquendo,
1293 3836 1445 3903 astionem
1468 3835 1607 3911 graviter
1633 3827 1809 3897 damnifica·

230 3930 297 3988 quae
317 3929 382 3971 non
400 3907 535 3975 liberata
548 3910 728 3978 debitoeam
751 3911 898 3976 tollendi.
918 3915 1001 3978 Dici·
1037 3920 1138 3983 rivam
1154 3910 1241 3980 fuisse
1257 3915 1438 3981 mortalem.
1460 3916 1508 3979 Sic
1519 3917 1552 3978 P.
1561 3914 1695 3992 Henno,
1717 3909 1808 3974 Tou·

231 4005 281 4054 nrt
301 4000 391 4052 extra
410 3996 607 4069 contrarium,
629 3996 700 4071 quia
720 3987 1001 4070 suppositocontra·
1036 3998 1123 4062 nele.
1141 3994 1172 4059 Ρ.
1191 3998 1297 4062 Antoi.
1313 3998 1418 4073 Qrare
1440 3994 1489 4060 hic

229 4067 280 4134 ltu
304 4068 397 4137 aliter
412 4069 710 4150 discurrendumell‚
727 4089 762 4136 ut
778 4076 844 4136 cito
864 4073 1000 4152 patebit·
1076 4077 1257 4141 Notandum
1274 4097 1301 4140 r.
1325 4078 1405 4153 quod
1429 4078 1461 4139 in
1487 4074 1577 4141 dubio
1600 4095 1640 4139 an
1664 4072 1752 4149 culpa
1774 4072 1807 4132 ln
1869 4107 1942 4173 quq

231 4144 313 4213 ltem
335 4147 356 4212 sr
377 4170 417 4213 ex
443 4153 573 4218 alterius
597 4152 707 4218 damno
728 4150 823 4217 sanus
848 4153 885 4216 srt
909 4155 1003 4218 ditior
1037 4158 1093 4221 tali
1117 4154 1190 4222 casu
1216 4156 1356 4222 mortalis
1376 4154 1413 4222 srt
1438 4178 1478 4220 an
1500 4155 1629 4222 venialia
1650 4171 1773 4219 tantum
1794 4169 1847 4227 ,ia
1869 4171 1949 4222 aonio

231 4245 358 4323 tenetur
383 4230 543 4296 restituere
574 4233 801 4310 aequivalenter
828 4236 1002 4310 quantitati
1037 4235 1231 4302 iudicandum
1252 4235 1296 4301 est
1312 4257 1380 4301 eam
1399 4236 1460 4300 else
1476 4236 1655 4310 mortalem,
1675 4234 1803 4321 ideoque
1818 4235 1948 4299 aegnot-

231 4327 274 4372 rer
292 4328 388 4384 qnam
409 4309 501 4376 habet
523 4313 653 4379 alienae.
1037 4318 1246 4393 imponendam
1269 4315 1330 4380 else
1362 4320 1460 4383 totius
1498 4318 1603 4383 damni
1635 4329 1806 4389 reparatio·
1822 4311 1877 4413 ξ’*
1892 4299 1931 4345 '⁸¹

268 4388 335 4464 Qu
351 4410 397 4484 ert,
420 4391 511 4484 culpa
535 4409 662 4457 tantum
691 4389 806 4460 veniali
831 4414 925 4472 grave
947 4392 1001 4459 da·
1035 4417 1124 4461 nem.
1142 4398 1181 4462 Et
1197 4403 1267 4474 quia
1284 4399 1383 4473 potior
1402 4396 1444 4463 est
1464 4396 1602 4464 conditio
1619 4392 1809 4473 possidentia,
1822 4373 1937 4490 ὧᾞξη·

228 4485 337 4533 uiuum
357 4470 449 4535 alitur
470 4473 579 4537 intulit
590 4469 752 4540 secundum
769 4473 1002 4552 probabiliorem
1035 4478 1071 4545 δι
1092 4480 1289 4554 innocentis,
1305 4474 1339 4540 dt
1363 4481 1437 4555 quia
1461 4496 1495 4543 ut
1518 4494 1610 4542 notat
1632 4472 1750 4542 Lell'rur
1773 4473 1807 4536 in

227 4546 530 4640 &communiorem
546 4552 703 4620 dodlorum
724 4574 785 4618 non
808 4573 935 4623 tenetur
966 4557 1002 4621 ad
1037 4559 1178 4637 operibus
1210 4558 1347 4623 externis
1370 4579 1441 4635 quae
1465 4561 1604 4638 graviter
1629 4549 1807 4635 periculosa

229 4645 388 4709 mtegram
413 4634 511 4696 totius
529 4632 631 4698 damni
661 4637 886 4712 reparationem
912 4655 1003 4702 extra
1037 4638 1107 4704 sunt
1137 4659 1205 4703 raro
1231 4640 1420 4718 contingit,
1446 4656 1578 4714 excepto
1602 4634 1810 4708 vehementi,

229 4706 443 4804 contradam),
462 4729 519 4776 aut
538 4712 621 4790 quast
640 4711 848 4794 contradlum,
862 4718 935 4792 quia
956 4721 1001 4781 in·
1037 4719 1070 4786 ἀ
1092 4723 1254 4793 repentino
1270 4717 1442 4796 pasfionum
1458 4723 1594 4794 impetu,
1615 4734 1652 4781 ut
1671 4717 1812 4792 quianon

229 4806 318 4854 turra
348 4792 476 4854 venialis
499 4812 590 4858 extra
612 4791 822 4873 contrabium,
843 4794 1002 4874 autquasi
1039 4816 1162 4865 rantum
1181 4799 1325 4866 attendat
1352 4798 1405 4863 seu
1434 4799 1579 4864 advertat
1596 4813 1745 4873 quantun
1762 4789 1813 4857 sa-

228 4868 427 4964 eontradlum
446 4888 568 4938 tantam
590 4895 696 4952 parere
725 4895 788 4940 non
812 4876 902 4940 debet
928 4877 1004 4942 obli·
1039 4883 1080 4943 tis
1099 4876 1204 4957 fit,&
1223 4879 1424 4946 necessarium
1444 4878 1482 4942 ad
1497 4877 1613 4943 lethale
1632 4891 1811 4953 peccatuma
1906 4899 1909 4903 ·

232 4962 576 5029 nationemquantam
596 4955 710 5020 iniuria
739 4957 840 5034 gravis
861 4956 896 5022 dt
915 4955 1004 5034 plene
1040 4958 1124 5027 Nam
1140 4979 1160 5020 o
1203 4965 1372 5038 sgraviter
1390 4957 1589 5036 periculosum
1609 4952 1810 5037 naturaliter,
1906 4996 1909 5001 -

233 5021 432 5123 volumnum
463 5052 537 5107 nam
561 5033 713 5118 obligatio
741 5033 921 5101 restituendi
949 5040 1005 5102 ml·
1039 5039 1074 5106 dt
1089 4981 1201 5116 quallu
1194 5036 1300 5117 sponte
1316 5037 1369 5104 lua
1384 5043 1498 5104 urentis
1521 5034 1749 5102 advertentiam
1765 5032 1813 5125 il*

231 5118 289 5171 nur
309 5100 440 5175 sumatur
459 5127 530 5181 tam
551 5132 593 5182 ex
614 5113 939 5208 percontrarium
963 5138 1006 5187 ex
1040 5122 1144 5198 citat,
1163 5117 1278 5211 etipsa
1296 5120 1489 5260 experientga
1509 5110 1812 5193 faciledeprehendr·
1903 5184 1908 5194 ,

998 5240 1001 5248 .
1515 5213 1532 5256 2
1720 5210 1772 5256 rur
